3517 5525
314 398 379 481 lat
792 402 836 466 oc
853 412 959 469 nouum
978 387 1070 474 sion
1088 411 1176 466 ιιιιιιι

313 592 438 673 periodo
460 590 587 665 Martis,
611 591 704 657 multo
727 559 899 672 perplexius
927 528 1274 673 est-negotiimcerta
1297 591 1364 652 loca
1386 581 1451 670 ejus
1474 584 1664 670 geometrice

317 681 454 743 definire:
488 688 521 740 et
548 679 676 742 involvit
703 696 842 760 magnum
874 680 948 742 illud
976 684 1178 762 paradoxum,
1217 683 1293 762 qood
1320 679 1399 744 inter
1427 679 1655 742 observationes

313 770 383 832 anni
409 766 491 832 1593
515 769 666 849 Tychonis
688 762 787 832 Brahe
810 789 899 832 manu
922 768 970 832 his
994 771 1092 832 verbis
1116 771 1296 832 inculcatum
1324 769 1441 849 reperi:

399 875 621 930 Considerationc
642 877 755 946 dignum
775 885 833 941 est,
855 880 926 948 quod
946 862 1021 932 Mars
1043 879 1116 932 circa
1142 876 1272 934 decimam
1292 877 1363 933 diem
1382 878 1503 948 rugoso
1526 876 1656 930 habuerit

312 957 460 1014 maximam
478 956 653 1013 latitudinem
673 958 840 1020 austrinam,
862 967 892 1012 et
905 965 1005 1028 postea
1025 959 1190 1022 decreverim
1212 959 1254 1012 ita
1273 968 1306 1013 ut
1318 961 1362 1012 die
1378 953 1422 1014 24.
1437 957 1465 1010 in
1479 956 1653 1027 oppositione

312 1034 511 1110 quasi'quorta
530 1042 612 1105 parte
635 1041 739 1108 vadus
769 1039 883 1108 propior
912 1039 1056 1108 eclipticas
1085 1039 1207 1094 redditus
1228 1040 1277 1102 sit,
1308 1041 1379 1110 quod
1404 1047 1498 1093 tamen
1525 1053 1654 1098 canones.
1686 1055 1698 1082 ι

312 1119 396 1173 etiam
423 1125 545 1170 correcto
574 1117 729 1172 latitudinis
757 1118 896 1183 maximae
925 1121 998 1183 loco,
1029 1120 1057 1173 in
1087 1115 1137 1174 18Β
1161 1120 1277 1190 Aquarii
1306 1133 1479 1191 nequaquam
1509 1117 1654 1179 exhibent,

311 1200 548 1271 quomodocunque
573 1205 732 1253 assumatur
755 1199 813 1253 illic
839 1199 960 1253 maxima
985 1199 1120 1254 latitudo:
1150 1199 1228 1270 cujus
1249 1201 1289 1254 rei
1311 1216 1396 1254 causa
1420 1199 1542 1254 studioso
1563 1197 1652 1268 inqui·

311 1281 398 1334 reoda
418 1277 502 1333 venit.

399 1376 510 1436 Postea
530 1392 600 1457 ‚cum
622 1372 661 1433 ad
684 1372 781 1453 ipsom
803 1374 833 1435 in
848 1372 1023 1436 Bohemiaru
1045 1377 1195 1438 venissem
1218 1383 1249 1436 et
1271 1373 1392 1455 saepius
1408 1375 1444 1436 de
1459 1375 1652 1440 latitudinum

309 1465 442 1526 ratione
459 1461 689 1542 quaesivissem,
720 1462 828 1542 illeque
852 1463 938 1538 milri,
968 1464 1062 1526 nodos
1085 1467 1116 1526 in
1139 1464 1214 1526 locis
1238 1484 1305 1526 esse
1325 1465 1473 1544 oppositis
1489 1474 1520 1525 et
1536 1467 1651 1528 sectio-

310 1573 377 1614 nem
407 1551 534 1613 transire
562 1570 615 1630 per
643 1560 784 1630 punctum
815 1553 906 1614 medii
936 1555 994 1614 loci
1017 1554 1097 1616 Solis
1127 1573 1179 1616 seu
1201 1573 1255 1636 per
1278 1563 1413 1614 centrum
1435 1553 1559 1635 epicycll
1585 1554 1651 1632 ejus
1692 1617 1700 1631 ,

309 1644 361 1715 (de
385 1641 490 1723 quibos
514 1641 650 1720 sequenti
672 1659 739 1722 cap.
762 1639 910 1714 LXVII.)
935 1643 1052 1722 aliaque
1075 1643 1169 1704 multa
1182 1643 1401 1704 recensuisset:
1428 1643 1482 1703 hac
1498 1643 1652 1704 mentione

309 1729 563 1792 commonefactus
586 1729 623 1792 de
646 1729 703 1790 hoe
731 1731 851 1809 negotio
875 1741 927 1796 hoc
950 1732 1060 1812 inquit,
1084 1749 1128 1796 est
1147 1741 1279 1806 mirabile,
1301 1741 1462 1796 ladtodiocs
1483 1743 1541 1796 fleri
1563 1741 1650 1796 maxi

307 1847 366 1907 mas
387 1836 452 1888 ante
472 1830 517 1883 vel
537 1838 603 1902 post
623 1831 808 1902 oppositiones
829 1845 890 1885 com
910 1831 989 1885 Sole:
1028 1821 1111 1900 cujus
1144 1822 1186 1881 rei
1223 1821 1331 1882 mentio
1362 1821 1444 1882 faeta
1476 1830 1525 1882 est
1560 1823 1653 1882 ctiam

311 1930 401 1990 supra
424 1909 522 1989 capite
545 1904 619 1970 XV.

397 1999 529 2061 Causam
553 1998 671 2099 qnidam
694 1998 738 2058 rei
761 1998 897 2060 continet
912 2017 982 2060 vera
1000 1995 1261 2078 hypothesist
1191 1997 1261 2058 latit
1262 1995 1358 2057 odinis
1378 1997 1434 2058 hae
1446 2006 1532 2078 parte
1547 1998 1652 2078 quinta
1702 2060 1708 2071 ,

311 2087 460 2157 stabilita:
499 2083 641 2148 terminos
672 2105 745 2148 vero
776 2087 972 2150 maximarum
1005 2085 1194 2148 latitudinum
1226 2086 1305 2147 haud
1328 2087 1447 2147 facilius
1469 2087 1651 2166 geometrice

310 2175 519 2257 inquisiveris,
573 2195 660 2257 qoam
684 2175 876 2254 'Apollonios
912 2177 1065 2254 Pergaeus
1102 2175 1255 2256 inquisivit
1295 2175 1438 2237 terminos
1475 2177 1650 2238 stationum.

312 2266 568 2338 Quemadmodum
592 2264 670 2324 enim
694 2265 732 2333 in'¹
747 2265 802 2325 hoc
826 2265 946 2344 negotio
964 2267 1124 2326 stationum
1144 2273 1215 2324 nota
1231 2265 1374 2344 quaedam
1393 2272 1495 2344 potest
1510 2265 1650 2338 describi,

309 2376 369 2437 qua
390 2364 533 2416 noscatur
557 2353 639 2414 locus
662 2351 825 2417 stationum
850 2355 912 2424 (est
935 2359 1034 2415 autem
1058 2355 1127 2428 ista,
1151 2353 1268 2433 quando
1292 2351 1371 2414 linea
1387 2353 1509 2414 visionis
1530 2355 1650 2428 Martis,

312 2445 408 2509 Terra
438 2450 544 2517 eunte,
577 2440 740 2521 parallelos
771 2452 872 2502 manet
904 2441 960 2503 sibi
993 2442 1082 2522 ipsi);
1120 2461 1156 2502 ex
1193 2451 1265 2504 nota
1293 2462 1364 2504 vero
1401 2443 1464 2504 sine
1493 2443 1650 2522 multiplici

313 2533 426 2594 calculo
447 2532 532 2592 loeus
555 2531 696 2605 stationis
721 2551 740 2590 a
762 2530 853 2609 priori
871 2531 1067 2592 demonstrari
1083 2531 1192 2612 nequit,
1215 2531 1253 2592 nb
1270 2531 1471 2592 confusionem
1490 2533 1652 2594 multarum

295 2630 486 2685 “causarums
522 2619 565 2680 sic
590 2619 679 2680 ctiam
710 2639 757 2680 res
788 2619 916 2679 liabet'
908 2636 936 2678 ιιι
968 2621 1122 2681 latitudine
1154 2621 1259 2700 quavis
1290 2621 1353 2682 viee
1384 2620 1523 2682 maxima.
1569 2621 1650 2682 Nam

312 2719 382 2772 tnnc
405 2709 525 2789 quidem
546 2717 595 2771 est
617 2708 744 2770 latitudo
764 2708 907 2802 munima,
937 2709 1054 2788 quando
1083 2709 1229 2771 distanti-o
1251 2709 1359 2771 Martis
1383 2729 1401 2771 a
1423 2711 1518 2773 Terra
1541 2709 1652 2773 crescit

312 2800 360 2863 vel
383 2799 532 2861 decrescit
554 2799 657 2859 eadem
680 2774 889 2878 proportione,
923 2818 981 2877 qua
1008 2807 1144 2859 crescunt
1132 2799 1214 2859 tvel
1237 2800 1415 2861 decrescunt
1439 2800 1534 2861 lineae
1557 2800 1649 2869 incli-

311 2888 467 2956 nationum
488 2886 615 2949 Martis:
641 2893 672 2948 et
694 2894 784 2966 anget
785 2906 819 2947 ur
843 2888 980 2966 lqtitodm
1005 2888 1121 2967 quando
1143 2878 1295 2968 proportio
1320 2889 1481 2949 distantiae
1505 2889 1571 2967 plus
1594 2888 1650 2951 de-

312 2977 437 3052 crescit,
461 2996 552 3057 qoam
571 2977 723 3056 proportio
747 2976 889 3037 linearum
914 2976 1131 3050 inclinationis,
1164 2985 1216 3037 aut
1238 2979 1355 3057 quando
1378 2976 1432 3039 illa
1454 2980 1648 3039 decrescente

308 3068 385 3129 haec
418 3076 523 3134 contra
555 3064 673 3127 crescit.
710 3065 861 3128 Vicissim
889 3065 1029 3126 minuitur
1053 3064 1194 3143 latitudo,
1224 3065 1272 3127 vel
1300 3067 1418 3146 quando
1449 3068 1515 3146 plus
1539 3067 1651 3131 crescit

306 3141 456 3219 distantia
471 3153 582 3215 Martis
597 3175 616 3213 a
629 3156 724 3215 Terra
738 3174 826 3233 qoam
840 3155 936 3215 lineae
951 3154 1185 3228 inclinationis,
1176 3172 1205 3214 ιιι
1217 3156 1431 3234 soaqoaelrbet
1439 3170 1649 3236 proportione

311 3243 360 3305 vel
392 3243 509 3324 quondo
542 3244 665 3305 distaot'
643 3252 687 3305 tra
718 3253 872 3305 crescente
904 3243 973 3307 illae
1006 3242 1183 3305 minuuntur.
1237 3244 1321 3304 llaec
1352 3254 1449 3306 autem
1481 3244 1649 3325 promiscue

310 3334 414 3395 finnt
401 3351 467 3413 Jnm
490 3331 535 3393 in
544 3333 746 3414 oppositione,
768 3333 832 3410 jam
855 3341 924 3393 ante
944 3332 1008 3411 J'am
1031 3342 1117 3412 post;
1139 3340 1228 3410 prout
1251 3333 1399 3411 oppositio
1415 3334 1460 3394 vel
1477 3333 1648 3395 inlrmrtem
1699 3321 1706 3336 ⁹

311 3424 464 3494 inciderit,
502 3422 651 3483 velante
682 3427 735 3481 ant
755 3430 826 3500 post
847 3421 980 3499 limitem.
1032 3422 1117 3483 Haec
1148 3421 1192 3481 ita
1214 3423 1297 3499 sequi
1321 3441 1357 3483 ex
1375 3422 1470 3503 hypo
1457 3423 1536 3484 hesi
1559 3422 1649 3501 hujus

313 3512 423 3591 operis,
446 3508 576 3590 probant
597 3507 920 3587 meaeEphemerides,
958 3512 1046 3574 Anno
1066 3504 1157 3571 toul.
1182 3508 1326 3573 circa25.
1342 3510 1413 3573 Feb.
1435 3506 1527 3573 volti.
1543 3510 1657 3576 Martii·

315 3603 371 3665 fuit
391 3598 523 3659 maxima
545 3599 672 3659 latitudo
695 3599 803 3671 borea,
832 3617 898 3659 com
927 3598 1041 3698 integro
1064 3618 1164 3659 mense
1188 3610 1360 3679 sequeretur
1384 3596 1543 3680 oppositio.
1588 3600 1650 3663 Vi-

313 3688 414 3752 cissim
437 3683 490 3751 27.
514 3686 597 3765 Sept.
622 3688 670 3746 vel
694 3686 723 3746 7.
748 3685 819 3749 Oet.
842 3686 899 3748 tirit
921 3688 1050 3749 maxima
1073 3688 1200 3751 latitudo
1224 3688 1366 3763 neustrios,
1391 3708 1458 3751 cunr
1471 3690 1576 3751 Mars'
1569 3700 1649 3753 inter

316 3778 470 3860 quintilem
495 3784 526 3837 et
548 3774 685 3837 sextilem
700 3767 781 3838 Solis
805 3786 983 3838 versaretur.
1028 3776 1158 3839 Rursum
1182 3779 1237 3838 fine
1261 3776 1331 3839 anni
1350 3772 1432 3841 1605
1448 3781 1504 3842 l'uit
1518 3770 1667 3841 maxima'

315 3866 443 3929 latitudo
472 3864 578 3937 borea,
608 3863 679 3926 Sole
708 3885 728 3924 a
758 3863 874 3943 quintili
904 3867 942 3925 ad
973 3867 1148 3943 quadratum
1170 3864 1280 3930 Martis
1309 3878 1406 3929 eunte.
1451 3868 1493 3929 Et
1515 3866 1648 3929 vicissim

313 3950 391 4019 anno
420 3948 513 4017 1606.
536 3951 614 4014 Julii
635 3956 692 4013 tine
722 3953 852 4015 maxima
878 3954 935 4015 fuit
961 3954 1087 4015 latitudo
1117 3957 1263 4035 austrina,
1286 3956 1358 4021 Sole
1382 3954 1410 4019 in
1439 3958 1516 4021 trino
1538 3956 1649 4018 Martis

313 4052 462 4107 versante.
508 4044 597 4106 Anno
627 4060 699 4101 vem
735 4040 816 4105 1607
849 4043 979 4103 maxima
1011 4044 1102 4107 borea
1130 4044 1258 4107 latitudo
1285 4045 1432 4127 contingit
1449 4046 1548 4127 paolo
1576 4054 1648 4126 pout

312 4132 550 4216 conjunctionem
565 4130 674 4193 Martis
696 4151 762 4192 com
786 4130 866 4194 Sole.

399 4241 509 4312 Causa,
532 4256 586 4302 cor
607 4236 682 4299 hacc
705 4238 734 4298 io
760 4238 854 4301 veteri
876 4239 1060 4301 astronomia
1082 4238 1157 4299 mira
1179 4240 1345 4317 videantur,
1369 4240 1570 4321 potissimam
1589 4245 1645 4311 lroc

314 4341 371 4406 est,
394 4330 469 4409 quod
493 4328 685 4392 Ptolemaeos
709 4329 857 4406 ceterique
882 4329 962 4391 hunc
980 4326 1089 4389 imitati
1109 4337 1206 4391 motus
1220 4330 1645 4397 intricatissimoaioolinatio-
1677 4351 1683 4359 ·

310 4440 388 4494 nom,
413 4416 623 4491 deviationem,
646 4417 836 4479 reflexionom
860 4418 1071 4481 confinxerunt.
1110 4415 1184 4480 Com
1209 4420 1286 4480 enim
1301 4416 1644 4489 haereretPtolemaeos

310 4510 341 4572 in
364 4505 488 4603 epicycli
519 4505 750 4585 imaginatione,
787 4505 913 4584 primum
944 4514 1031 4585 atque
1056 4502 1145 4594 vidit,
1184 4508 1215 4569 in
1250 4510 1435 4591 oppositione
1456 4525 1531 4573 coro
1562 4512 1645 4585 Sole,

310 4598 427 4679 quando
460 4590 582 4675 planeta
612 4594 775 4697 videtur,
775 4596 858 4655 exire
885 4591 1019 4657 illumin
1042 4555 1162 4675 plagam
1185 4614 1291 4661 onam:
1325 4598 1431 4664 statim
1453 4596 1645 4705 conjecturae

309 4688 444 4759 indulsit,
468 4702 622 4758 asserens,
646 4683 675 4743 in
700 4683 903 4760 conjonctione
926 4699 992 4745 cum
1016 4684 1107 4760 Sole,
1131 4687 1254 4763 quando
1270 4706 1328 4749 non
1350 4687 1486 4761 videor
1510 4691 1591 4754 exire
1613 4692 1643 4753 in

308 4777 430 4857 plagam
453 4773 498 4835 alt
485 4781 597 4846 teram3
619 4779 673 4836 aot
694 4771 724 4832 in
748 4771 918 4833 universum
939 4792 993 4834 eon
995 4769 1118 4837 tranium
1142 4774 1206 4854 ejus
1229 4776 1335 4849 lacere,
1360 4778 1439 4857 qood·
1460 4778 1541 4844 vidit
1559 4780 1644 4844 ilmm

313 4866 343 4926 in
375 4862 562 4943 oppositione
586 4862 704 4922 lacere:
736 4860 854 4921 scilieet
883 4863 1038 4945 utaliqua
1061 4868 1142 4923 esset
1164 4862 1367 4943 europensatio
1389 4872 1421 4925 et
1444 4868 1644 4931 restitutionis

312 4953 481 5033 aequalitas
504 4948 751 5029 cohaerentiaqoe
774 4967 839 5011 enm
862 4948 943 5013 Sole.
991 4952 1055 5014 Hoc
1081 4968 1153 5012 raro
1185 4966 1241 5015 nnn
1265 4966 1312 5017 est
1334 4954 1519 5019 observando
1541 4974 1645 5021 verum
