3517 5525
257 377 323 450 ‘sat
478 402 483 418 =
847 365 1013 453 manoe

259 562 380 646 punctis
394 562 440 640 Μ,
456 561 618 645 Ptotoque
641 560 752 626 circulo
774 579 829 644 per
850 561 905 624 illa
926 563 1066 625 traducto
1080 559 1135 624 Sol
1150 559 1255 625 ultimo
1275 551 1466 628 totusiideri
1484 573 1600 648 potest

259 654 377 717 Exinde
409 650 488 714 enim
512 671 569 731 quo
592 651 688 732 magis
711 651 894 732 ingredimur
915 652 955 712 ad
978 650 1134 726 interiora,
1162 651 1229 713 boc·
1243 649 1310 731 plus
1328 653 1463 718 -de·Sole
1489 656 1605 737 tegitur

236 763 281 804 ·a
302 742 406 815 Luna,
440 739 538 821 quoad
569 749 690 804 ventum
713 740 805 803 fuerit
827 739 866 808 ad
888 740 1030 803 circulum
1053 759 1108 822 per
1128 740 1173 816 N,
1203 738 1366 822 Opuuota
1388 745 1526 820 ductum,
1554 745 1606 808 ubi

262 839 345 894 totus
368 829 422 896 Sol
445 829 508 908 tegi
531 829 645 910 inalpit

349 917 534 980 Definitio
558 919 614 982 III.
660 917 796 980 Discus
825 903 964 980 Terrae
986 925 1035 980 est
1056 916 1186 981 circulus
1207 937 1299 999 prope
1322 920 1471 983 maximus
1492 921 1608 984 illumi-

261 1007 391 1070 nationis
414 1007 554 1082 Telluris,
578 1027 676 1070 axem
689 1006 810 1069 umbrae
825 1007 936 1070 Terrae
959 1006 1248 1087 perpendiculariter
1261 1028 1369 1070 secans
1386 1028 1480 1090 prope
1494 1013 1608 1073 Terrae

236 1107 404 1171 ,centrum
439 1096 550 1166 Discus
574 1096 693 1169 dicitur,
716 1096 785 1177 quia
807 1095 945 1174 fingimus
969 1095 1155 1176 superficiem
1168 1096 1299 1160 Telluris
1320 1098 1521 1209 illuminatam
1534 1117 1610 1182 pro·

258 1187 372 1268 J'ectam
395 1204 462 1248 esse
485 1186 515 1248 in
538 1186 660 1266 planum
684 1185 771 1264 hujus
793 1183 908 1247 circuli.

778 1330 980 1407 Theorema
1006 1344 1093 1409 VIII.

262 1451 433 1532 Angelus
461 1450 676 1532 apparentis
704 1469 747 1512 ex
775 1459 908 1513 centro
936 1450 1069 1513 Terrae
1099 1450 1369 1515 semidiametri
1396 1451 1547 1518 luminis
1575 1453 1612 1516 iu

264 1543 346 1606 loco
375 1541 560 1606 transitus
584 1540 707 1604 Lunae
731 1545 789 1602 est
810 1539 983 1621 aequalis
1010 1540 1198 1620 parallaxi
1225 1541 1349 1604 Lunae
1381 1543 1613 1604 horizontali

518 1637 556 1690 et
577 1629 849 1693 semimuoroui
872 1628 1016 1697 umbrae
1039 1630 1183 1692 Terrae
1201 1629 1357 1710 junctis.

351 1719 387 1782 Iu
415 1719 569 1781 schemate
598 1716 628 1780 2.
653 1719 696 1780 sit
724 1719 807 1780 loona
831 1718 978 1782 transitus
1001 1718 1117 1781 Lunae·
1130 1737 1185 1798 per
1207 1720 1305 1782 lumen
1327 1721 1417 1797 HIT,
1448 1719 1494 1782 III
1517 1720 1614 1783 semi-

265 1809 411 1871 diameter
449 1807 578 1870 lumiuis.
642 1807 778 1870 Ducatur
805 1807 876 1882 ΗΒ,
907 1806 966 1869 erit
993 1801 1066 1869 lBH
1093 1807 1256 1896 angulus
1246 1828 1277 1869 m
1305 1816 1407 1871 centro
1437 1810 1613 1873 TerraeB.

265 1895 392 1978 Igitur
383 1915 413 1959 ru
437 1900 473 1968 Δ
496 1895 581 1961 ΗΟΒ
605 1905 654 1959 est
675 1897 748 1960 HBI
776 1897 973 1958 exterior:
995 1894 1080 1959 BHG
1104 1891 1149 1975 -l-
1168 1894 1262 1972 BOH,
1286 1897 1478 1961 interioribus
1501 1906 1533 1960 et
1553 1916 1614 1978 op-

264 1986 389 2066 positis;
426 1985 480 2047 sed
503 1985 588 2050 BHG
622 1985 652 2048 b.
681 2003 708 2046 e.
739 1983 823 2048 ΒΗΕ
855 1991 905 2048 est
934 1984 1101 2066 parallaxis
1136 1983 1332 2050 horizontalis
1361 1986 1464 2068 puncti
1493 1989 1523 2050 Η
1561 2006 1616 2049 seu

269 2075 401 2143 tunae·
392 2093 423 2136 m
447 2093 492 2146 eo,
516 2085 547 2136 et
569 2073 655 2138 BCH
678 2079 727 2136 est
749 2075 927 2137 semimucro
952 2074 1084 2136 umbrae.
1130 2072 1169 2146 Q.
1192 2074 1231 2137 Ε.
1254 2076 1294 2138 D.
1345 2156 1348 2161 Ι

802 2233 1005 2296 Problema
1021 2233 1114 2301 III.
1177 2250 1180 2255 ⁴
1228 2264 1235 2276 ·

268 2341 381 2404 Datis
418 2341 678 2422 parallaxibus
713 2341 946 2403 luminarium
984 2350 1020 2403 et
1047 2339 1329 2403 semidiametro
1363 2340 1465 2404 Solis
1498 2360 1617 2423 appa-

354 2479 355 2486 .
385 2467 387 2470 -
522 2430 633 2506 renti,
658 2429 827 2493 invenire
851 2429 1165 2505 semidiametrum
1190 2429 1356 2493 luminis.

275 2549 283 2556 ·
354 2519 406 2582 Ad
432 2519 602 2600 parallaxin
640 2519 744 2584 Luuae
771 2519 986 2582 horizontalem
1014 2519 1092 2580 addo
1123 2519 1231 2581 semid.
1255 2516 1338 2582 Solis
1343 2526 1575 2609 apparentem,
1598 2538 1618 2581 a

270 2627 386 2672 summa
409 2607 493 2671 aufer
516 2608 684 2689 perallaxin
709 2607 806 2671 Solis:
830 2608 879 2670 vel
902 2607 981 2688 quod
1003 2585 1096 2670 idem
1105 2616 1163 2678 est,
1186 2608 1302 2688 conjice
1316 2600 1346 2670 in
1365 2627 1453 2671 unam
1469 2627 1618 2670 summam

269 2697 438 2779 parallaxiu
461 2695 566 2760 Lunae
590 2718 608 2759 a
631 2696 703 2762 Sole
727 2708 759 2760 et
783 2697 1037 2762 semidiametram
1056 2697 1158 2774 Solis,
1187 2697 1288 2780 prodit
1310 2697 1446 2781 utrinque
1469 2698 1618 2760 semidia-

157 2854 159 2862 ,
270 2796 365 2851 meter
387 2786 507 2852 luminis
530 2798 689 2870 apparens.
713 2788 799 2861 (Vid.
823 2786 921 2911 probi.
944 2788 986 2862 1.)
1159 2800 1164 2807 '

727 2914 728 2921 ¹
797 2945 1007 3017 Theorema
1027 2948 1085 3011 lx„
1213 2979 1216 2983 ⁴

270 3054 476 3137 Duplioata
508 3055 629 3118 Lunae
657 3053 911 3136 parallaxia
902 3074 936 3115 ru
964 3060 1070 3116 certa
1092 3054 1281 3116 distantia
1303 3052 1430 3117 Lunae
1453 3076 1472 3116 a
1494 3054 1617 3117 Terra

323 3152 468 3226 aequat
495 3152 727 3224 apparentes
754 3144 789 3205 iu
813 3143 944 3205 eadem
966 3138 1166 3206 distantia
1185 3144 1351 3206 a'l'erra
1376 3144 1562 3207 semidia-

569 3240 716 3295 metros
744 3233 895 3296 umbrae
922 3232 1065 3294 Terrae
1095 3240 1127 3296 et
1153 3232 1317 3296 luminis.

360 3321 440 3383 Nam
452 3320 678 3384 semidiameter
691 3321 809 3384 luminis
822 3320 944 3383 excedit
956 3321 1125 3401 parallarin
1141 3322 1245 3385 Lunae
1261 3320 1620 3385 semimucroneumbrae.

274 3412 333 3486 (tlt
365 3410 471 3485 VIII.)
515 3410 561 3473 At
592 3410 813 3482 semidiameter
846 3410 968 3472 umbrae
995 3410 1091 3474 minor
1118 3418 1168 3473 eet
1196 3411 1303 3484 ‚Lunae
1333 3410 1483 3491 parallaxi
1512 3409 1622 3472 eodem

199 3557 201 3563 .
275 3499 489 3563 semimucrone
514 3498 651 3563 umbrae:
672 3500 796 3579 junctae
819 3498 912 3579 igitur
934 3498 1148 3563 semidiametri
1161 3500 1282 3565 luminis
1302 3508 1334 3563 et
1350 3500 1472 3562 umbrae
1490 3508 1623 3579 aequant

276 3591 350 3652 duas
374 3587 545 3669 parallaxes
567 3589 681 3665 Lunae,
705 3606 832 3651 excessu
854 3598 1066 3669 compensante
1090 3590 1239 3652 defectum
1262 3589 1427 3671 aequalem.
1465 3589 1548 3665 Ergo
1563 3588 1629 3650 eo,

274 3678 403 3744 Breviua
438 3695 476 3738 ex
509 3676 679 3741 schemate:
725 3676 799 3739 ΙΒΗ
821 3686 945 3757 superat
966 3678 1050 3741 Bflu
1077 3679 1186 3759 angulo
1208 3676 1291 3742 Bor:
1331 3698 1399 3741 cum
1421 3676 1515 3751 ΒΗΕ,
1540 3675 1621 3739 Bru

688 3764 771 3829 Gur
793 3774 951 3847 superatur
972 3766 1053 3831 Bru
1076 3769 1184 3849 angulo
1206 3766 1289 3831 Bou
1355 3766 1417 3829 siut
1442 3766 1598 3849 aequales.

814 3893 1017 3992 Theorema
1038 3926 1079 3993 Χ-.

277 4036 450 4120 Angelus
472 4032 709 4117 apparentis
733 4032 1013 4097 semidiametri
1036 4034 1165 4096 Lunae
1187 4038 1381 4096 excentro
1396 4034 1537 4096 Terrae
1561 4042 1626 4097 est

171 4128 179 4147 “
278 4126 464 4221 aequalis
483 4122 629 4207 junctis
653 4123 959 4199 semidiametris,
983 4122 1088 4186 Solis
1112 4142 1154 4185 ex
1170 4127 1302 4185 centro
1322 4117 1506 4184 Terrae
1484 4124 1560 4185 visi
1584 4132 1627 4186 et

323 4217 472 4282 umbrae
495 4213 624 4277 Lunae
649 4212 748 4292 apud
764 4223 935 4275 centrum
959 4212 1105 4275 Terrae
1128 4212 1244 4275 velut
1263 4230 1307 4273 ex
1330 4211 1431 4273 Luna
1454 4212 1577 4274 visae.

365 4308 402 4369 In
434 4304 588 4366 schemate
619 4309 834 4365 connectantur
866 4308 979 4382 puncta
1007 4301 1047 4376 L,
1075 4302 1111 4363 B.
1157 4301 1280 4381 Ergo
1270 4320 1302 4362 m
1324 4304 1361 4369 Δ
1383 4300 1466 4363 IRB
1491 4302 1626 4363 exterior

282 4399 351 4461 LBI
374 4402 422 4459 est
445 4392 581 4473 aequalis
605 4391 796 4454 interioribus
820 4398 852 4451 et
875 4388 1022 4472 oppositis
1045 4389 1138 4465 BLR,
1161 4390 1255 4453 BRL.
1300 4388 1362 4451 Sed
1377 4388 1446 4452 LBI
1467 4398 1516 4451 est
1530 4391 1624 4451 semi-

283 4486 429 4549 diameter
459 4482 562 4543 Luuae
597 4500 634 4542 ex
662 4488 764 4543 centro
793 4477 904 4540 Terrae
932 4497 1095 4560 apparens,
1132 4485 1165 4540 ct
1186 4478 1284 4554 BLR,
1317 4478 1349 4539 id
1376 4487 1424 4541 est
1445 4477 1545 4553 BLO,
1576 4489 1626 4541 est

277 4574 386 4640 semid.
417 4570 537 4634 umbrae
569 4570 734 4631 constituta
763 4568 800 4629 ad
828 4575 961 4629 centrum
990 4569 1103 4631 Terrae
1123 4568 1150 4630 B
1174 4577 1206 4630 et
1232 4582 1381 4647 apparens
1405 4586 1442 4628 ex
1465 4568 1492 4629 L
1513 4578 1625 4647 puncto

285 4664 411 4727 Lunae.·
431 4656 557 4739 denique
578 4658 673 4735 BRL,
696 4656 727 4719 b.
750 4676 777 4723 e.
801 4655 890 4719 ARD
913 4665 962 4719 eet
985 4657 1203 4720 semidiameter
1226 4656 1308 4719 Solis
1331 4665 1500 4734 expuncto
1515 4657 1545 4717 R
1568 4676 1626 4737 ap-

284 4770 405 4834 parens,
427 4747 508 4832 quod
530 4764 647 4826 semper
670 4752 719 4807 est
739 4744 873 4827 proxime
896 4744 922 4807 B
946 4752 1078 4809 centrum
1101 4746 1222 4809 Terrae.
1269 4744 1351 4825 Ergo
1375 4744 1428 4807 lac.
1459 4762 1488 4827 q.
1506 4744 1579 4807 ed.
1607 4768 1610 4771 ⁴

374 4835 650 4902 Corollarium.
692 4833 815 4897 Summa
837 4833 1123 4897 semidiametromm
1146 4832 1229 4896 Solis
1253 4842 1283 4895 et
1298 4834 1402 4897 Lunae
1416 4844 1626 4916 aequatsum-

287 4946 367 5011 mam
390 4944 429 5001 ex
452 4925 600 4991 diametro
623 4920 704 4987 Solis
727 4932 759 4985 et
780 4922 1000 4988 semidiametro
1021 4923 1143 4987 umbrae
1165 4922 1280 4985 Lunae.
