3517 5525
597 431 674 524 ,Pars
694 425 798 496 Quarta.
834 427 916 500 Caput
933 427 1020 486 XLIX·
1424 423 1488 500 357

148 626 214 673 cum
237 609 371 695 epicyclo
393 611 552 692 promovit,
575 619 609 672 ut
631 618 764 674 centrum
788 611 912 693 epicycli
925 611 956 673 D
980 617 1064 673 esset
1079 611 1110 672 in
1123 608 1181 673 AO
1204 609 1294 687 lInea,
1318 631 1383 674 oum
1405 612 1489 693 prius

149 699 178 761 iu
203 700 260 762 AB
285 709 375 763 esset.
421 701 482 762 Illa
505 718 576 762 vero
599 699 708 776 virtus,
734 719 809 780 quae
832 710 966 763 centrum
989 699 1115 782 epicycli
1138 700 1327 781 circumagit,
1357 709 1490 781 tempore

147 808 202 868 per
225 785 307 852 360⁰
334 792 453 869 signato
486 795 586 850 movet
617 809 670 869 per
701 785 782 853 360⁰
814 809 866 854 seu
901 796 1028 872 quatuor
1056 797 1155 851 rectos
1188 788 1267 851 circa
1292 789 1338 861 A,
1369 799 1493 870 propter

148 873 360 953 &standarum
375 875 441 942 360
459 897 614 942 smnmam.
654 877 735 956 Ergo
759 874 833 940 llata
856 875 971 940 summa
993 878 1108 959 aliquot
1130 877 1341 940 distantiarum
1357 897 1394 939 ex
1409 877 1492 943 CDE

147 974 283 1045 tempore
301 976 336 1029 ut
350 967 506 1036 hactenus,
531 965 650 1029 dabitur
673 965 763 1029 etiam
782 969 908 1048 angulus
924 968 1019 1029 DAB.
1059 964 1156 1037 Quam
1175 969 1251 1028 enim
1266 967 1492 1046 impressionem

146 1055 224 1117 facit
255 1055 309 1116 Sol
338 1055 369 1118 in
400 1073 508 1136 corpus
536 1055 676 1135 planetae
705 1074 758 1135 per
789 1057 956 1118 mediantes
986 1056 1147 1118 distantias
1169 1057 1243 1130 AB,
1266 1055 1333 1130 ΑΕ,
1368 1056 1494 1117 eandem

146 1145 269 1226 ponitur
293 1143 385 1206 etiam
411 1146 509 1208 lacere
533 1145 758 1226 impressionem
781 1145 811 1206 in
835 1153 971 1208 centrum
993 1146 1117 1227 epicycli
1133 1143 1209 1207 GD:
1232 1153 1392 1225 propterea
1415 1144 1493 1225 quod

146 1233 282 1316 planeta,
307 1235 332 1295 si
356 1251 389 1295 se
413 1233 477 1313 ipse
501 1249 558 1294 non
583 1233 767 1296 extricasset
787 1234 903 1296 interea
925 1252 1031 1296 versus
1053 1235 1079 1295 B
1103 1254 1141 1294 ex
1163 1233 1248 1296 radio
1278 1234 1412 1317 virtuoso
1435 1234 1491 1295 AB

146 1321 197 1382 vel
219 1321 287 1398 Ac,
313 1322 367 1383 sed
389 1329 507 1383 tantum
532 1320 738 1385 descendisset
761 1323 799 1384 ad
823 1322 935 1396 Solem,
960 1332 1030 1385 tunc
1053 1323 1150 1384 adhuc
1171 1329 1255 1383 esset
1276 1322 1307 1383 in
1326 1322 1383 1387 Ac
1407 1322 1491 1401 ejus-

132 1427 205 1490 eque
229 1418 339 1491 puncto
363 1411 399 1486 F,
422 1411 451 1470 in
475 1430 534 1491 qua
557 1411 638 1472 linea
660 1419 692 1472 et
713 1412 811 1492 ipsum
832 1411 862 1472 D
886 1419 1019 1473 centrum
1051 1412 1175 1493 epicycli
1206 1411 1295 1472 inest
1305 1408 1339 1486 ¹⁸³)
1383 1409 1495 1472 Extri-·

138 1498 230 1573 ,cavit
252 1507 352 1561 autem
377 1517 445 1562 sese
468 1498 536 1578 lege
560 1499 723 1581 epicyclica
745 1510 776 1562 et
800 1491 1060 1574 dissonarent,
1084 1501 1194 1581 angulo
1213 1497 1295 1562 CDE
1319 1501 1390 1574 (hoc
1413 1499 1490 1560 enim

147 1588 214 1650 vult
237 1587 336 1670 opinio
360 1607 426 1670 cap.
449 1585 549 1662 XLV,
574 1586 620 1650 cui
643 1589 692 1652 hic
716 1591 898 1669 operamur).
943 1589 1025 1668 Ergo
1048 1589 1114 1670 ipse
1137 1589 1194 1651 sibi
1222 1588 1340 1649 fictione
1363 1588 1492 1670 quadam

148 1684 283 1739 centrum
314 1677 440 1759 epicycli
469 1677 500 1738 in
529 1676 558 1739 D
593 1678 720 1759 reponit.
772 1679 911 1741 Diximus
944 1679 1023 1740 enirn
1060 1697 1125 1758 cap.
1154 1677 1311 1749 XXXIX,
1346 1677 1492 1757 quomodo

147 1765 371 1846 imaginandum
394 1766 447 1840 sit,
463 1767 608 1828 *virtutem
633 1786 686 1830 seu
709 1767 830 1830 fictitios
854 1767 955 1829 radios
978 1767 1129 1830 virtuosos
1152 1767 1217 1841 ΑΒ,
1231 1765 1288 1830 AC
1305 1767 1357 1828 &a
1380 1766 1492 1827 servire

147 1855 288 1935 planetae
310 1873 365 1937 pro
389 1853 464 1916 loco.
511 1855 580 1918 Jem
605 1855 664 1918 etsi
694 1875 752 1918 nou
786 1857 876 1936 pla'ne
907 1856 1012 1917 eadem
1040 1863 1088 1918 est
1118 1854 1271 1937 proportio
1293 1855 1348 1917 ΒΕ
1371 1848 1492 1916 arcuum

147 1945 216 2006 viae
241 1941 338 2006 ovalis
362 1945 401 2006 ad
424 1951 520 2004 totam
544 1943 671 2020 evalem,
695 1963 771 2026 quae
794 1953 842 2006 est
865 1964 986 2006 arcuum
1010 1943 1070 2006 GD
1097 1944 1339 2027 respondentium
1365 1943 1491 2023 perfecti

148 2032 250 2095 circuli
274 2033 313 2094 ad
335 2041 431 2095 totum
454 2032 603 2107 circulum,
630 2034 684 2098 sed
706 2053 801 2114 neque
823 2039 859 2094 nt
876 2032 931 2097 BC
955 2034 994 2095 ad
1016 2041 1113 2096 totum
1136 2033 1280 2095 ambitum
1302 2031 1405 2096 circuli
1426 2029 1492 2107 ΒΟ,
1602 2074 1603 2079 1

148 2122 302 2198 aitarens
326 2119 423 2183 ovalis
447 2120 682 2184 Buadtotam
707 2123 832 2186 ovalem.
879 2124 925 2184 At
946 2121 1021 2184 nihil
1052 2122 1109 2184 hoc
1139 2122 1230 2184 debet
1250 2141 1307 2184 nos
1338 2121 1491 2202 impedire,

149 2210 220 2291 quia
240 2209 294 2273 ΒΕ
318 2210 366 2272 vel
390 2210 483 2271 etiam
504 2211 557 2273 ΒΕ
584 2214 770 2290 componitur
792 2207 838 2272 ex'
853 2212 969 2273 duabus
996 2212 1176 2285 vinaticum
1209 2218 1240 2272 et
1262 2210 1348 2292 quia,
1372 2209 1493 2289 siquid

149 2300 182 2361 in
204 2299 397 2380 proportione
420 2298 567 2371 turbatur,
590 2299 620 2360 id
639 2301 713 2362 facit
734 2303 858 2380 planeta
882 2300 1058 2374 (secundum
1075 2300 1153 2362 hanc
1170 2319 1236 2385 cap.
1251 2299 1351 2361 XLV.
1375 2297 1492 2380 opinio·

113 2407 117 2416 ’
150 2383 234 2467 ιιειιι)
259 2407 313 2450 suo
337 2388 484 2450 descensu
514 2389 634 2468 proprio
658 2390 687 2451 in
711 2389 949 2452 circumferentia
980 2389 1115 2471 epicycli.
1162 2388 1196 2452 Si
1224 2389 1302 2450 enim
1330 2386 1495 2462 mansisset

149 2476 274 2558 planeta
306 2495 443 2558 supremo
473 2476 539 2538 loco
573 2479 714 2561 epicycli,
746 2485 777 2541 et
798 2497 961 2560 perpessus
991 2487 1075 2540 esset
1104 2479 1229 2540 eandem
1249 2477 1311 2539 vim
1333 2483 1431 2548 motus
1455 2495 1494 2538 ex

150 2563 223 2628 Sole
246 2583 301 2648 per
324 2567 391 2641 AB,
410 2563 468 2628 ΑΕ
491 2566 708 2643 adumbratam,
730 2577 805 2654 puta
822 2567 1041 2650 inaequabilem
1064 2558 1160 2650 (quod
1180 2566 1298 2648 quidem
1319 2565 1384 2629 fieri
1407 2563 1494 2627 simul

148 2675 209 2717 non
232 2661 350 2734 potest:
384 2675 455 2716 narn
484 2663 622 2718 manente
655 2657 759 2719 eadeln
788 2655 934 2720 distantia
965 2655 1105 2737 planetae
1129 2677 1148 2718 a
1170 2655 1259 2732 Sole,
1291 2661 1394 2717 manet
1417 2655 1495 2716 idem

148 2745 235 2824 vigor
258 2751 357 2806 motus
381 2759 420 2806 ex
438 2743 537 2820 Sole),
560 2753 631 2808 tunc
654 2747 830 2828 scripsisset
851 2745 1018 2826 perfectum
1043 2764 1145 2809 arcum
1167 2743 1270 2807 circuli
1292 2742 1416 2825 majoris
1429 2739 1494 2818 ΒΟ,

153 2832 238 2915 cujus
261 2832 366 2895 eadem
391 2841 439 2895 est
460 2834 615 2913 proportio
639 2836 678 2898 ad
699 2843 796 2899 totum
817 2835 882 2909 Bc,
906 2854 981 2915 quae
1005 2833 1065 2897 GD
1087 2854 1175 2897 arcus
1198 2834 1238 2895 ad
1259 2840 1356 2895 totum
1379 2830 1448 2895 GD.

238 2920 309 2984 Scio
333 2922 482 3003 equidem,
507 2922 533 2983 si
555 2924 679 3002 planeta
701 2924 729 2986 in
755 2924 920 3004 angustiori
944 2924 1074 2999 ambitu,
1102 2923 1199 2985 centri
1225 2921 1341 2984 scilicet
1368 2921 1496 3003 epinycli
1550 2931 1553 2938 '

149 3008 229 3083 DG,
260 3020 463 3091 supponatur,
496 3010 584 3091 longe
615 3014 678 3075 lore
705 3014 888 3075 celeriorem.
939 3013 984 3075 At
1010 3032 1069 3076 non
1095 3013 1163 3075 ideo
1188 3019 1219 3073 et
1241 3019 1344 3073 centro
1368 3010 1496 3091 epicycli

150 3100 351 3179 assignandus
384 3110 432 3161 est
461 3108 561 3161 motus
597 3102 733 3164 celerior.
778 3102 857 3165 Nam
880 3111 1012 3162 centrum
1038 3100 1163 3185 epicycli
1185 3100 1298 3162 moveri
1320 3100 1495 3182 supponitur

131 3208 209 3251 'non
240 3198 362 3271 propter
392 3208 441 3261 se,
474 3208 540 3251 cnm
570 3189 602 3251 id
628 3210 685 3251 non
714 3190 755 3253 sit
781 3208 904 3269 corpus,
941 3190 995 3251 scd
1022 3198 1144 3269 propter
1172 3188 1336 3269 planetam.
1386 3188 1493 3268 Itaque

149 3278 264 3360 posito,
302 3278 381 3359 quod
411 3278 535 3357 planeta
562 3298 647 3340 suum
679 3298 785 3359 corpus
814 3278 878 3358 ipse
900 3287 1098 3358 transportet
1128 3298 1166 3340 ex
1196 3276 1289 3339 radiis
1318 3275 1399 3339 Solis
1426 3278 1493 3356 lege

152 3366 334 3450 epicyclica‚
367 3374 399 3428 et
423 3366 522 3427 radiis
558 3365 735 3449 quibusdam
771 3367 913 3429 virtuosis
951 3386 988 3429 ex
1012 3368 1082 3430 Sole
1114 3386 1167 3447 pro
1190 3366 1256 3428 loco
1279 3372 1381 3428 utatur
1404 3366 1495 3447 (quae

150 3475 217 3536 cap.
246 3452 396 3519 XXXIX.
424 3456 539 3536 rejecta
571 3457 689 3538 quidem
721 3466 806 3533 sunt,
844 3456 996 3538 sed'cap.
1019 3456 1119 3519 XLV.
1152 3461 1284 3517 resumta
1307 3461 1339 3517 et
1361 3455 1495 3518 nonnihil

151 3552 277 3620 motata,
302 3544 350 3606 hic
373 3562 444 3609 vero
467 3546 633 3609 retinentur
657 3546 694 3608 ad
718 3545 910 3627 explicandos
933 3556 1058 3609 conatus
1082 3548 1196 3618 meos),
1218 3562 1294 3607 sana
1315 3553 1423 3626 postea
1445 3552 1494 3612 est

150 3634 229 3785 nmo
253 3633 374 3715 calculi,
405 3632 569 3715 quicunque
593 3644 734 3715 sequatur
758 3636 821 3715 ejus
846 3636 979 3697 effectus.
1025 3634 1141 3697 Existit
1172 3633 1250 3695 enim
1272 3641 1303 3696 et
1325 3633 1373 3695 hic
1397 3634 1493 3695 uvalis

151 3744 172 3790 n
233 3722 330 3787 minus
353 3742 440 3803 quam
462 3722 555 3803 prius,
579 3742 613 3785 eo
637 3725 714 3805 quod
737 3724 794 3787 DE
818 3732 848 3785 et
870 3724 927 3786 AB
950 3744 1009 3787 uon
1029 3731 1153 3787 manent
1178 3722 1325 3803 paralleli
1371 3719 1493 3791 Quanto

151 3812 230 3874 enim
253 3820 397 3891 superant
420 3811 582 3874 distantiae
604 3813 669 3888 AB,
694 3814 750 3876 ΑΕ
769 3815 876 3897 longae
900 3814 1064 3875 mediocres
1084 3810 1163 3889 AG,
1177 3812 1251 3887 AD,
1274 3820 1361 3875 tanto
1375 3808 1494 3873 brevior

152 3911 200 3963 est
229 3901 328 3962 factus
364 3909 451 3963 arcus
473 3900 534 3963 DG
566 3920 618 3963 seu
647 3904 772 3982 angulus
803 3899 896 3965 DAG
928 3904 1035 3982 angulo
1059 3900 1142 3965 GDE
1171 3919 1310 3963 mensura
1330 3900 1492 3981 temporis.

151 3991 257 4070 Itaque
279 3988 336 4051 DE
359 3990 398 4051 ad
419 3992 445 4053 B
470 3989 633 4065 annuitss'li
656 3990 747 4070 igitur
770 4012 788 4053 a
810 3990 1050 4054 circumferentia
1071 3991 1173 4054 circuli
1195 3990 1233 4051 ad
1247 3989 1305 4052 BA
1319 3988 1491 4072 ipgreditur.

150 4079 236 4153 Nam¹
252 4098 306 4158 per
329 4098 395 4159 cap.
418 4080 459 4147 ΙΙ,
484 4079 510 4140 si
532 4080 588 4142 DE
609 4082 772 4159 parallelos
795 4076 852 4162 ipfl
873 4080 931 4142 AB
953 4081 1124 4156 mansisset,
1147 4088 1219 4142 tunc
1240 4077 1268 4141 Ε
1289 4078 1319 4141 in
1342 4078 1411 4159 ipsa
1430 4080 1492 4143 cir·

150 4166 346 4239 cumiereutia
369 4176 461 4228 esset.
867 4237 873 4250 Ι
1112 4161 1116 4170 “

238 4256 383 4319 Nascitur
405 4274 476 4335 ergo
499 4256 655 4319 methodus
678 4254 754 4319 ista?
789 4256 963 4319 Distantiae
987 4265 1166 4335 quaeruntur
1188 4256 1227 4317 ad
1241 4274 1342 4317 omnes
1356 4255 1490 4337 iutegroa

151 4346 263 4426 gradus
292 4346 460 4408 anomaliae
492 4345 617 4431 mediae.
672 4345 846 4407 Methodum
869 4349 960 4427 snpra
981 4345 1075 4407 habes
1097 4363 1163 4426 cap.
1186 4344 1344 4422 XXXIX,
1377 4354 1490 4427 quaet

150 4434 351 4516 superioribus
372 4452 439 4514 cap.
454 4432 575 4498 XLVII
590 4442 622 4497 et
637 4433 783 4498 XLVIII
799 4454 865 4496 sum
879 4454 959 4499 usus.
997 4434 1128 4497 Primum
1144 4434 1220 4496 euim
1235 4430 1424 4497 inv'eniuntur
1438 4434 1487 4497 di-

238 4651 267 4727 *l
288 4656 365 4713 Haec
384 4657 434 4711 sub
456 4662 534 4711 certa
553 4658 704 4713 conditione
725 4662 789 4712 sunt
808 4674 884 4724 vera,
906 4657 929 4712 si
949 4674 1045 4729 nempe
1065 4657 1135 4713 radii
1153 4656 1268 4712 virtuosi
1288 4675 1326 4715 ex
1345 4659 1408 4715 Sole
1428 4658 1485 4714 sint

151 4738 283 4809 planetae
302 4754 354 4809 pro
374 4737 433 4791 loco
456 4754 504 4791 seu
523 4738 612 4794 instar
631 4754 737 4803 currus,
763 4737 791 4793 in
811 4749 863 4809 quo
882 4739 1000 4809 planeta
1024 4740 1158 4803 vehatur,
1189 4740 1260 4811 quod
1279 4740 1323 4794 hic
1341 4737 1482 4810 ponitnua:

149 4834 252 4889 perse
272 4826 478 4873 antemnarum
497 4836 552 4872 non
572 4826 624 4874 est.
664 4820 733 4874 Vide
753 4820 787 4871 de
806 4819 858 4873 hoo
877 4834 938 4889 cap.
959 4818 1087 4875 XXXIX
1116 4820 1223 4874 modum
1251 4820 1372 4888 prImum.
1411 4819 1481 4874 Nam

149 4897 222 4953 iuter
242 4899 359 4969 quinque
389 4898 508 4953 absurda
526 4899 584 4952 illio
602 4898 708 4968 rejecta
736 4897 780 4951 hia
800 4904 907 4955 tantum
925 4914 1022 4964 mum,
1050 4914 1147 4969 nempe
1166 4899 1303 4963 ultimum,
1325 4898 1479 4963 omittimus,

150 4978 258 5049 reliqua
278 4984 397 5051 mutuor
415 4976 571 5034 aseneum.
