3517 5525
576 427 637 480 ιιι.
656 395 747 478 ae..
774 408 867 492 aaa
884 385 998 478 mm.
1274 471 1277 476 ,
1334 417 1338 422 ·
1373 422 1460 494 ana

2 617 3 644 ³
110 607 340 692 geometricum,
365 607 418 670 sed
440 607 534 670 veluti
558 605 729 689 superficies
753 607 910 688 quaedam,
934 607 1023 686 plane
1046 612 1080 668 nt
1100 607 1168 668 lux:
1199 614 1234 670 ut
1254 606 1314 669 hoc
1334 606 1458 669 univer-

2 699 4 710 '
111 700 175 762 sale
198 699 250 772 sil,
275 697 392 778 species
415 717 512 759 rerum
532 697 731 759 immateriate
748 697 991 760 descendentium
1005 698 1154 759 descensu
1176 698 1242 776 ipso
1255 717 1326 776 non.
1338 697 1459 758 extendi
1501 707 1504 716 '

109 808 163 870 per
185 788 321 868 corporis
337 787 548 862 dimensiones,
572 786 708 869 quamvls
724 807 742 846 a
757 805 882 867 corpore
901 786 950 859 (ut
967 787 1041 849 haec
1064 807 1083 846 a
1106 804 1229 866 corpore
1244 785 1342 859 Solis)
1357 779 1461 848 orian-

1 857 4 898 Τ
110 887 173 940 tur:
208 877 267 938 hoc
291 896 365 939 sane
388 876 514 956 exlege
537 877 604 956 ipsa
626 877 779 952 defluxus,
804 895 837 937 se
864 875 933 956 ipso
954 895 1014 937 non
1035 875 1203 950 terminati,
1228 876 1282 937 sed
1304 883 1406 936 tamen
1421 881 1462 939 ut

110 966 285 1048 superficies
306 985 407 1028 rerum
429 965 676 1028 illustrandarnm
698 965 836 1040 efficiunt,
855 973 895 1026 ut
914 966 968 1030 lux
988 965 1194 1028 consideretur
1213 965 1298 1047 quasi
1314 966 1460 1047 quaedam

110 1055 300 1136 superficies,
332 1055 403 1136 quia
434 1054 582 1135 recipiunt
607 1061 640 1118 et
668 1055 835 1117 terminant.
852 1055 919 1134 ejus
941 1055 1110 1118 defluxum:
1141 1054 1185 1116 ita
1208 1074 1335 1134 corpora
1362 1073 1461 1118 rernm

109 1144 325 1208 movendarum
344 1146 457 1207 efficere
481 1145 629 1219 videntur,
654 1151 687 1206 ut
709 1143 805 1206 virtus
819 1143 894 1206 haec
912 1146 1023 1208 motrix
1038 1144 1243 1207 consideretur
1257 1143 1344 1224 quasi
1364 1143 1480 1225 qnod-.

109 1235 179 1297 dam
202 1251 313 1315 corpus
335 1233 564 1314 geometricum,
587 1233 656 1314 quia
679 1233 866 1315 corpulentia
888 1241 954 1296 tota
976 1255 1032 1296 sna
1054 1233 1217 1295 terminant
1239 1253 1292 1295 sen
1314 1233 1461 1318 recipiunt

108 1325 186 1386 bunc
215 1322 328 1404 speciei
357 1323 491 1386 metricis
515 1323 683 1389 defluxum:
718 1330 752 1386 ut
774 1322 828 1384 illa
855 1323 992 1404 nuspiam
1019 1323 1050 1386 in
1082 1330 1158 1385 toto‘
1174 1322 1282 1385 mundo
1311 1341 1379 1384 esse
1408 1329 1477 1388 ant.

109 1410 277 1476 subsistere
299 1413 408 1494 possit,
432 1412 491 1476 nisi
505 1413 535 1475 in
558 1413 634 1493 ipsis
651 1412 823 1492 corporibus
846 1412 1019 1474 mobilium:
1044 1431 1098 1474 nec
1121 1411 1172 1487 sit,
1197 1411 1250 1474 sed
1266 1413 1352 1494 qnasi
1371 1409 1462 1474 fuerit

111 1503 140 1564 in
162 1500 345 1564 intermedio
368 1501 446 1564 inter
468 1502 581 1566 fontem
605 1510 636 1564 et
658 1501 778 1577 mobile,
801 1502 890 1581 plane
913 1509 947 1564 ut
969 1502 1030 1567 lox.

198 1591 303 1672 Atque
325 1590 374 1652 hic
391 1591 486 1654 ⁴simul
510 1591 672 1671 objectioni
695 1590 785 1654 alicui
807 1591 982 1671 responderi
1004 1597 1115 1673 potest
1161 1589 1283 1653 Dictum
1300 1589 1385 1652 enim
1413 1597 1461 1652 est

111 1681 141 1742 in
165 1679 387 1759 superioribus,
419 1680 562 1743 virtutem
583 1681 662 1742 hanc
684 1680 839 1744 matricem
868 1691 1026 1744 extensam
1056 1699 1124 1744 esse
1153 1678 1260 1760 spatiis
1282 1678 1400 1754 mundi,
1430 1685 1461 1740 et

112 1769 225 1832 alicubi
248 1769 444 1851 sparsiorem,
477 1770 587 1833 alicubi
610 1770 829 1846 collectiorem,
862 1790 937 1852 quas
960 1771 1134 1833 affectiones
1157 1766 1247 1830 simul
1278 1767 1417 1830 intensio
1430 1775 1462 1831 et

112 1857 252 1920 remissio
276 1865 375 1920 motus
398 1859 585 1940 planetarum
609 1866 760 1939 sequatur.
799 1861 869 1922 Jam
893 1879 964 1922 vero
988 1860 1109 1933 dictum,
1133 1857 1273 1920 virtutem
1296 1857 1374 1923 hanc
1392 1876 1461 1930 esse

114 1939 248 2027 specie'm
269 1947 503 2012 immaterialem
526 1949 572 2012 sui
595 1949 697 2023 sontis,
721 1966 776 2010 nec
798 1949 891 2030 recipi
915 1949 1032 2029 uspiam
1054 1947 1114 2011 uisi
1136 1947 1167 2009 in
1191 1947 1327 2026 subjecto
1346 1946 1459 2023 mobili,

112 2045 145 2098 nt
167 2037 198 2098 in
217 2055 343 2118 corpore
361 2037 512 2119 planetae.
550 2037 701 2100 Videntur
715 2045 815 2100 antem
829 2040 1004 2117 pugnantia,
1027 2037 1155 2100 materia
1179 2055 1282 2098 carere
1305 2043 1337 2098 et
1359 2043 1461 2098 tamen

111 2124 347 2188 dimensionibus
378 2126 570 2207 geometricis
600 2127 771 2206 subjacere,
806 2128 932 2190 diffundl
960 2147 1015 2208 per
1043 2127 1144 2190 mnndi
1175 2125 1402 2206 amplitudinem
1428 2133 1461 2188 et

112 2223 213 2276 tamen
237 2214 378 2295 nuspiam
400 2235 467 2280 esse
490 2217 549 2279 uisi
573 2216 622 2278 ubl
647 2225 694 2279 est
716 2216 833 2280 mobile.
880 2217 1093 2296 Respondetur
1115 2225 1216 2280 autem
1240 2215 1297 2276 sic:
1323 2213 1459 2295 quumvis

113 2303 209 2365 virtus
233 2306 344 2368 motrix
372 2325 430 2368 non
460 2308 501 2370 sit
523 2305 679 2368 materiale
703 2307 870 2387 quippiam,
904 2308 974 2386 quia
1003 2316 1103 2369 tamen
1130 2305 1289 2377 materiae,
1322 2304 1379 2366 hoe
1412 2311 1460 2366 est

74 2387 78 2394 '
110 2391 229 2473 corpori
253 2393 395 2472 planetae
410 2395 556 2468 vehendo,
580 2395 758 2472 destinatur,
782 2415 841 2458 non
860 2395 986 2458 liberam
1001 2399 1069 2459 este
1083 2417 1102 2456 a
1117 2396 1234 2475 legibus
1259 2393 1459 2473 geometricis,

113 2483 222 2544 saltem
247 2481 286 2543 ob
307 2482 387 2544 hanc
409 2484 595 2546 materialem
618 2485 765 2548 actionem
789 2486 1032 2548 transvectionis.
1078 2487 1142 2547 Nec
1167 2503 1242 2566 opus
1270 2490 1319 2543 est
1344 2481 1457 2544 multis.

112 2571 259 2634 Videmus
290 2571 370 2634 enim
398 2582 498 2636 motus
527 2573 604 2635 istos
631 2575 734 2654 perfici
757 2575 787 2636 in
811 2575 877 2637 loco
901 2582 932 2636 et
960 2583 1112 2654 tempore,
1144 2584 1175 2636 et
1204 2590 1342 2633 emanare
1370 2578 1460 2653 atque

112 2659 236 2722 diffundi
259 2659 402 2726 virtutem
424 2664 502 2725 hanc
526 2685 544 2724 a
567 2664 649 2724 sonte
671 2683 726 2743 per
749 2662 849 2745 spatia
871 2665 988 2741 mundi;
1011 2683 1087 2748 quae
1110 2671 1181 2726 sunt
1199 2661 1297 2724 orunia
1319 2681 1368 2722 res
1383 2680 1459 2741 geo-

111 2749 265 2811 metricae.
322 2749 402 2823 Qnin
434 2752 526 2833 igitur
559 2759 590 2814 et
620 2755 730 2817 ceteris
762 2754 953 2834 geometricis
992 2753 1226 2817 necessitatibus
1258 2751 1387 2813 obnoxia
1418 2751 1460 2815 sit

111 2839 184 2907 haec
207 2839 313 2903 virtus.

198 2927 247 2990 Ac
269 2948 307 2991 ne
329 2926 452 2993 nimium
475 2929 640 2993 insolenter
662 2930 868 3011 philosophari
891 2930 1010 3007 videar,
1039 2949 1205 3012 proponam
1227 2928 1332 2991 lectori
1355 2947 1458 2991 exem-

111 3018 194 3099 plum
217 3016 294 3079 lucis
316 3018 407 3099 plane
430 3019 600 3100 genuinum,
624 3038 690 3081 cum
712 3020 743 3081 in
762 3020 845 3083 Solis
865 3038 989 3101 corpore
1013 3028 1045 3082 et
1059 3022 1135 3100 ipsa
1156 3014 1307 3081 uiduletur
1329 3016 1456 3099 indeque

112 3124 212 3168 comes
235 3106 303 3169 hnic
326 3107 431 3171 virtuti
454 3109 572 3171 metrici
596 3110 627 3171 in
648 3117 745 3171 totum
767 3110 907 3171 mundum
931 3110 1047 3171 emicet.
1076 3108 1172 3181 Quis
1202 3125 1313 3190 quaeso
1337 3106 1457 3182 dixerit,

113 3196 209 3258 lucem
233 3214 301 3257 esse
324 3198 480 3261 materiale
500 3198 670 3279 quippiam?
693 3199 752 3260 llla
774 3206 875 3259 tamen
895 3199 1086 3278 operationes
1110 3217 1182 3260 suas
1196 3202 1318 3258 exercet
1339 3196 1457 3257 ratione

110 3286 190 3359 loci„
218 3292 404 3373 etmutnnm
426 3286 556 3368 patitur,
589 3288 788 3368 repercutitur
810 3295 842 3349 et
869 3287 1043 3368 refringitur
1070 3296 1101 3349 et
1128 3287 1313 3367 quantitates
1341 3284 1457 3359 induit;

110 3374 186 3437 adeo
210 3380 244 3435 ut
267 3374 361 3436 densa
383 3377 431 3437 vel
461 3396 530 3439 rara
554 3396 635 3452 esse,
669 3385 701 3439 et
727 3396 781 3458 pro
810 3377 966 3458 superficie
992 3377 1098 3440 haberi
1126 3376 1238 3458 possit,
1271 3374 1313 3435 ibi
1342 3373 1392 3434 ubi
1419 3375 1457 3435 ab

110 3462 285 3526 illustrabili
301 3462 408 3545 ¹aliquo
431 3465 582 3546 recipitur.
628 3468 705 3529 Nam
728 3468 815 3528 utin
839 3467 958 3547 Optiois
981 3467 1109 3541 dictum,
1132 3466 1185 3527 lux
1207 3482 1340 3546 quoqne,
1363 3480 1458 3544 aeque

112 3562 201 3635 atque
225 3552 302 3615 haec
323 3554 420 3617 virtus
443 3556 569 3630 mctrix,
602 3557 632 3617 in
655 3557 753 3636 spatio
777 3556 855 3618 inter
868 3558 990 3619 ¹fontem
1014 3564 1049 3628 et⁸
1067 3555 1248 3619 illustrabile
1272 3552 1458 3626 intermedio,

111 3660 169 3704 non
194 3649 264 3717 est,
288 3642 347 3704 etsi
369 3644 425 3705 hoc
448 3645 579 3721 transiit,
604 3647 656 3708 sed
679 3644 719 3706 ibi
743 3646 828 3727 quasi
852 3646 931 3707 fuit.
973 3647 1021 3709 Ac
1044 3646 1103 3708 etsi
1127 3646 1177 3707 lux
1200 3644 1268 3725 ipsa
1290 3643 1355 3705 sine
1376 3649 1458 3704 tem-

111 3750 184 3812 pore
208 3730 328 3811 quidem
351 3732 468 3807 effluat,
501 3735 596 3796 virtus
619 3754 690 3797 vero
714 3736 789 3797 haec
811 3744 933 3797 moveat
959 3736 1164 3816 intempore:
1198 3742 1299 3797 tamen
1326 3731 1458 3793 sirecte

114 3820 277 3901 expendas,
301 3822 456 3903 utriusque
471 3822 549 3885 ratio
565 3831 612 3885 est
633 3825 721 3903 plane
738 3825 850 3886 eadem.
887 3826 965 3899 Lux,
989 3844 1063 3906 qnae
1079 3844 1134 3889 sua
1150 3831 1229 3898 sunt,
1250 3823 1283 3885 in
1307 3829 1457 3883 momento

111 3916 247 3990 praestat
254 3929 264 3985 3
297 3930 355 3991 qua
385 3913 513 3973 materia
543 3914 708 3991 concurrit,
741 3914 819 3993 ipsa·
836 3932 951 3994 quoqne
984 3921 1118 3995 ternpore
1149 3914 1275 3994 proficit.
1321 3908 1459 3973 Illustrat

113 3998 286 4081 superficies
309 3998 340 4062 in
363 4008 530 4075 momento,
561 4002 631 4084 quia
650 4002 726 4064 nihil
749 4002 798 4071 hic
819 4004 977 4065 materiam
999 4005 1065 4083 pati
1087 4023 1161 4084 opus
1184 4010 1246 4076 est,
1278 4020 1345 4061 cum
1367 4001 1457 4065 illus-

39 4086 42 4093 '
112 4088 204 4149 tratio
228 4088 324 4151 omnis
351 4090 467 4152 ratione
492 4091 712 4171 superficierum
741 4093 912 4172 perficiatur
940 4092 993 4153 vel·
1013 4093 1098 4175 quasi
1127 4090 1365 4176 superficierum,
1398 4110 1457 4153 non

112 4177 228 4241 ratione
258 4177 461 4258 corpulentiae
490 4188 637 4261 quatenus
664 4181 858 4261 corpulentia.
890 4174 1021 4245 ⁴'Contra
1051 4183 1105 4244 lux·
1133 4180 1256 4243 dealbat
1278 4179 1394 4242 colores
1427 4179 1458 4241 in

112 4273 264 4346 tempore3
297 4266 367 4347 quia
398 4268 447 4329 hic
477 4268 508 4329 in
540 4271 695 4332 materiam
723 4270 788 4350 agit
819 4278 965 4353 quatenns
994 4272 1139 4348 materia,
1172 4288 1296 4350 eamque
1325 4269 1457 4344 calfacit,

114 4354 268 4436 expellens
298 4357 481 4419 contrarium
513 4358 607 4439 frigus
639 4360 670 4421 in
698 4359 830 4439 corporis
853 4360 981 4425 materia
1003 4362 1107 4436 fixum,
1137 4379 1197 4421 non
1228 4359 1259 4419 in
1291 4358 1457 4444 superficie.

115 4446 162 4511 lta
176 4443 274 4524 ,plane
298 4452 329 4507 et
350 4444 426 4507 haec
447 4448 545 4510 virtus
575 4466 697 4511 movens
722 4455 869 4531 perpetuo
894 4457 925 4512 et
947 4450 1012 4511 sine
1034 4449 1178 4531 temporis
1204 4448 1365 4509 intervallo
1394 4448 1458 4509 illic

117 4552 154 4595 ex
177 4532 251 4596 Sole
274 4534 449 4609 ad'est„ubi
473 4544 521 4600 est
543 4537 680 4601 idoneum
703 4538 825 4613 mobile,
850 4538 919 4619 quia
941 4538 1015 4601 nihil
1039 4539 1149 4619 accipit
1171 4558 1189 4599 a
1212 4538 1316 4599 mobili
1339 4537 1457 4599 adhoc

114 4631 147 4685 nt
168 4621 260 4685 adsit.
305 4624 411 4687 Movet
433 4633 534 4689 antem
555 4627 586 4689 in
608 4635 758 4708 tempore,
792 4628 861 4709 qnia
883 4628 993 4691 mobile
1022 4629 1214 4696 materiatum
1236 4635 1292 4690 est
1338 4625 1398 4687 Vel
1431 4626 1458 4687 si

114 4712 249 4787 ridetur,
280 4714 534 4794 comparationem
555 4715 586 4779 in
608 4717 686 4779 hunc
708 4716 826 4779 modum
849 4717 992 4780 institue:
1026 4718 1105 4800 qnod
1127 4718 1207 4781 sicut
1236 4736 1269 4779 se
1292 4713 1384 4786 habet
1405 4715 1458 4776 lux

115 4802 153 4864 ad
183 4800 430 4880 illustrationem,
461 4805 504 4867 sic
527 4813 641 4867 eertum
670 4813 717 4869 est
732 4822 813 4869 ¹sese
845 4806 956 4869 habere
985 4808 1126 4870 virtutem
1156 4807 1194 4869 ad
1221 4812 1342 4867 motum.
1388 4805 1457 4867 Lux

115 4892 214 4955 omnia
236 4891 329 4967 lacit,
361 4912 437 4974 quae
465 4894 527 4957 fieri
557 4901 685 4975 possunt
714 4896 753 4958 ad
781 4915 927 4959 summam
953 4897 1200 4974 illustrationem,
1233 4912 1328 4975 neque
1355 4902 1456 4955 tamen

116 4983 240 5061 obtinet,
264 4988 297 5047 ut
311 4982 392 5047 color
416 5002 529 5047 summe
551 4984 734 5049 illustretur:
759 5004 828 5048 nam
850 4986 933 5048 color
956 4988 1105 5050 diversam
1130 5006 1214 5051 snam
1236 4984 1367 5066 speciem
1390 5002 1455 5048 cum
1478 5022 1481 5032 ·
