3517 5525
225 438 290 508 382
324 510 326 513 ,
707 445 749 497 ne
765 445 875 497 naam·
897 447 990 499 sonu
1007 445 1096 500 000

316 621 489 685 Distantiae
519 623 625 704 igitur,
658 625 799 690 methodo
829 625 939 706 capitis
968 627 1058 708 hujus
1090 627 1249 711 inquisitae
1279 647 1317 690 ex
1340 629 1508 692 observatis
1530 629 1581 692 hic

204 709 345 790 positis,
369 713 532 792 prodibunt
553 714 611 776 hae
635 714 727 796 ipsae.
774 715 858 777 Loca
882 735 953 778 vero
976 719 1164 797 apparentia,
1187 719 1306 799 quaudo
1320 720 1406 781 Mars
1428 727 1512 781 motu
1527 738 1580 780 ec·

224 798 357 860 ceutrico
379 799 410 861 iu
426 801 545 864 Cancro
569 815 718 878 versatur,
742 805 905 885 prodibunt
927 805 1047 868 circiter
1069 801 1101 868 40
1124 807 1286 882 anteriora,
1310 806 1342 869 iu
1365 814 1395 880 ,Γ
1418 817 1450 870 et
1470 813 1505 885 ᾖ
1527 827 1581 888 per

173 947 183 966 ,
223 887 349 950 totidem
378 889 572 968 promotiora.
619 893 725 974 Neque
753 895 879 956 veniunt
901 895 932 956 hi
951 896 1093 957 errorculi
1117 916 1154 956 ex
1178 895 1332 958 distantiis
1355 897 1494 960 vitiosis:
1518 917 1578 960 uon

222 976 300 1038 enim
323 987 427 1040 esseut
449 979 479 1040 iu
499 980 660 1044 contrariis
674 982 773 1064 plagis
790 982 934 1062 ejusdem,
960 985 1013 1046 sed
1029 985 1198 1047 contrariae
1212 985 1379 1067 qualitatis.
1416 987 1577 1063 Existimo,

221 1065 290 1127 illos
324 1067 475 1156 conciliari
507 1088 598 1148 posse
629 1069 794 1134 mutatione
826 1073 954 1153 apogaei
992 1071 1031 1152 Θ
1064 1093 1118 1154 per
1153 1071 1201 1150 1⁰,
1240 1075 1319 1155 quod
1341 1095 1395 1154 per
1418 1077 1601 1161 observatax

220 1154 332 1216 Brahei
361 1155 449 1218 facile
479 1159 560 1221 licet.
606 1160 691 1222 Nihil
715 1170 817 1224 101000
840 1162 949 1224 definio
973 1163 1002 1224 in
1027 1181 1180 1244 praesens.
1226 1164 1415 1226 Reservatur
1446 1165 1578 1228 enimet

220 1242 308 1323 hujus
330 1247 459 1326 apogaei
482 1256 514 1309 et
535 1249 630 1312 totius
653 1250 858 1334 hypotheseos
882 1252 1029 1316 correctio
1059 1253 1089 1315 in
1113 1271 1204 1335 opus
1228 1249 1524 1330 Tabularum⁹⁸).

806 1481 994 1494 m

696 1734 699 1739 <
775 1661 896 1760 Caput
921 1659 1015 1736 LIV.

484 1907 487 1912 Ι
525 1819 720 1884 Acerorotioa
742 1841 875 1885 mamea
893 1823 1112 1905 proportionis
1135 1824 1266 1886 orbium.

310 1957 419 2040 Capite
442 1961 541 2024 XLII.
567 1962 778 2024 constituimus
801 1981 874 2024 sane
889 1963 1114 2044 proportionem
1130 1963 1244 2026 orbium
1258 1981 1297 2024 ex
1316 1932 1585 2025 observationibus

223 2057 311 2112 extra
335 2049 425 2111 situm
448 2051 674 2131 acronychinm,
699 2053 753 2112 sed
776 2050 815 2113 iis
837 2072 896 2114 uon
921 2053 1050 2133 undique
1073 2053 1114 2114 ad
1135 2056 1338 2130 alnpopoprov
1360 2059 1493 2114 nostram
1517 2052 1576 2114 sihi

221 2147 324 2200 mutuo
356 2138 624 2201 consentientibus.
647 2174 656 2183 <-
671 2143 773 2221 Atque
806 2142 897 2202 etiam
928 2161 982 2222 per
1015 2161 1066 2216 se,
1113 2143 1139 2202 si
1170 2142 1220 2202 vel
1253 2139 1464 2204 exactissimae
1499 2141 1575 2202 den·

221 2234 271 2289 tur
302 2227 550 2303 observationes,
588 2230 742 2308 negotium
769 2230 826 2292 hoc
855 2231 954 2310 ipsum
978 2229 1017 2291 ad
1043 2227 1105 2294 100
1127 2229 1344 2310 particularum
1367 2227 1577 2292 certitudinem

222 2317 330 2378 adduci
362 2316 473 2397 nequit.
529 2319 690 2399 Agendum
721 2318 813 2398 igitur
844 2319 997 2399 suffragiis
1030 2327 1062 2382 et
1091 2328 1229 2382 votorum
1259 2338 1393 2382 numero.
1439 2320 1577 2381 Aecum

222 2424 287 2487 cap.
319 2402 473 2469 xxvrn.
507 2407 537 2468 in
567 2408 719 2470 anomalia
754 2409 855 2470 media
888 2405 946 2470 110
978 2405 1046 2485 370,
1093 2410 1150 2470 hoc
1182 2417 1230 2470 est
1259 2417 1332 2490 post
1360 2407 1576 2470 correctionem

222 2514 288 2576 cap.
312 2494 396 2557 LIII.
420 2495 630 2575 praecedentis
653 2497 684 2558 in
707 2497 859 2558 anomalia
885 2491 943 2560 110
965 2495 1020 2562 520
1031 2545 1039 2572 ,
1072 2497 1195 2560 iuventa
1227 2498 1269 2560 sit
1298 2495 1444 2560 distantia
1473 2498 1577 2577 puncti

222 2584 371 2664 ecliptici‚
401 2583 431 2644 iu
460 2584 539 2665 quod
568 2585 826 2668 perpendicularis
849 2608 868 2646 a
891 2605 1016 2668 corpore
1038 2587 1150 2649 Martis
1174 2585 1348 2662 descendit,
1376 2580 1504 2648 166180
1527 2585 1577 2646 vel

222 2667 369 2747 166208;
398 2691 522 2754 cumque
545 2675 630 2737 locus
652 2675 702 2737 hio
724 2675 806 2738 absit
828 2696 847 2737 a
868 2675 968 2737 limite
989 2676 1081 2738 boreo
1105 2673 1174 2751 230,
1199 2675 1354 2738 inclinatio
1378 2675 1437 2736 erit
1462 2671 1498 2736 10
1521 2671 1576 2737 430

219 2760 350 2837 circiter3
381 2782 524 2825 excessus
558 2766 692 2827 secantis
721 2759 764 2829 45
787 2766 973 2845 particulae,
1004 2786 1081 2847 quae
1105 2768 1228 2829 suntin
1251 2772 1356 2827 nostra
1388 2763 1574 2827 dimensione

220 2848 263 2914 70
287 2852 416 2914 circiter.
463 2852 574 2915 Martis
597 2854 690 2933 igitur
713 2876 732 2914 a
755 2854 827 2917 Sole
852 2855 999 2917 distantia
1024 2849 1153 2919 166250
1175 2855 1225 2917 vel
1252 2848 1390 2921 166278.

305 2940 376 3002 Iam
399 2942 639 3021 comparabimus
664 2945 755 3005 etiam
779 2946 942 3007 observata
965 2964 1029 3025 cap.
1052 2943 1105 3019 LI,
1128 2952 1163 3006 ut
1185 2962 1332 3007 consensu
1349 2940 1495 3005 mediocri
1513 2942 1574 3019 ful-

218 3031 341 3094 ciamur.
386 3031 477 3093 Auno
503 3028 588 3095 1586
611 3033 641 3095 10
664 3034 834 3095 anomaliae
856 3034 974 3095 mediae
990 3034 1111 3095 residuo
1133 3030 1191 3096 100
1214 3029 1343 3108 904100,
1367 3032 1425 3093 hoc
1440 3038 1488 3093 est
1502 3038 1574 3112 post

101 3151 104 3160 ·
218 3118 436 3196 correctionem
467 3117 506 3184 90
527 3118 580 3188 540
604 3116 686 3197 4100,
714 3124 881 3185 invenimus
908 3120 1053 3198 166311,
1086 3122 1140 3185 001
1163 3122 1366 3185 subtractione
1389 3122 1472 3183 facta
1498 3112 1571 3201 101,0

218 3210 255 3271 de
279 3209 357 3285 loco,
381 3228 469 3290 quem
491 3208 607 3273 vicaria
629 3212 774 3285 exhibuit,
797 3210 966 3274 invenimus
992 3206 1129 3275 166208.
1172 3211 1298 3273 Duobus
1318 3210 1410 3290 igitur
1428 3208 1572 3289 gradibus

219 3299 319 3362 miuus
343 3294 375 3359 30
397 3298 534 3375 inferius,
556 3290 722 3363 demendae
745 3301 865 3364 circiter
889 3297 941 3376 95,
964 3301 1010 3363 'sio
1032 3308 1066 3362 ut
1089 3300 1149 3363 sint
1174 3296 1311 3364 166118.
1357 3300 1489 3363 Rursum
1513 3298 1571 3358 ad-

218 3388 335 3451 dendae
358 3385 403 3452 80
426 3388 688 3464 ob'latitudinem,
712 3399 746 3451 ut
768 3390 830 3451 sint
855 3385 994 3454 166193.
1042 3388 1094 3453 Sic
1117 3408 1195 3451 auno
1222 3385 1316 3465 1588,
1341 3406 1407 3451 cum
1422 3392 1503 3449 esset
1518 3406 1570 3447 re-

217 3478 333 3540 siduum
357 3477 525 3539 anomaliae
548 3476 589 3541 8⁰
610 3475 643 3540 20
666 3476 741 3553 5100,
764 3480 822 3541 hoc
845 3485 893 3541 est
916 3486 1049 3541 correcte
1074 3474 1111 3540 70
1134 3474 1188 3541 470
1211 3474 1285 3553 5100,
1309 3497 1363 3560 per
1387 3475 1571 3539 subtractio-

218 3586 287 3629 nem
314 3561 386 3649 ¹¹i2¹
409 3589 428 3627 a
451 3566 519 3627 loco
542 3587 580 3629 ex
602 3565 718 3628 vicaria
739 3568 910 3649 hypothesi,
934 3568 1102 3631 invenimus
1125 3566 1302 3629 distantiam
1319 3562 1454 3631 166396.
1501 3564 1570 3626 Ita-

218 3675 273 3738 que
297 3650 444 3719 400140
467 3656 592 3719 interius
616 3656 674 3717 erit
696 3655 817 3719 brevior
839 3656 959 3719 circiter
989 3652 1056 3731 102,
1081 3656 1199 3719 00111001
1223 3650 1362 3731 166294,
1386 3663 1418 3717 01
1445 3660 1569 3734 propter

216 3745 408 3808 latitudinem
428 3739 573 3820 166284,
597 3745 681 3826 prius
706 3740 834 3810 166193
858 3766 896 3807 ex
920 3735 998 3808 anuo
1024 3741 1119 3819 1586,
1142 3764 1266 3829 quornm
1280 3745 1410 3808 medium
1426 3736 1566 3806 166238.

217 3835 252 3898 10
277 3834 477 3897 descendente
500 3852 584 3908 vero,
608 3852 647 3895 ex
668 3832 689 3899 5
706 3832 967 3898 observationibus
985 3836 1194 3897 inveneramus
1216 3830 1346 3899 166250
1364 3820 1567 3895 001166278.

218 3923 364 3995 Quamvis
387 3923 480 4004 igitur
502 3922 679 3985 insensibile
703 3923 745 3986 sit
768 3923 945 3999 discrimen,
969 3942 1120 3987 sumamus
1143 3932 1244 3987 tamen
1266 3924 1396 3986 mediam
1420 3914 1566 3997 16026ος

219 4011 263 4073 ita
276 4013 391 4093 utplus
410 4012 538 4074 fidamus
554 4013 751 4075 descendenti
767 4012 954 4075 semicirculo
968 4022 1003 4076 ut
1017 4015 1055 4077 ab
1070 4012 1331 4077 observationibus
1345 4010 1566 4075 confirmatiori.

306 4100 357 4163 Sit
386 4102 480 4182 igitur
510 4101 568 4163 hoc
600 4110 730 4176 certum,
768 4103 799 4165 iu
832 4102 982 4165 anomalia
1013 4102 1113 4165 media
1142 4099 1201 4165 11⁰
1223 4099 1276 4166 520
1299 4099 1473 4165 distantiam
1497 4116 1566 4160 esse

222 4181 360 4253 166260.
417 4190 520 4263 Quare
553 4191 580 4253 si
606 4190 825 4272 quantumlibet
863 4210 968 4253 crasso
999 4193 1088 4255 modo
1118 4190 1345 4273 praeconcipias
1374 4188 1565 4271 hypothesin,

217 4298 294 4365 qnae
324 4279 414 4358 paulo
446 4287 517 4360 post
544 4280 747 4351 confirmanda
776 4291 839 4357 est,
877 4280 1026 4362 sequitur,
1065 4280 1198 4363 qualium
1224 4278 1327 4343 radius
1356 4284 1401 4340 cst
1424 4272 1564 4352 100000,

217 4365 324 4431 talium
361 4367 577 4447 particularum
609 4389 668 4431 uon
700 4365 872 4434 01100164
901 4390 993 4450 00000
1022 4388 1195 4441 accrescere
1222 4369 1382 4432 distantiae
1414 4365 1563 4447 apheliae,

216 4457 315 4521 minus
339 4457 440 4531 etiam,
463 4457 490 4520 si
512 4458 609 4521 utaris
631 4459 791 4541 hypothesi
812 4458 939 4542 perfecti
962 4460 1074 4523 circuli.
1121 4458 1197 4522 Illae
1220 4477 1291 4521 vero
1314 4456 1486 4539 particulae,
1510 4474 1564 4535 per

217 4554 466 4629 praeconceptam
480 4548 703 4628 proportionem
718 4548 842 4623 orbium,
857 4557 892 4610 ut
905 4548 960 4611 illa
974 4568 1037 4629 000.
1050 4548 1148 4613 XLII.
1166 4549 1394 4621 estconstituta‚
1410 4546 1562 4618 redactae,

219 4636 354 4699 efficiunt
380 4634 500 4697 circiter
522 4634 588 4701 250
595 4658 604 4714 ;
636 4645 667 4699 01
688 4637 746 4699 hae
770 4637 891 4700 additae
915 4640 952 4699 ad
981 4632 1108 4703 166260
1131 4638 1264 4700 01101001
1284 4630 1418 4701 166510.
1464 4632 1564 4714 Supra

221 4745 295 4829 vero
317 4724 506 4877 caglssong:
538 4726 705 4876 iprenimus
728 4745 766 4787 ex
789 4726 999 4791 infirmioribus
1023 4726 1282 4789 observationibus
1308 4718 1448 4798 166780,
1472 4722 1562 4784 dilie-

217 4824 317 4877 rentua
446 4835 465 4876 a
495 4832 667 4877 rcuarum:

306 4833 446 4985 Agemuis)
475 4901 519 4965 sic
547 4904 639 4965 etiam
668 4924 732 4967 cum
761 4904 909 4966 distantia
929 4903 1100 4985 perihelia,
1124 4924 1199 4987 quae
1223 4923 1289 4985 cap.
1308 4900 1407 4965 XLII.
1433 4900 1490 4963 tuit
1511 4900 1561 4963 iu-

218 5003 309 5057 venta
335 4990 472 5069 138500,
496 5012 535 5055 ex
557 4992 817 5057 observationibus
840 5014 900 5057 uon
923 5001 972 5055 sat
994 4994 1097 5057 firmis.
