3517 5525
242 382 308 454 428
721 381 763 440 De
782 379 890 441 Motibus
908 379 1007 444 Stellae¹
1018 379 1107 440 Martis

242 586 399 649 possemus
432 566 550 640 dicere,
574 562 654 626 illum
678 565 775 647 ipsum
799 585 884 642 esse,
923 585 1009 648 quem
1041 565 1089 627 hie
1113 565 1300 645 quaerimus:
1325 566 1432 648 quippe
1457 573 1526 630 tunc
1550 565 1586 629 de

245 657 381 718 omnibus
396 655 526 736 planetis
544 673 644 718 verum
665 674 733 718 esse
752 665 867 735 posset,
884 659 978 720 nudos
994 653 1044 737 (ut
1058 655 1105 717 hic
1120 656 1149 720 iu
1161 655 1288 717 Telluris
1304 653 1490 730 circuitibus)
1506 675 1588 718 com-

244 755 348 826 petere
372 746 400 805 iu
427 745 567 824 apsidas:
598 741 700 823 itaque
727 759 883 825 utramque
908 746 1104 818 varietatem,
1129 753 1160 804 et
1184 745 1417 809 ecceutrioitatis
1440 747 1469 808 iu
1494 747 1587 808 altum

245 845 277 896 et
311 833 497 914 obliquitatis
530 833 560 894 in
593 832 704 908 latum,
742 834 781 895 ab
813 836 919 896 eadem
958 835 1104 896 diametro
1137 833 1271 895 virtuosa
1294 835 1386 909 effici;
1419 853 1476 915 quo
1498 844 1588 916 pacto

244 924 363 1003 maguis
397 921 638 993 difficultatibus,
669 941 744 1002 quae
776 923 862 985 nobis
887 943 952 1003 cap.
977 923 1091 985 LXIII.
1116 922 1240 984 relictae
1265 931 1351 996 sunt,
1387 925 1586 988 liberaremur.

244 1013 287 1075 Et
310 1012 428 1092 quidem
451 1031 588 1092 apogaea
610 1009 709 1085 Solis,
738 1011 864 1087 Martis,
897 1012 1000 1084 Jovis,
1031 1011 1153 1073 Saturni
1177 1013 1368 1073 consentiunt
1389 1013 1588 1076 mediocriter.

245 1101 384 1164 Omnium
409 1101 486 1162 euim
510 1101 598 1162 trium
623 1101 805 1180 superiorum
831 1101 950 1180 aphelia
974 1100 1095 1162 suntin
1120 1101 1224 1162 eodem
1248 1101 1433 1164 semicirculo
1452 1111 1483 1164 et
1503 1103 1590 1165 simul

245 1191 275 1253 iu
301 1192 406 1254 eadem
429 1191 521 1269 plaga
543 1189 767 1268 septentrionis.
813 1191 920 1270 ltaque
945 1190 974 1250 in
998 1190 1091 1251 Libra
1114 1200 1196 1251 esset
1218 1209 1308 1252 verae
1333 1191 1490 1271 eclipticae
1504 1193 1591 1254 limes

246 1281 407 1355 austrinus,
432 1289 463 1340 et
486 1280 594 1341 boreus
618 1279 647 1339 in
670 1279 791 1350 Ariete,
817 1279 893 1358 quod
918 1280 1053 1356 congruit
1077 1279 1287 1357 superioribus.

336 1368 398 1432 Sed
421 1367 586 1429 differenda
609 1376 656 1427 est
678 1368 815 1448 plenaria
838 1368 927 1447 hujus
950 1369 993 1428 rei
1017 1367 1228 1442 consideratio,
1251 1389 1345 1448 usquc
1370 1370 1437 1430 dum
1462 1368 1590 1430 omnium

246 1459 436 1539 planetarum
457 1464 560 1523 motus
583 1457 623 1518 ad
646 1475 745 1520 veram
770 1465 801 1517 et
824 1457 910 1516 uubis
934 1457 1083 1536 cognitam
1107 1457 1274 1536 eclipticam
1290 1457 1450 1520 examinati
1470 1459 1589 1520 luerint.

335 1547 430 1608 Porro
454 1546 522 1606 huic
546 1545 676 1625 opinioni
700 1547 736 1606 de
760 1547 874 1606 latente
899 1546 1002 1647 aliquo.
1021 1545 1104 1624 regio
1129 1546 1247 1620 circulo,
1274 1547 1401 1610 exsule
1425 1548 1503 1608 iuter
1517 1548 1593 1610 fixas

248 1646 437 1739 propagato,
460 1633 671 1696 testimouium
703 1634 873 1724 praebet'
865 1653 933 1714 ipsa
963 1633 1052 1695 etiam
1081 1635 1169 1714 vulgo
1193 1637 1307 1698 usitata
1330 1636 1492 1716 obliquitas
1516 1635 1590 1698 ecli-

247 1726 360 1808 plicae,
385 1743 461 1808 quae
483 1725 521 1784 ab
541 1734 703 1803 aequatore
726 1733 934 1802 computatur:
969 1741 1056 1805 quam
1079 1723 1190 1785 rectius
1214 1725 1380 1786 diceremus
1403 1725 1592 1787 latitudinem

251 1810 424 1895 aequa'toris
457 1813 494 1874 ab
527 1813 675 1893 ecliptica.
730 1813 789 1875 Est
820 1824 919 1873 autem
954 1820 1098 1893 aequatur
1131 1813 1257 1874 circulus
1286 1816 1433 1877 maximus
1457 1814 1591 1894 corporis

247 1903 390 1978 Telluris,
415 1903 529 1963 medius
553 1901 631 1963 iuter
653 1903 739 1980 pulos
762 1901 964 1963 consensionis
989 1901 1112 1962 diurnae
1131 1903 1260 1964 Telluris
1286 1903 1366 1964 circa
1388 1921 1472 1966 axem
1497 1921 1590 1964 sunm.

248 1995 292 2056 Et
325 1991 468 2057 tribuitur
504 1992 583 2054 idem
621 1992 792 2072 aequaturis
824 2011 877 2052 seu
907 1989 1135 2070 aequinoctialis
1164 2009 1268 2052 numen
1301 1991 1390 2054 etiarn
1414 1992 1459 2054 illi
1483 1991 1591 2054 tractui

168 2109 177 2129 ·
251 2081 398 2163 sphaerae
421 2083 560 2155 fixarum,
589 2080 638 2159 qui
668 2079 801 2160 quolibet
824 2079 926 2141 seculo
950 2079 1104 2160 aequaturi
1127 2080 1275 2144 Terrestri
1300 2089 1462 2161 superstat.
1508 2081 1591 2142 Idem

250 2172 387 2252 polorum
411 2189 517 2232 nornen
541 2169 660 2248 punctis
683 2171 807 2230 lixarum
830 2168 878 2240 iis,
903 2187 977 2249 quae
1000 2169 1078 2248 polis
1092 2167 1222 2232 Telluris
1244 2171 1347 2249 quovis
1367 2171 1468 2232 seculo
1484 2189 1591 2249 super-

249 2269 341 2323 stant.
391 2260 448 2322 Hic
485 2259 576 2337 igitur
607 2259 675 2318 axis
708 2265 739 2318 et
769 2257 898 2319 circulus
926 2257 1074 2320 maximus
1109 2257 1267 2320 inclinatus
1292 2268 1341 2321 est
1363 2261 1399 2321 ad
1424 2259 1592 2339 eclipticam

249 2349 318 2411 aliis
341 2349 454 2410 seculis
479 2348 578 2413 aliter.
626 2344 746 2416 Quanto
770 2347 847 2407 enlm
868 2347 959 2408 bodie
975 2346 1078 2448 nmajor
1100 2355 1149 2407 est
1169 2347 1260 2408 borea
1283 2349 1410 2410 latitudo
1424 2349 1546 2410 fixarum
1564 2350 1593 2410 in

249 2436 378 2511 Cancro,
399 2434 573 2501 australis
565 2455 594 2498 ιιι
617 2434 810 2516 Capricorno,
834 2442 919 2496 tauto
943 2435 1037 2496 minor
1060 2443 1107 2496 est
1126 2436 1213 2498 hodie
1224 2436 1352 2503 latitudo
1369 2439 1539 2520 sequuturis
1555 2437 1593 2499 ab
1662 2460 1667 2470 ·

250 2528 391 2608 ecliptica
424 2546 511 2606 quarn
542 2526 626 2598 olim,
658 2524 728 2604 quia
756 2524 786 2584 in
811 2523 928 2587 Cancro
961 2531 993 2584 et
1023 2522 1206 2602 Capricorno
1243 2525 1404 2605 obliquitas
1439 2526 1514 2589 haec
1546 2536 1597 2590 est

252 2616 394 2679 maxima.
440 2614 520 2677 Olim
544 2615 661 2694 quidem
686 2621 752 2674 erat
774 2608 835 2675 23⁰
863 2607 981 2694 51¹,¹:J
1012 2613 1099 2676 hodic
1123 2623 1170 2675 est
1192 2609 1254 2676 23⁰
1282 2610 1394 2700 31¹J,¹,
1427 2615 1597 2678 differentia

253 2703 320 2783 20⁴,
345 2713 457 2787 quauta
479 2712 526 2766 est
549 2711 579 2765 et
601 2722 649 2767 mu
652 2702 727 2765 tatio
750 2701 916 2765 latitudinis
940 2703 1072 2765 fixarum

345 2795 404 2857 Est
426 2802 526 2857 autern
549 2800 794 2862 cousentaneum,
819 2792 960 2853 circulum
988 2790 1191 2873 aequaturium
1215 2812 1279 2855 curn
1303 2810 1360 2855 exe
1390 2814 1442 2855 suo
1466 2802 1498 2857 et
1518 2794 1597 2875 polis

253 2892 397 2987 perpetuo
421 2883 539 2964 aequali
563 2890 593 2943 et
616 2882 674 2943 liro
698 2881 796 2961 spatio
820 2881 1037 2942 declinaturum
1069 2881 1161 2942 fuisse
1185 2902 1203 2941 a
1225 2882 1303 2961 polis
1327 2883 1483 2963 eclipticae
1506 2882 1596 2963 hujus
1656 2927 1662 2942 .

254 2976 324 3049 MK,
349 2973 375 3034 si
399 2974 539 3053 ecliptica
561 2992 633 3033 vera
654 2971 842 3077 praecipuus*
854 2978 937 3031 esset
960 2970 1086 3045 circulus
1109 2970 1219 3033 muudi.
1267 2970 1345 3041 Quia
1369 2992 1440 3035 iero
1456 2972 1595 3053 ecliptica

252 3072 378 3129 mutata.
403 3062 490 3141 hujus
514 3062 603 3123 etiam
627 3062 695 3122 axis
720 3064 766 3133 (et
788 3059 847 3120 nusi
869 3059 1050 3139 sequuturis,
1075 3058 1158 3137 cujus
1183 3068 1230 3120 est
1252 3059 1309 3123 iste
1333 3063 1413 3137 axis)
1438 3055 1611 3125 inclinatio'

254 3154 292 3215 ad
316 3152 485 3231 eclipticam
508 3150 627 3213 variata
649 3158 711 3221 est,
744 3157 778 3210 ut
800 3156 941 3229 quantum
971 3148 1111 3226 ecliptica
1134 3148 1240 3209 adsis
1263 3150 1292 3209 iu
1318 3148 1435 3213 Cancro
1458 3151 1595 3222 recessit,
1623 3167 1634 3182 ⁸

253 3251 371 3306 tantum
400 3242 438 3303 ad
462 3249 653 3321 aequaturem
678 3238 857 3311 accesserit;
889 3237 979 3316 igitur
1001 3244 1146 3317 aequatur
1168 3238 1206 3297 ad
1231 3233 1319 3299 ulium
1344 3240 1472 3321 aliquem
1495 3240 1596 3301 circu-

253 3330 315 3393 lum
337 3332 455 3394 videtur
472 3331 549 3390 tueri
563 3328 786 3391 inclinationem
802 3332 1000 3389 constantem.
1038 3326 1181 3404 Magnam
1199 3326 1290 3405 igitur
1308 3348 1436 3402 causam,
1457 3348 1596 3408 magnam

255 3420 432 3500 dignitatem
465 3419 553 3499 hujus
585 3418 667 3479 caeci
691 3415 792 3477 circuli
824 3433 892 3478 esse
922 3423 1048 3516 oportet.
1094 3414 1198 3497 Itaque
1231 3417 1366 3478 omnibus
1388 3418 1593 3480 uerisimilitu-

254 3509 373 3573 dinibus
397 3506 551 3586 consurgit
572 3506 658 3567 nobis
682 3504 811 3567 circulus
834 3502 943 3585 aliquis
958 3504 1059 3582 regius
1073 3500 1163 3565 LOM
1178 3504 1292 3567 medius
1311 3507 1388 3595 inter
1405 3507 1595 3587 planetarum
1700 3523 1705 3532 ·

134 3628 140 3639 ·
256 3600 394 3673 circulos,
418 3596 566 3677 adquem
590 3594 854 3673 omuesplanetae
878 3592 979 3653 ethic
1003 3592 1092 3653 etium
1110 3594 1197 3655 Mars
1225 3602 1344 3657 tueatur
1357 3585 1593 3658 incIInatioueru

256 3695 452 3751 constantem.
498 3686 563 3747 Nec
586 3684 675 3755 debet
695 3702 751 3743 nos
774 3683 894 3743 turbare
913 3682 1016 3743 Lunae
1040 3682 1214 3760 exemplum,
1240 3684 1323 3763 cujus
1343 3684 1449 3746 estad
1473 3683 1593 3764 eclipti-

254 3795 333 3852 cam,
369 3796 430 3837 uou
457 3792 530 3836 uero
560 3774 599 3835 ad
628 3772 719 3833 alium
748 3770 877 3850 aliquem
910 3770 1051 3836 circulum
1078 3771 1253 3847 merlinum,
1285 3782 1316 3833 et
1348 3773 1417 3835 olim
1441 3782 1473 3835 et
1494 3772 1595 3847 hodie,

255 3865 442 3946 transposita
465 3862 612 3944 ecliptica,
637 3869 779 3923 constans
803 3860 956 3921 inclinatio
980 3854 1028 3921 5⁰.
1076 3862 1157 3921 luter
1170 3860 1285 3923 Lunam
1309 3862 1388 3923 enim
1408 3869 1439 3922 et
1452 3862 1593 3942 planetas

256 3964 374 4019 eeteros
397 3954 502 4035 ingens
526 3960 573 4018 ost
594 3950 764 4013 discrimen.
804 3946 905 4010 Ceteri
929 3949 1016 4011 orbes
1041 3956 1173 4011 centrum
1188 3950 1289 4013 muudi
1305 3952 1460 4027 ambeuut;
1485 3950 1590 4013 Lunae

257 4045 338 4107 orbis
369 4043 453 4104 solus
481 4044 531 4115 (ut
558 4060 661 4103 crasse
687 4040 806 4121 loquar)
830 4047 879 4099 est
902 4046 987 4099 extra
1010 4047 1142 4099 centrum
1166 4045 1197 4098 et
1219 4048 1442 4120 transportatur
1465 4042 1502 4101 de
1527 4040 1592 4100 loco

256 4136 288 4198 iu
311 4134 416 4195 lucum.
462 4130 513 4193 Illi
536 4127 729 4193 communiter
753 4128 854 4190 Solem
878 4126 1068 4200 circumeunt,
1092 4128 1178 4188 Luna
1201 4128 1361 4191 Tellurem.
1401 4130 1522 4191 Illomur
1542 4146 1594 4190 ec-

257 4220 461 4284 ceutricitates
483 4228 623 4300 totaeque
648 4216 780 4280 theoriae
803 4214 998 4295 longitudinis
1022 4223 1053 4276 et
1076 4216 1243 4278 latitudinis
1267 4238 1284 4278 a
1307 4217 1378 4279 Sole
1402 4226 1592 4297 consurgunt,

256 4309 361 4377 Lunae
385 4330 405 4371 ιι
426 4310 545 4372 Tellure
570 4307 681 4371 mobili.
728 4307 802 4369 Illos
826 4305 880 4367 Sol
903 4304 932 4365 iu
957 4304 1097 4365 circulum
1120 4306 1209 4386 rapit,
1232 4306 1347 4368 Lunam
1362 4307 1475 4370 Tellus.
1513 4306 1593 4377 Quid

258 4403 365 4465 mirum
399 4398 507 4479 igitur,
538 4399 564 4463 si
586 4398 675 4460 Luna
697 4394 886 4461 latitudinum
910 4412 1029 4455 suarum
1052 4392 1164 4455 limites
1187 4394 1225 4457 ad
1249 4396 1416 4475 eclipticam
1440 4396 1594 4459 luxatilem

257 4490 330 4567 ΗΚ,
354 4489 409 4551 sub
433 4508 491 4569 qua
512 4486 641 4551 Telluris
665 4493 712 4547 est
735 4484 873 4556 circulus,
897 4490 1070 4543 constantes
1084 4490 1193 4557 tuetur,
1218 4486 1325 4547 ceteris
1344 4484 1474 4565 planetis
1492 4486 1539 4547 hic
1555 4485 1593 4545 ad

260 4582 350 4643 alium
372 4578 502 4659 aliquem
525 4576 666 4640 circulum
686 4572 900 4647 invariabilem,
925 4580 957 4633 ut
975 4569 1089 4647 LOIM,
1112 4572 1361 4653 respicientibus?
1402 4576 1505 4655 ltaque
1521 4572 1593 4635 nihil

260 4689 315 4733 nos
337 4668 424 4733 Luna
447 4666 537 4727 debet
557 4664 710 4746 impedire.
734 4682 791 4746 quo
813 4661 910 4723 miuus
932 4661 989 4726 hoc
1013 4660 1178 4723 credamus.

348 4756 415 4821 Hoc
449 4753 543 4834 igitar
571 4762 711 4833 recepto,
747 4748 858 4811 Martis
889 4749 1015 4813 orbitam
1039 4758 1209 4815 constanter
1232 4748 1369 4817 inclinari
1392 4752 1430 4813 ad
1452 4751 1593 4815 circulum

261 4846 388 4931 aliquem
416 4844 472 4907 sub
495 4844 601 4907 iisdem
623 4862 742 4923 semper
763 4838 832 4905 lixis
854 4833 1052 4913 constantem,
1075 4848 1109 4900 ut
1130 4836 1250 4915 LOIM,
1287 4840 1437 4921 sequitur,
1470 4840 1594 4903 eandem

260 4870 371 5009 Maqrtis
395 4934 524 5002 orbitam
545 4933 613 5005 aliis
638 4931 746 4993 seculis
770 4929 857 4990 aliter
880 4925 1017 4989 inclinari
1040 4927 1077 4988 ad
1099 4926 1269 5009 eclipticam
1290 4928 1359 5005 HK,
1382 4935 1416 4991 ut
1437 4948 1511 5010 quae
1535 4930 1593 4992 ali-
