3517 5525
628 346 690 458 eeu
711 406 800 459 Prima.
837 406 918 475 caput
935 408 969 461 II.
1410 405 1471 475 179

128 584 247 660 matrix,
271 602 397 670 quaese
415 584 484 663 ipsa
504 584 568 647 siue
591 603 714 666 corpore
729 586 759 649 iu
774 588 799 649 B
817 586 1005 649 concentrico
1025 587 1143 667 aequali
1164 588 1269 650 virium
1282 587 1470 651 contentione

129 674 290 736 circumeat
311 676 394 736 circa
416 692 522 753 corpus
545 674 574 736 iu
598 675 644 749 A,
677 677 876 757 aequalesque
901 677 938 737 ab
963 694 999 736 eo
1026 684 1146 739 tueatur
1169 677 1346 752 distantias3
1375 678 1472 740 altera

127 764 222 824 virtus
239 764 323 825 sitin
339 764 404 841 ipso
420 760 445 825 0
462 782 584 843 corpore
599 766 749 844 planetae,
768 784 843 846 quae
859 766 1001 827 virtutem
1024 765 1228 846 incorporeum
1243 766 1272 827 iu
1290 769 1316 830 B
1332 765 1470 828 animad-

126 861 245 913 uertere
274 872 416 932 suamque
447 854 485 913 ad
517 872 582 914 eam
612 854 863 935 propinquitatem
896 855 1057 917 aestimare
1090 864 1121 916 et
1151 856 1246 927 tueri,
1284 854 1409 935 denique
1441 864 1472 918 et
1510 890 1513 901 ·
1581 906 1584 912 ,

127 960 194 1003 eam
221 940 375 1003 circumire
407 941 603 1021 aequabiliter
631 942 737 1022 possit.
783 942 912 1005 Rursum
935 944 1036 1023 itaque
1064 944 1139 1005 haec
1167 945 1262 1007 virtus
1285 944 1314 1004 iu
1337 943 1470 1022 pluribus

126 1031 332 1110 occupabitur.
378 1028 441 1091 Sed
473 1039 505 1092 et
534 1049 586 1110 per
605 1050 650 1092 nse
683 1032 872 1108 incredibile,
906 1033 1047 1094 virtutem
1078 1034 1208 1113 aliquam
1239 1033 1470 1097 immaterialem

126 1119 257 1181 residere
282 1120 386 1180 innon
409 1138 542 1199 corpore,
566 1120 677 1183 moveri
699 1121 730 1183 in
753 1123 817 1184 looo
842 1129 873 1183 et
896 1132 1038 1207 tempore,
1062 1142 1118 1185 nec
1140 1130 1240 1189 tamen
1263 1121 1373 1185 habere
1397 1124 1470 1185 sub-

122 1210 253 1290 ject-um,
283 1228 315 1270 se
343 1209 441 1288 ipsam
464 1209 591 1289 'iuquam
623 1228 743 1272 movere
773 1212 809 1273 de
837 1210 902 1272 loco
933 1212 962 1273 iu
995 1210 1101 1275 locum.
1153 1212 1254 1291 Atque
1283 1228 1339 1291 ego
1367 1210 1472 1273 horum

127 1297 324 1361 absurdarum
350 1298 535 1360 assumtione
560 1299 616 1360 hoo
644 1318 715 1379 ago,
745 1306 780 1361 ut
806 1300 927 1362 taudem
955 1299 1118 1375 obtineam,
1147 1320 1205 1363 non
1232 1319 1321 1379 posse
1348 1300 1411 1361 fieri
1439 1308 1472 1361 ut

127 1387 222 1449 omnis
246 1396 378 1449 motuum
398 1406 490 1449 causa
512 1389 560 1451 vel
584 1389 612 1448 iu
644 1407 766 1469 corpore
793 1392 933 1469 planetae
960 1389 1008 1450 vel
1037 1390 1113 1450 alias
1136 1389 1165 1451 iu
1190 1390 1260 1451 orbe
1293 1390 1358 1468 ejus
1381 1389 1471 1451 inha-

127 1477 216 1550 bitet,
241 1478 379 1557 viamque
404 1486 518 1539 struam
542 1478 580 1537 ad
606 1477 717 1539 formas
740 1487 871 1541 motuum
896 1478 971 1540 alias
996 1477 1145 1540 faciliores
1168 1478 1404 1559 persuadendas.

213 1567 299 1627 Haec
332 1567 479 1645 explicavi
510 1562 708 1642 ὑποθετικως,
741 1569 768 1629 si
800 1586 905 1647 nempe
934 1568 1117 1629 astronomia
1140 1567 1177 1629 de
1200 1568 1401 1631 schematibus
1424 1566 1469 1627 his

127 1663 269 1725 testetur,
293 1656 371 1735 quod
393 1657 452 1717 iter
474 1656 615 1735 planetae
638 1656 679 1717 sit
703 1658 772 1718 talis
795 1656 947 1736 perlectus
971 1655 1096 1718 circulus
1121 1657 1323 1730 eccentrious;
1346 1674 1421 1737 quae
1446 1655 1472 1717 si

126 1745 195 1826 quid
218 1744 300 1805 aliud
323 1745 479 1821 invenerit,
504 1745 723 1824 speculationes
747 1766 860 1827 quoque
884 1746 1026 1827 physicae
1043 1745 1251 1809 mutabuntur.

214 1834 249 1895 In
275 1834 330 1895 hac
353 1834 444 1913 igitur
467 1834 676 1915 hypothesium
699 1834 931 1916 aequipollentia
953 1854 1011 1896 nou
1030 1842 1148 1897 tantum
1170 1841 1350 1917 apparentes
1369 1827 1471 1911 auguli
1563 1830 1571 1839 '

129 1922 168 1983 ad
191 1926 231 1997 A,
255 1947 285 1996 α,
311 1924 364 1984 sed
387 1924 454 2001 ipsa
478 1925 569 1985 etiam
592 1923 749 1985 verissima
770 1925 958 2003 planetarum
981 1922 1088 1985 itinera
1109 1943 1164 2005 per
1177 1942 1279 1989 auram
1298 1922 1471 1983 aetheream

127 2020 250 2073 manent
274 2012 377 2072 eadem
401 2011 546 2095 utrinque.
595 2009 721 2081 Qualem
746 2014 823 2074 euim
847 2022 878 2075 et
898 2020 1040 2095 quantum
1066 2032 1166 2075 arcum
1197 2015 1320 2097 planeta
1352 2009 1492 2089 conficit,

127 2121 165 2162 ex
193 2099 221 2163 O
241 2101 270 2161 in
293 2100 320 2161 Ε
345 2100 425 2162 circa
447 2103 586 2181 angulum
610 2100 707 2177 ΘΑΕ,
737 2104 828 2164 talem
858 2108 890 2164 et
913 2111 1029 2165 tantum
1052 2102 1171 2165 conficit
1193 2105 1284 2166 etiam
1300 2104 1344 2163 “ex
1366 2123 1381 2181 γ
1403 2098 1431 2161 iu
1455 2120 1470 2159 s

127 2189 206 2252 circa
229 2191 384 2272 aequalem
406 2213 465 2269 yae
489 2190 639 2271 angulum.
1106 2218 1109 2223 ¹

697 2779 817 2879 Caput
842 2778 909 2854 ΙΠ.

130 2940 185 3003 De
210 2937 456 3021 aeqrcipollaetia
482 2949 511 3002 et
538 2942 769 3022 suspiratione
802 2940 1000 3004 diuersarum
1030 2941 1184 3006 munuum
1217 2949 1246 3006 st
1277 2941 1474 3004 diversarum

173 3031 346 3111 quassate
368 3030 585 3112 hypothesium
606 3030 651 3094 ad
673 3029 902 3111 effouuaaaun
921 3050 1017 3092 uuum
1039 3037 1068 3093 et
1085 3030 1170 3094 taen
1186 3027 1337 3112 plauctus
1358 3030 1428 3093 iter.

217 3169 358 3252 Sequitur
381 3180 414 3234 ut
437 3171 602 3245 ostendam,
628 3171 772 3252 quomodo
797 3171 876 3232 idem
899 3168 946 3232 hic
969 3171 1108 3250 planetae
1124 3178 1233 3246 motus,
1255 3170 1284 3231 iu
1300 3189 1332 3232 se
1351 3189 1475 3233 maneus

130 3261 281 3340 aequalis,
311 3261 402 3323 aliam
432 3271 533 3322 tamen
564 3269 653 3340 atque
685 3260 777 3320 aliam
800 3259 931 3340 speciem
953 3277 1025 3340 prae
1050 3279 1082 3320 se
1107 3260 1184 3320 ferre
1207 3260 1319 3339 possit,
1343 3266 1374 3322 et
1398 3278 1472 3340 quo-

130 3350 219 3410 modo
241 3350 291 3412 hic
315 3351 421 3412 ambae
445 3337 557 3413 formae
581 3348 810 3428 aequipolleant.

219 3437 344 3503 seusu
358 3440 388 3502 A
402 3448 432 3502 et
445 3464 460 3519 γ
475 3444 540 3512 (Fig.
554 3444 596 3496 50.
611 3443 667 3511 51),
681 3437 857 3502 interuallis
869 3457 940 3500 uero
953 3433 1021 3524 AC,
1040 3461 1073 3516 ys
1087 3433 1280 3517 aequalibus,
1297 3432 1476 3500 testamur

129 3528 245 3594 circuli
268 3527 331 3604 CD,
357 3525 400 3605 εζ,
424 3531 536 3612 quibus
558 3535 695 3609 aquatus·
718 3525 784 3598 GA,
802 3551 835 3606 sy
854 3549 913 3610 per
936 3533 1042 3590 saura
1061 3523 1240 3608 parallelae
1263 3527 1307 3589 ad
1328 3527 1473 3588 luricam

75 3620 79 3628 '
129 3631 223 3704 atque
245 3619 290 3682 ad
312 3619 370 3682 has
391 3618 582 3682 e'uclc'ueutur
604 3619 717 3680 damae
732 3637 795 3700 per
816 3625 924 3680 cerasa
946 3615 1041 3693 aliae,
1055 3616 1122 3689 ΑΒ,
1142 3620 1187 3693 γδ,
1210 3617 1342 3698 itemque
1358 3613 1425 3688 An,
1442 3609 1481 3692 γζ

129 3711 240 3798 itidem
257 3707 447 3792 parallelae.
487 3708 655 3771 Scrlhatur
678 3708 774 3771 maru
796 3707 874 3770 esB
899 3703 1056 3788 epicyclus
1076 3703 1243 3769 interuallo
1258 3705 1323 3779 BE,
1345 3701 1474 3767 itiduu-

129 3820 188 3882 qae
210 3819 250 3862 ea
273 3797 300 3858 D
322 3795 488 3861 laumello
511 3793 640 3878 aequali
661 3793 731 3871 DG,
755 3804 784 3859 et
806 3794 974 3859 cohocetur
993 3793 1123 3875 planeta
1145 3793 1179 3856 iu
1201 3793 1228 3856 Ε
1251 3799 1280 3858 et
1303 3792 1343 3868 G,
1366 3789 1476 3856 utDG

130 3896 159 3953 et
172 3887 230 3950 AB
253 3889 319 3950 siut
335 3884 523 3970 parallelae.
546 3883 677 3969 ⁸lh'dem
698 3883 861 3948 eumaeo
877 3883 931 3944 BE
955 3877 1087 3966 aequale
1109 3883 1315 3946 aooute'tuatru
1336 3883 1372 3946 e‘u
1389 3881 1476 3945 liuea

130 3985 181 4059 ty,
205 3976 290 4060 quod
311 3977 353 4039 ss't
374 3977 428 4055 γβ,
458 3978 494 4038 iu
515 3982 627 4057 partes
657 3976 762 4057 ipsso
791 3974 985 4037 euacua.-
1016 3981 1045 4035 et
1066 3979 1267 4037 aouueotatusr
1291 3969 1320 4033 G
1344 3991 1413 4036 oum
1434 3972 1475 4046 A,

130 4066 239 4142 lcum
266 4067 295 4142 β.
347 4063 609 4149 Aequipollehuat
636 4065 735 4145 ipitur
764 4064 947 4147 hypotheses
970 4083 1032 4144 per
1060 4062 1273 4144 praemissum
1302 4067 1416 4142 caput:
1447 4066 1476 4122 et

130 4157 218 4221 oculo
240 4156 277 4218 iu
298 4152 327 4215 A
350 4163 379 4216 et
396 4156 417 4231 β
439 4155 613 4228 constituto,
637 4151 784 4234 aequales
806 4157 898 4214 eruut
911 4149 1010 4222 EAG,
1026 4147 1104 4228 δβζς
1128 4149 1275 4232 aequales
1297 4153 1392 4214 etiam
1406 4147 1474 4224 ΕΑ,

131 4248 180 4324 th,
203 4245 279 4306 itera
302 4240 371 4317 GA,
395 4238 451 4321 ζβ;
475 4243 607 4323 denique
636 4262 732 4304 arcus
753 4239 812 4303 EG
834 4248 864 4304 et
888 4237 928 4312 δζ
953 4237 1108 4322 aequales.
1157 4237 1324 4303 Sulhatur
1340 4239 1414 4326 jam
1436 4259 1476 4304 ea

131 4328 218 4410 1350,
235 4332 265 4394 D
287 4331 447 4416 epieyclus
468 4333 582 4403 misor,
605 4329 769 4395 tntuuallo
787 4330 839 4398 ΒΙ,
858 4328 918 4404 OF,
935 4329 1010 4390 DH:
1034 4337 1063 4392 et
1085 4329 1283 4392 couhuuetur
1304 4327 1420 4394 noea
1433 4329 1473 4390 F:

80 4497 86 4505 ,
130 4428 252 4510 simple
269 4420 425 4507 paralleli
448 4419 508 4496 CF,
532 4421 585 4496 ΒΙ,
608 4420 686 4481 DH:
718 4427 747 4483 et
769 4418 936 4489 collocetur
964 4419 1055 4480 adeas
1076 4419 1113 4480 la
1134 4419 1164 4487 Ι,
1187 4419 1226 4493 F,
1251 4419 1288 4480 Η.
1333 4420 1475 4482 Rursum

74 4572 88 4597 ,,
129 4512 229 4598 ipisus·
247 4533 308 4594 per·
329 4532 398 4595 cap.
421 4511 471 4574 ΙΙ.
496 4509 635 4574 aradus
657 4509 728 4570 IFH
750 4507 894 4590 aequalis
916 4510 977 4572 erit
998 4506 1115 4570 circulo
1137 4501 1186 4578 δζ.
1232 4509 1354 4572 Areum
1375 4505 1474 4588 lpitur

132 4605 172 4666 lF
192 4602 324 4665 eateude
346 4607 520 4684 amputato
544 4605 570 4674 ὃ,
593 4607 631 4661 ut
649 4600 833 4662 terminetur
855 4600 890 4660 iu
912 4617 944 4672 s;
969 4605 999 4660 et
1020 4598 1059 4660 ah
1083 4614 1175 4678 sper
1197 4619 1211 4675 y
1233 4597 1296 4662 daec
1318 4619 1360 4676 sy,
1383 4602 1418 4657 ut
1440 4617 1473 4673 sy

131 4697 171 4756 sit
190 4689 366 4774 parallelos
384 4691 452 4774 ipsi
470 4687 545 4753 CA:
570 4685 785 4758 et‘iateruallo'
805 4685 857 4748 CF
879 4684 1012 4770 aequale
1035 4686 1242 4750 constituatur
1263 4688 1299 4752 ia
1322 4685 1407 4748 liaea
1430 4707 1472 4761 ey,

132 4782 215 4865 qreod
236 4783 280 4844 eit
300 4804 354 4859 γα,
378 4782 415 4846 s'a
435 4778 546 4864 partes
576 4772 642 4860 ipsl
664 4800 677 4837 s
700 4777 895 4840 saurauer
925 4784 955 4840 et
976 4783 1178 4840 conuersa
1199 4775 1216 4838 I
1238 4785 1268 4840 et
1289 4776 1319 4838 Η
1341 4793 1410 4838 oum
1431 4774 1472 4848 A,

131 4875 177 4935 stc
198 4877 217 4934 t
239 4877 270 4934 et
292 4867 310 4943 ζ
335 4889 405 4932 cum
426 4893 455 4932 a.
501 4869 645 4935 Rursum
672 4868 770 4950 ipitur
801 4863 1052 4949 aequepollehuut
1081 4860 1263 4948 hypotheses
1287 4885 1349 4948 per
1373 4881 1472 4946 prae-

131 4962 260 5033 missum
282 4967 394 5048 caput:
421 4948 450 5024 el
473 4956 563 5022 oeralo
583 4956 620 5020 iu
641 4957 672 5020 A
694 4962 724 5019 et
744 4979 764 5019 a
787 4957 967 5032 causatum,
996 4953 1141 5042 aequales
1162 4961 1254 5018 uruat
1279 4952 1378 5032 FAH,
1402 4945 1472 5032 sol.

350 5052 360 5079 ⁷
1204 5051 1262 5112 ll*
