3517 5525
777 191 788 226 Ι

512 406 544 465 da
560 407 750 468 mmmm
767 414 799 470 da
816 420 886 469 mota
903 412 992 467 atalae
1009 410 1106 467 llartlr.
1170 466 1172 469 .
1439 407 1481 481 27

117 593 288 677 jussimus,
322 599 420 657 utet
449 589 512 651 alia
533 588 798 678 indemonstrata)-
821 594 889 657 ideo
914 593 957 655 sic
985 611 1053 673 ago.
1098 588 1148 655 Ex
1169 592 1241 669 BE,
1264 592 1322 659 ΕΑ
1350 594 1430 659 notis
1454 600 1486 657 et

120 686 214 749 ΒΕΑ
244 680 464 765 comprehenso
498 698 609 763 quaero
640 682 743 761 ΒΑΕ,
772 683 823 768 qni
854 683 882 746 si
910 690 1020 764 aequat
1046 682 1153 759 ΗΔΕ,
1186 682 1298 747 iactum
1329 692 1377 746 εει
1405 682 1499 775 ςιιεά,

120 775 279 856 oportuit:
305 773 363 835 siu
376 770 486 842 minus,
505 770 571 849 jam
593 770 632 831 ad
653 782 747 853 caput
767 772 955 846 revertimur,
979 779 1010 833 st
1033 770 1130 851 ipsam
1153 771 1243 835 etiam
1267 772 1484 853 longitudinem
1515 844 1520 853 ,

18 927 19 932 ,
119 864 258 926 mediam
280 856 450 934 mutamus,
482 865 514 919 et
536 859 576 919 ad
598 879 835 946 unamquamque
857 861 959 923 talem
982 859 1180 923 mutationem
1202 878 1368 941 apogaeum
1391 863 1484 925 toties

18 938 21 963 '
121 960 174 1015 est
197 950 386 1023 mutandum,
411 949 483 1009 dum
506 947 564 1009 duo
595 948 780 1029 oppositii'n
803 949 936 1033 trapezio
968 956 1132 1031 aequentur
1155 947 1175 1011 2
1199 951 1300 1013 rectis.
1347 950 1413 1013 Hoc
1436 958 1486 1015 est

120 1043 207 1125 qnod
230 1041 311 1116 dixi,
331 1038 481 1121 quadrata
502 1035 623 1099 fictione
647 1040 790 1104 utendum
812 1038 916 1103 luisse.
1596 1072 1599 1079 ·

18 1139 19 1174 ι
150 1194 154 1203 ,
213 1130 305 1211 Opus
327 1126 440 1193 Vietae
463 1124 500 1194 de
523 1126 753 1209 aequatiouibns
776 1128 856 1211 apud
878 1126 1052 1209 Tychonem
1075 1120 1137 1189 vidi
1163 1148 1182 1189 a
1204 1135 1234 1191 te
1258 1126 1399 1203 missum,
1429 1129 1487 1193 sed
1572 1168 1574 1175 ›

18 1263 19 1292 r
119 1221 194 1283 ridi
203 1228 336 1283 tantum.
373 1217 481 1297 ltaque
495 1216 555 1279 nisi
569 1234 623 1278 me
633 1216 714 1279 fallit
728 1219 886 1299 negligens
909 1216 975 1296 ejus
999 1214 1157 1295 inspectio,
1180 1216 1238 1279 hoc
1261 1217 1340 1280 idem
1358 1218 1484 1281 demon·-
1508 1244 1516 1251 ·’
1599 1212 1602 1238 ¹

121 1318 215 1385 strat,
240 1328 282 1370 ex
304 1305 402 1369 tribus
425 1304 501 1379 loeis
518 1305 554 1367 in
569 1305 701 1368 ,zodiaco
725 1316 756 1390 ει
770 1306 941 1372 intervallis
955 1310 1122 1384 temporum
1140 1306 1321 1385 geometrice
1340 1323 1484 1388 quaerere
1536 1329 1539 1339 ·

121 1400 225 1464 lorum
251 1393 382 1479 apogaei
405 1400 438 1455 et
460 1394 715 1458 eccentrioitatem
739 1396 907 1477 simplicem
930 1394 993 1456 sine
1017 1400 1180 1475 aequante,
1214 1402 1246 1457 et
1259 1394 1485 1477 ‘longitudinem
1611 1388 1613 1395 ’

122 1489 270 1551 mediam.
319 1486 385 1549 Hac
415 1482 673 1547 demonstratione
701 1506 774 1549 usus
805 1492 854 1547 est
874 1484 979 1567 Tycho
1002 1478 1033 1543 in
1055 1480 1174 1545 theoria
1196 1482 1296 1559 Solis,
1328 1486 1382 1549 sed
1412 1504 1493 1567 spe-¹

122 1578 214 1640 eialis
237 1576 296 1638 illa
319 1581 376 1635 est
422 1573 647 1653 Praes'npponit
668 1575 747 1637 enim
769 1576 827 1637 dno
846 1570 1051 1657 aequinoctia
1097 1573 1132 1633 lu
1155 1572 1398 1652 Landgravianis
1428 1575 1523 1636 de-'v

18 1699 19 1706 ι
122 1662 401 1729 monstrationibus
423 1668 497 1742 puto
519 1664 737 1742 generaliorem
760 1665 869 1740 fnisse,
899 1682 975 1745 quas
1006 1659 1056 1721 hio
1074 1660 1239 1745 aliquando
1262 1662 1334 1724 vidi.
1380 1664 1486 1735 Inveni

122 1756 171 1819 luis
196 1752 309 1817 diebos
332 1760 364 1813 et
386 1769 443 1832 ego
467 1750 608 1833 aliquam,
624 1770 721 1834 =qnam
739 1753 833 1816 Victa
856 1767 1038 1833 cognoscere
1061 1756 1217 1831 potestat
1245 1770 1311 1813 curu
1337 1772 1392 1815 sua
1410 1771 1485 1814 oon·
1523 1768 1524 1771 ’

123 1846 225 1920 ferre,
260 1840 383 1905 sisunt
409 1839 545 1921 ejusdem
575 1842 705 1922 generis.
750 1841 913 1907 Problema
934 1842 1007 1903 hoo:
1219 1911 1225 1923 ι

122 1953 214 2015 super
246 1931 409 2011 contiguas
436 1930 528 1991 bases
559 1930 686 1993 dnomm
715 1932 895 2012 isosceleou,
918 1950 1009 1993 unum
1198 1910 1252 1977 ³⁸¹⁸·
1273 1906 1296 1961 Β·

120 2021 307 2088 namnum
329 2018 489 2094 verticem,
515 2020 685 2083 describere
707 2021 770 2084 alia
791 2022 851 2083 duo
878 2021 1002 2083 scalena

120 2114 161 2173 ad
192 2130 288 2175 unum
319 2108 466 2170 verticem
492 2108 655 2189 imperatos
684 2110 812 2189 angulos
847 2109 1000 2172 habentia.
1071 2139 1132 2231 s
1162 2105 1165 2118 '

123 2200 272 2271 Circulos
308 2206 376 2260 esto
409 2195 513 2273 BCD,
550 2202 781 2279 repraesentans
816 2200 896 2261 viam
932 2199 1002 2281 pla·
1190 2193 1193 2200 ’

123 2300 214 2354 netae
262 2308 316 2352 seu
361 2286 560 2348 eccentrioum
603 2274 774 2367 regularem
813 2307 903 2369 super
948 2309 1002 2351 suo
1045 2234 1071 2347 s

122 2392 230 2461 renuo
255 2382 305 2453 A,
335 2376 367 2437 in
396 2395 435 2438 eo
463 2384 527 2438 tres
555 2376 696 2456 planetae
726 2378 875 2441 stationes
904 2380 942 2454 B,
966 2376 1002 2455 C,
1043 2350 1051 2465 i

121 2474 161 2535 u.
220 2468 388 2530 oannem
418 2464 512 2546 ugron
536 2466 610 2556 sa,
641 2465 713 2547 oa,
735 2469 810 2543 nn,
839 2468 912 2529 nem
938 2467 1002 2543 Bc,
1049 2468 1061 2517 r
1256 2409 1301 2560 ql*

124 2560 193 2635 CI),
226 2556 417 2620 constituunt
448 2554 506 2616 duo
534 2555 664 2617 isoscele
695 2556 735 2618 ad
756 2576 853 2620 unum
874 2558 906 2619 A
933 2576 1003 2619 ver·
1061 2520 1092 2641 b
1114 2473 1275 2754 ἢ

18 2697 19 2705 ,
124 2652 237 2724 tieem,
269 2664 395 2727 quornm
423 2644 515 2705 bases
545 2642 620 2720 Bc,
657 2643 732 2709 CD:
771 2665 846 2728 quae
883 2652 1005 2728 propter
1074 2654 1092 2723 χ’
1109 2575 1335 2835 NK

18 2801 19 2804 ,
125 2741 217 2804 dator
261 2735 390 2816 angulos
424 2734 470 2796 'ad
501 2734 533 2799 A
574 2733 688 2799 habent
723 2745 836 2800 certam
875 2756 1005 2819 pmpor-
1068 2727 1077 2820 ί
1320 2741 1323 2746 “

124 2831 243 2892 tionem
275 2825 328 2886 ad
349 2824 424 2888 ‘CA
460 2825 583 2886 ‚radium
623 2824 736 2888 circuli.
805 2826 904 2907 Super
948 2827 1005 2891 has
1069 2821 1083 2918 l
1126 2877 1127 2882 ,

126 2919 241 3000 igitur
265 2916 375 2977 bases·
404 2921 559 3005 struantur
603 2913 661 2978 dno
704 2913 883 2996 triangula,
928 2939 1004 3001 quo·
1081 2919 1100 2976 l
1288 2889 1337 3024 s

126 3026 193 3071 rum
245 3003 408 3092 verticales
436 3011 622 3084 aequentur
670 3005 835 3086 propositis
885 3009 931 3085 E,
980 3012 1006 3073 F
1100 2977 1287 3084 Rus
1333 3019 1336 3024 ’

128 3089 195 3172 [i'rg.
213 3101 255 3166 7).
307 3094 404 3173 Igitur
440 3092 544 3173 anguli
575 3095 603 3156 Ε
637 3106 706 3156 crus
744 3095 873 3158 alterum
1312 3123 1315 3128 ·

127 3187 331 3270 producatur,
377 3184 505 3272 angulus
542 3183 676 3245 exterior
712 3183 872 3259 bisecetur,

129 3277 216 3359 eique
240 3272 379 3356 aequalis
402 3279 554 3343 statuatur
577 3273 615 3333 ad
637 3268 681 3348 B,
712 3271 738 3336 C
762 3279 827 3348 (mg.
847 3276 875 3344 t)

129 3387 241 3428 uersus
254 3365 286 3428 A
309 3369 341 3423 et
363 3362 520 3440 claudatur
543 3362 768 3443 aequeorurium
789 3360 874 3425 BGC

130 3453 295 3536 (aequales
322 3453 403 3514 euim
441 3458 513 3513 snut
534 3451 584 3532 qni
610 3452 651 3513 ad
677 3451 766 3513 basin
794 3451 874 3525 ΒΟ),

130 3549 250 3627 hocque
273 3542 387 3604 circulo
415 3539 692 3620 comprehendatur.
729 3539 877 3603 Similiter

131 3634 237 3716 auguli
260 3635 374 3704 Fffrg:
391 3635 420 3701 7)
443 3647 512 3691 crus
530 3630 724 3711 producatur,
748 3629 875 3710 angulus

18 3732 19 3737 ’
130 3723 268 3787 exterior
280 3720 441 3794 bisecelur,
456 3719 542 3802 eique
552 3720 695 3802 aequales
705 3727 876 3782 statuantur

18 3814 19 3843 ³
131 3816 171 3878 ad
196 3813 243 3887 Ο,
265 3813 297 3875 l>
319 3829 426 3872 versus
444 3809 475 3871 A
495 3809 689 3890 clausumque
711 3827 876 3891 aeqnecru-

18 3956 19 3963 ,
129 3906 209 3968 rium
229 3901 318 3967 OHD
335 3901 448 3962 circulo
469 3899 737 3961 circumscribatur.
780 3900 877 3963 Seca-

129 3994 208 4058 bunt
232 3989 301 4052 sese
324 3989 428 4056 circuli
441 3987 537 4063 BG&
551 3988 638 4076 Cili)
657 3989 772 4050 duobus
791 3989 875 4051 locis.
1026 4035 1028 4040 -
1246 3997 1250 4002 “

18 4104 23 4167 7
131 4086 210 4148 Esto
242 4080 342 4142 altera
374 4078 469 4141 sectio
491 4077 516 4140 Ι.
563 4077 788 4140 enumerantur
817 4081 871 4154 IB,
893 4081 946 4160 Ic,
976 4083 1028 4146 ΙΙ),
1074 4079 1170 4146 Dico:
1202 4075 1281 4149 BIG,
1312 4073 1384 4140 ΟΠ)
1418 4093 1486 4138 esse

18 4226 19 4229 ,
132 4175 284 4254 imperata
319 4169 488 4249 triangula,
525 4158 643 4232 scilicet
675 4169 722 4231 IA
757 4187 825 4229 esse
863 4170 1118 4237 ecoentricitatem
1154 4165 1331 4251 quaesitam
1352 4173 1389 4228 et·
1414 4165 1485 4228 AlB
1547 4216 1552 4226 .

134 4261 315 4340 distantiam
340 4257 468 4339 apogaei
491 4258 529 4320 ab
550 4261 602 4332 IB,
624 4256 712 4321 KAB
742 4276 814 4321 vero
843 4262 1026 4338 anomaliam
1054 4259 1203 4333 eccentri,
1236 4275 1312 4338 quae
1333 4257 1487 4336 pondera

18 4396 19 4437 7
134 4351 324 4432 longitudine
355 4349 455 4410 media
477 4356 509 4409 et
536 4365 680 4432 apogaeo.
728 4345 804 4410 Cum
834 4353 912 4416 enim
936 4348 1031 4425 GBO,
1055 4347 1138 4418 GOB
1169 4347 1231 4410 sint
1262 4345 1421 4426 aequales,
1455 4353 1486 4405 et

18 4502 19 4506 ,
132 4454 260 4523 uterque
284 4439 426 4501 dimidius
456 4438 614 4500 exterioris
637 4437 717 4518 apud
739 4443 931 4520 'propositum
953 4441 998 4515 Ε,
1024 4438 1122 4522 juncti
1145 4455 1217 4516 ergo
1249 4433 1392 4515 aequales
1416 4439 1486 4495 sunt

18 4564 19 4620 4
133 4535 188 4596 illi.
235 4531 299 4594 Sed
321 4528 465 4608 trianguli
486 4537 550 4590 tres
574 4529 676 4607 anguli
700 4536 770 4590 suut
791 4525 812 4588 2
833 4531 921 4608 recti,
945 4529 1020 4592 ειΕ
1044 4545 1110 4590 cum
1134 4524 1275 4588 exteriori
1300 4531 1370 4584 sunt
1393 4523 1484 4584 etiam

132 4623 273 4697 irecti,
306 4637 379 4700 ergo
411 4617 523 4680 ablatis
553 4615 729 4698 aequalibus
751 4617 778 4679 Ε
801 4627 834 4680 ει
855 4621 886 4684 G
908 4626 996 4682 emnt
1017 4616 1168 4698 aequales.
1216 4613 1277 4678 Sed
1300 4609 1395 4686 EGO,
1414 4609 1484 4673 BlO

135 4715 249 4780 suntin
265 4712 373 4773 eodem
391 4717 557 4788 segmento,
579 4707 721 4794 aequales
743 4708 844 4788 igitur.
879 4711 964 4790 Ergo
979 4703 1047 4770 alo
1070 4712 1118 4767 est
1133 4703 1268 4787 aequalia
1287 4701 1432 4782 imperato
1445 4699 1483 4761 Ε.

134 4808 250 4872 Eodem
274 4800 364 4869 modo
389 4799 611 4861 demonstratur
629 4795 700 4860 cm
727 4799 861 4880 aequalis
884 4799 1030 4880 imperato
1051 4797 1086 4870 F,
1110 4813 1181 4875 ergo
1204 4793 1243 4854 ad
1265 4801 1355 4853 unum
1377 4792 1393 4852 I
1414 4798 1484 4850 rer-

18 4898 19 4973 i
136 4899 225 4961 tieem
247 4911 342 4973 super
361 4886 430 4964 Bc,
452 4887 509 4951 CI)
531 4889 623 4952 bases
647 4893 717 4966 suut
739 4889 886 4970 imperata
906 4885 1068 4968 triangula.
1276 4927 1281 4936 .
1427 4896 1430 4916 =

18 4980 19 4991 '
206 4977 210 4982 ’
317 5001 320 5006 ·
730 4977 896 5064 Uerona.
1093 4965 1418 5085 *marmus-
