3517 5525
700 379 874 501 'namma
1213 430 1218 437 '
1407 436 1469 505 153

94 642 193 693 ‚essm
223 631 322 682 eoum
349 643 416 682 rero
436 627 711 700 inproporiionatsm
729 634 760 702 et
778 627 967 701 prodigiosam
986 628 1159 685 celeri-tatem
1188 628 1260 684 oceli
1279 626 1415 689 hemam,
1446 622 1469 677 si
1505 636 1511 646 ·

119 706 207 761 'l'erra
222 705 360 777 jubeatur
379 726 430 763 suo
449 708 510 763 loco
530 716 562 765 et
580 710 638 764 situ
657 714 733 765 stare
752 711 836 780 plane
856 709 1009 765 immobilis.
1053 732 1056 744 ι

197 788 270 843 Sunt
289 794 384 843 autem
402 790 489 845 multo
508 791 603 860 plnres
616 790 735 855 illorum,
756 790 802 861 qui
816 791 922 861 pietate
936 796 1088 853 moventur,
1110 788 1264 861 quominus
1279 786 1471 844 merueram

118 867 284 937 Cepernico,
313 875 469 926 metuentes
497 888 533 925 ue
553 869 669 941 ὃῃίιίιιιι·
688 870 791 927 Sancto
809 872 839 925 in
857 870 1007 943 scripturis
1035 870 1158 943 loquenti
1183 865 1470 937 mendacium'impin·

116 954 213 1019 gaurs,
236 948 259 1003 si
280 949 394 1005 Terram
414 951 525 1015 moveri,
546 951 640 1006 Solem
659 957 734 1005 stare
754 951 914 1007 dixerimus.

196 1036 245 1093 mi
263 1054 330 1093 vero
349 1039 403 1093 hoo
421 1042 610 1111 perpendant:
631 1057 692 1095 oum
705 1042 845 1096 oculorum
858 1058 941 1095 sensu
954 1040 1074 1113 plurima
1087 1046 1117 1094 et
1131 1039 1274 1111 potissima
1288 1038 1471 1101 addiscamus,

116 1118 287 1189 impossibile
306 1119 386 1174 nobis
407 1136 478 1185 esse,
499 1126 532 1176 ιιι
551 1138 704 1179 sermonem
722 1129 845 1177 noemam
866 1123 903 1176 ab
924 1123 976 1177 hoo
997 1122 1136 1176 oculorum
1157 1136 1240 1175 sensu
1262 1119 1468 1176 abstrahamus.

115 1200 216 1270 ltaque
236 1198 356 1269 plurima
368 1200 490 1271 quotidie
503 1200 634 1266 madunt,
649 1202 697 1256 ubi
711 1219 772 1257 cum
785 1204 926 1257 oculorum
941 1220 1023 1257 sensu
1037 1201 1179 1273 loquimur,
1202 1201 1257 1256 etsi
1271 1206 1348 1255 certo
1362 1199 1469 1262 scimus,

116 1296 174 1334 rem
192 1278 284 1349 msam
304 1280 389 1335 aliter
408 1280 523 1337 habere.
550 1283 714 1353 Exemplum
735 1289 781 1337 est
800 1284 829 1337 in
847 1284 898 1337 illo
918 1300 1000 1338 versu
1020 1282 1144 1354 Virgilii:
1169 1282 1362 1352 ,provehimur
1378 1284 1470 1350 portu,

117 1366 268 1431 terraeque
300 1362 439 1432 urbesque
461 1362 620 1417 recedunt“
671 1363 717 1417 Sic
740 1380 801 1419 οιιιιι
822 1382 860 1418 ex
883 1364 1021 1435 angustiis
1034 1363 1126 1417 'vallis
1148 1362 1266 1432 alicujus
1297 1360 1470 1433 emergimus,

52 1481 57 1494 .
116 1456 249 1512 magnum
270 1458 332 1495 sese
352 1458 478 1512 campum
497 1444 577 1497 nobis
597 1444 707 1514 aperire
726 1444 848 1499 dicimus.
890 1444 937 1499 Sic
956 1444 1081 1498 Christus
1101 1444 1200 1498 Petro:
1231 1444 1292 1496 Duo
1314 1441 1343 1496 in
1366 1442 1468 1502 altum:

116 1520 196 1592 quasi
217 1538 295 1576 mare
314 1521 354 1578 sit
380 1522 466 1577 albus
492 1524 628 1579 litoribus.
670 1524 715 1580 Sic
734 1524 806 1579 enim
827 1531 948 1595 apparet
969 1524 1063 1588 oculis,
1086 1530 1115 1577 et
1135 1522 1219 1594 optici
1241 1538 1341 1577 causas
1362 1523 1471 1576 demon-

115 1608 208 1657 strant
228 1601 313 1672 hujus
333 1602 474 1662 fallaciae
509 1604 635 1660 Christus
654 1622 720 1660 vero
740 1622 866 1661 sermone
878 1606 968 1661 utitur
981 1604 1177 1675 receptissimo,
1200 1603 1353 1674 qui‘tameu
1365 1618 1402 1656 ex
1417 1600 1471 1654 hao
1540 1598 1547 1610 ’

116 1683 257 1737 carlorum
277 1683 395 1739 fallacia
413 1692 458 1739 est
478 1691 565 1742 ortus.
606 1684 652 1739 Sic
669 1692 759 1741 ortum
781 1693 813 1742 et
833 1702 960 1741 occasum
983 1687 1109 1749 siderum,
1133 1686 1185 1739 hoc
1208 1690 1252 1739 est
1274 1698 1417 1739 moeneum
1441 1687 1472 1735 et

114 1765 278 1819 &musam
305 1763 447 1835 degimus:
477 1782 538 1824 cunr
561 1767 658 1821 eodem
680 1772 805 1836 tempore
827 1767 920 1823 Solem
943 1766 991 1821 alii
1015 1765 1108 1821 dicant
1131 1766 1308 1831 descendere,
1340 1780 1394 1834 quo
1422 1778 1471 1816 nos

114 1842 229 1899 menes
248 1844 327 1899 illum
347 1848 506 1901 accudere.
540 1846 610 1901 Vide
624 1847 737 1917 Optices
750 1848 945 1901 astronomiae
961 1848 1028 1916 Cap.
1044 1848 1079 1901 K
1099 1846 1148 1900 fol.
1169 1845 1237 1899 327.
1261 1848 1305 1912 (ll,
1319 1846 1394 1911 aab.)
1427 1841 1472 1897 Sic

115 1924 268 1980 οιίιιιιιιιιιι
289 1925 420 1995 planetas
441 1933 517 1981 stare
540 1926 636 1983 dicunt
657 1928 827 1990 Ptolemaicl,
850 1930 959 1999 quaudo
982 1944 1032 1997 per
1046 1926 1154 1998 aliquot
1166 1925 1309 1980 continuos
1324 1924 1381 1979 dies
1397 1923 1471 1993 apud

114 2005 312 2060 easdemfixas
326 2006 445 2063 haerere
459 2006 600 2074 ridentum
616 2007 670 2061 etsi
684 2015 792 2077 putent,
807 2008 883 2077 ipsos
897 2015 962 2063 tunc
975 2026 1006 2063 re
1016 2023 1083 2063 vera
1096 2006 1198 2061 moveri
1212 2008 1339 2061 deorsum
1354 2004 1380 2058 in
1393 2003 1470 2057 linea

113 2092 192 2141 reesa
207 2086 254 2141 vel
275 2102 384 2140 sensum
396 2102 416 2143 a
430 2087 530 2142 Terris.
571 2088 618 2143 Sic
630 2083 779 2143 solstitium
792 2088 858 2143 dicit
882 2088 966 2143 omnis
991 2088 1154 2158 scriptorum
1177 2087 1269 2141 natio:
1294 2085 1351 2140 etsi·
1366 2089 1472 2156 negant

113 2182 178 2219 rare
201 2172 281 2221 stare
302 2166 405 2223 Solem
439 2168 485 2223 Sic
507 2186 647 2240 uunquam
668 2169 811 2241 quisquam
833 2170 903 2225 adeo
924 2168 1031 2223 deditus
1046 2166 1100 2223 erit
1112 2166 1272 2237 coperuico,
1297 2166 1362 2237 quin
1380 2164 1471 2219 Solem

113 2247 236 2301 dicturas
259 2246 298 2302 sit
316 2247 426 2319 ingredi
445 2249 581 2306 ceruum
603 2250 648 2303 vel
661 2246 797 2314 ienuam,
818 2250 872 2304 etsi
896 2250 1009 2305 innuere
1022 2248 1092 2315 vult,
1116 2249 1230 2303 Terram
1252 2246 1360 2318 ingredi
1375 2242 1471 2315 Capri·

114 2342 226 2381 cornum
249 2326 295 2381 rel
314 2328 475 2399 Aquarium.
511 2330 548 2384 Et
570 2336 665 2385 cetera
688 2330 821 2386 similiter.

194 2408 260 2464 Jam
280 2423 347 2463 vero
360 2414 500 2464 etsacrao
523 2410 624 2465 literae
647 2412 680 2465 de
702 2412 786 2465 rebus
809 2408 974 2482 vulgaribus
995 2404 1037 2479 (in
1061 2408 1159 2480 quibus
1182 2408 1292 2463 illonuu
1312 2404 1470 2459 institutum

114 2504 169 2541 son
181 2494 228 2543 est
239 2487 365 2543 homines
378 2487 527 2556 instruere)
552 2492 701 2561 loquuntur
714 2508 775 2545 cum
788 2490 942 2547 bominibus
956 2491 1075 2547 humano
1090 2506 1176 2553 more,
1197 2494 1230 2543 ut
1252 2488 1288 2544 ab
1311 2484 1465 2541 hominibus
1492 2499 1496 2521 ι

113 2566 457 2639 percipiantur3.utuntnr
476 2571 519 2635 iis,
543 2588 615 2643 qnae
638 2575 704 2626 sunt
730 2575 804 2641 apud
817 2572 940 2629 homines
959 2570 987 2626 in
1001 2570 1135 2635 confesso,
1159 2572 1195 2625 ad
1217 2567 1382 2624 insinuanda
1412 2566 1470 2621 alia

115 2648 279 2703 sublimiora
300 2655 332 2703 et
353 2650 454 2709 diviua,
517 2674 520 2679 ·

195 2728 268 2793 Quid
290 2729 388 2785 muum
409 2730 505 2804 igitur,
529 2730 554 2786 si
573 2730 718 2803 Scriptura
734 2749 842 2804 quoque
860 2750 920 2788 cum
944 2730 1069 2786 sensibus
1092 2732 1223 2802 loquatur
1245 2727 1371 2784 humanis
1394 2732 1469 2792 tuno,

115 2827 176 2866 enm
194 2827 289 2865 rernm
308 2811 413 2866 veritas
433 2829 453 2867 a
472 2813 598 2868 sensibus
619 2812 759 2883 discrepat
779 2828 829 2868 seu
847 2814 999 2868 scientibus
1013 2813 1167 2868 hominibus
1181 2827 1230 2865 seu
1245 2809 1368 2882 ignaris..
1385 2809 1470 2871 .=Quis

113 2892 186 2946 enim
206 2890 297 2947 nescit
318 2892 457 2962 poetieam
480 2910 541 2947 esse
564 2894 727 2950 allusionem
750 2893 968 2958 PsalmoXlX,
1003 2892 1065 2957 ubi,
1095 2894 1158 2948 dum
1180 2893 1230 2946 sub
1254 2889 1375 2963 imagine
1397 2889 1470 2945 Solis

113 2989 212 3027 cursus
224 2971 376 3043 Evangelii
398 2974 522 3045 adeoque
545 2980 576 3028 et
588 2974 692 3029 Christi
706 2974 814 3028 Domini
836 2975 864 3028 iu
886 2975 960 3028 huuc
982 2976 1108 3028 muudum
1129 2973 1217 3026 nostri
1240 2988 1326 3026 causa
1339 2977 1471 3040 suscepta

113 3052 305 3124 peregrinatio
319 3055 498 3118 decantatur,
519 3054 568 3108 Sol
582 3073 620 3108 ex
633 3055 784 3109 horizontis
799 3053 981 3109 tabernaculo
1004 3054 1103 3109 dicitur
1123 3070 1275 3124 emergere,
1299 3057 1331 3106 ut
1354 3067 1471 3121 sponsus

113 3135 148 3187 de
171 3134 300 3188 thalem
321 3149 388 3196 sco:
412 3134 523 3198 alacris,
546 3140 579 3190 ut
600 3135 693 3206 giges,
717 3136 753 3188 ad
776 3137 936 3190 currendam
959 3134 1040 3189 riam
1075 3137 1152 3197 Quod
1175 3133 1299 3188 imitatur
1321 3131 1470 3202 Virgilius:

116 3213 256 3278 ,Tithono
269 3230 394 3268 croceum
406 3215 532 3287 linquens
545 3214 780 3270 auroraeubilo.“
822 3215 901 3270 Prior
925 3214 1025 3285 quippe
1046 3213 1138 3284 poesis
1159 3214 1232 3284 apud
1247 3213 1391 3266 Hebraeos
1407 3211 1468 3266 iuit.

194 3303 259 3357 Non
275 3303 354 3357 exire
368 3303 460 3359 Solem
474 3323 512 3358 ex
525 3303 667 3359 horizonte
686 3310 819 3374 tanquam
832 3321 848 3356 e
862 3303 1044 3358 tabernaculo
1066 3297 1134 3373 (etsi
1152 3303 1191 3357 sic
1204 3301 1291 3356 oculis
1306 3296 1469 3374 appareat),

114 3383 225 3440 sciebat
240 3382 369 3438 Psaltes:
392 3385 495 3438 moveri
516 3402 582 3440 vero
596 3385 689 3439 Solem
708 3384 897 3447 existimabat,
918 3389 1068 3454 propterea
1089 3383 1154 3454 quia
1175 3383 1261 3437 oculis
1282 3382 1324 3436 ita
1338 3388 1466 3452 apparet.

113 3468 263 3536 Ettamen
275 3469 422 3536 utrimque
435 3465 509 3530 dicit,
529 3465 595 3535 quia
616 3472 761 3535 utrumque
784 3465 870 3519 oculis
894 3464 936 3519 ita
958 3464 1074 3518 videtur.
1114 3464 1211 3534 Neque
1234 3461 1333 3516 falsum
1356 3461 1401 3516 hic
1424 3463 1471 3516 rel

113 3543 173 3600 illic
192 3544 285 3598 dicere
298 3545 405 3600 censeri
418 3547 516 3600 dehet:
540 3553 585 3599 est
606 3545 678 3600 enim
701 3551 732 3598 et
754 3547 894 3600 oculorum
914 3543 1150 3616 comprehensioni
1164 3559 1217 3598 sua
1229 3543 1346 3607 veritas,
1371 3542 1471 3596 idonea

113 3623 260 3682 secretiori
273 3624 379 3680 Psaltis
391 3625 520 3680 instituto
543 3625 688 3696 cummque
701 3625 851 3700 Evangelii
870 3629 993 3697 adeoque
1012 3625 1062 3679 dlii
1075 3625 1128 3680 Dei
1147 3623 1343 3680 adumbrando.
1384 3622 1471 3678 iosus

113 3706 202 3761 etiarn
215 3705 307 3759 valles
321 3705 406 3770 addit,
421 3711 520 3762 contra
531 3723 600 3778 quas
614 3706 663 3761 Sol
676 3713 707 3761 et
719 3707 800 3761 Luna
813 3715 989 3768 moveantur:
1003 3705 1111 3760 scilicet
1124 3705 1189 3776 quia
1208 3704 1261 3775 ipsi
1275 3706 1309 3758 ad
1323 3703 1470 3758 Jordanem

112 3789 168 3842 hoc
189 3786 234 3839 ita
248 3787 415 3856 apparebat.
443 3787 483 3842 Et
496 3793 590 3842 ιιιιιιοιι
603 3794 720 3857 uterque
734 3805 784 3843 suo
798 3787 905 3842 intento
919 3786 1040 3858 potitum:
1062 3783 1184 3840 Davides
1198 3785 1251 3839 Dei
1266 3783 1472 3856 magnificentia

113 3867 264 3939 patefacta
288 3863 329 3933 (et
351 3885 412 3922 oum
434 3885 468 3921 eo
484 3862 643 3932 Sirenides),
667 3884 739 3937 quae
759 3868 858 3931 effecit,
883 3873 914 3922 ut
940 3868 1010 3921 haec
1031 3867 1070 3920 sie
1084 3865 1169 3921 oculis
1183 3867 1470 3936 repraesentarentur,

113 3949 160 4002 rel
180 3946 269 4000 etiam
281 3947 397 4018 mystico
410 3965 494 4003 sensu
507 3964 558 4018 per
570 3948 642 4002 baec
660 3945 783 4003 risibilia
800 3965 948 4018 expresso:
968 3947 1060 4002 ‘Josun
1082 3964 1155 4010 vero,
1180 3951 1212 4000 ut
1224 3945 1272 4000 Sol
1295 3943 1338 3999 die
1361 3944 1471 4017 integro

114 4028 288 4084 retineretur
306 4026 379 4082 sibi
398 4028 427 4082 in
447 4028 518 4082 coeli
537 4027 625 4083 medio
649 4035 778 4098 respectu
801 4044 898 4084 sensus
918 4028 1056 4082 oculorum
1078 4043 1202 4090 suorum:
1226 4041 1286 4080 cum
1310 4024 1373 4080 aliis
1387 4026 1472 4080 homi·

115 4109 199 4164 nibus
220 4107 317 4162 ωιιοιιι
340 4109 471 4180 temporis
495 4109 587 4179 spatio
608 4110 661 4163 suh
683 4111 771 4164 Terra
791 4114 953 4164 moraretur.

197 4195 254 4251 Sed
276 4197 463 4270 incogitantes
485 4198 638 4268 respiciunt
660 4200 694 4252 ad
718 4199 806 4253 solam
828 4199 973 4253 verborruu
1000 4197 1233 4259 contrarietatem,
1261 4195 1308 4252 Sol
1332 4197 1420 4262 stetit,
1444 4196 1472 4251 id

115 4285 161 4333 est
183 4278 272 4334 'fem
294 4276 389 4340 stetit:
416 4297 471 4332 non
493 4281 705 4350 perpendentes,
734 4280 804 4350 quod
831 4280 904 4332 haec
932 4277 1112 4332 contrarietas
1137 4282 1244 4332 tantum
1269 4276 1344 4332 inira
1369 4275 1471 4332 limites

116 4359 224 4430 opn'oes
245 4363 276 4413 et
295 4358 481 4414 asbouomiae
502 4366 643 4424 saccom,
667 4377 718 4415 nec
740 4359 801 4414 ideo
824 4377 855 4412 se
877 4364 1033 4412 extrorsum
1051 4358 1078 4412 in
1101 4375 1179 4414 usum
1200 4357 1338 4412 hominum
1359 4359 1471 4412 efferat:

116 4457 168 4494 uec
191 4436 288 4494 ridere
308 4439 420 4504 velunt,
448 4440 501 4494 hoc
527 4440 635 4496 unicum
657 4440 686 4494 in
708 4440 780 4494 rotis
802 4439 934 4494 habuisse
957 4441 1084 4503 Josuam,
1113 4457 1147 4494 ne
1175 4445 1280 4493 montes
1305 4439 1357 4509 ipsi
1380 4438 1472 4494 Solem

117 4521 271 4591 eriperent:
300 4521 371 4590 quod
398 4525 491 4575 votum
514 4521 605 4574 verbis
628 4519 765 4589 explicuit
786 4538 870 4574 sensu
893 4520 1031 4574 oculorum
1059 4519 1256 4584 conformibus:
1285 4535 1345 4574 cum
1372 4519 1471 4588 impor-

117 4608 214 4655 tunum
235 4601 379 4655 admodum
397 4599 504 4665 misssi,
529 4617 563 4654 eo
581 4606 705 4671 tempore
730 4601 764 4654 de
786 4600 955 4655 asbouomia
977 4602 1063 4670 deque
1084 4600 1158 4654 visus
1178 4600 1315 4655 erroribus
1338 4597 1471 4669 cogitare.

118 4681 147 4736 si
161 4680 223 4752 quis
236 4680 310 4735 enim
322 4679 481 4746 monuisset,
500 4680 593 4736 Solem
614 4697 668 4735 non
681 4697 747 4734 rere
762 4687 859 4736 centra
872 4682 973 4736 vallem
988 4681 1096 4752 ajalon
1109 4679 1219 4744 moveri,
1240 4682 1286 4734 sed
1310 4681 1344 4733 ad
1363 4693 1472 4733 sensum

119 4768 246 4824 teritum:
270 4777 308 4816 an
331 4778 385 4816 non
407 4763 596 4817 exclamasset
616 4761 711 4823 Josua,
736 4777 766 4815 se
789 4767 886 4831 peiere
909 4767 941 4816 ut
964 4761 1021 4816 dies
1043 4761 1096 4831 ipsi
1118 4762 1286 4832 producetur
1309 4774 1471 4830 quacunque

120 4840 147 4895 id
168 4841 279 4897 ratione
300 4842 369 4896 dati
408 4841 512 4897 Eodem
535 4841 621 4914 igitur
643 4842 730 4905 modo,
755 4840 778 4896 si
801 4842 861 4911 quis
885 4842 938 4914 ipsi
961 4843 1038 4897 litem
1060 4841 1193 4896 movisset
1215 4843 1248 4894 de
1262 4839 1333 4894 Solis
1357 4837 1471 4914 perenni

121 4922 212 4993 quiete
234 4924 394 4994 'l'erraeque
416 4930 499 4978 mctu
539 4921 633 4976 Facile
657 4927 751 4979 autem
770 4921 846 4978 Dens
865 4941 903 4978 ex
922 4925 1026 4978 Josuae
1043 4921 1144 4986 verbis,
1161 4922 1224 4993 quid
1243 4921 1266 4975 is
1280 4918 1374 4982 vellet,
1389 4917 1471 4971 intel·

120 5001 192 5058 lexit
216 5003 414 5075 praestititque
432 5002 550 5060 inhibito
569 5009 645 5059 motu
659 5003 777 5069 Terrae:
800 5009 833 5060 ut
849 5002 892 5060 illi
913 5010 988 5060 stare
1006 5003 1145 5060 rideretur
1157 5003 1213 5059 Sol.
1241 4997 1387 5057 Petitionis
1400 4995 1473 5054 enirn
