3517 5525
343 444 348 452 ›
473 406 1066 465 mmmmmadsmomstshaahutis.
1258 366 1275 401 ι’
1399 404 1442 477 all

184 590 247 653 llos
266 588 388 671 inquam
418 609 510 653 unum
538 588 598 653 tuit
624 589 792 660 ditandum.
838 589 902 655 Sed
924 590 996 673 quia
1021 589 1087 671 jam
1118 596 1219 655 sumta
1249 588 1363 671 pagina
1384 597 1443 667 est,

110 681 258 763 mplmmr.
298 679 423 761 'l'yeho
446 698 568 743 suarum
590 679 834 743 observationum
853 700 966 761 parcus
982 688 1031 745 est
1044 681 1212 745 admodum.
1250 678 1329 745 Mihi
1342 688 1444 743 tamen

110 790 197 836 mrum
214 768 303 851 eopia
320 768 514 851 quotidiana:
537 770 626 833 modo
643 768 841 850 descriptioni
862 774 1037 835 sufficerem.
1064 770 1227 835 ¹illectione
1243 768 1336 851 igitur
1359 789 1443 851 opus.

110 864 145 925 Tu
158 858 261 934 scribe,
280 878 357 941 quae
375 858 567 941 potissimum
586 858 721 923 notanda
740 866 773 921 et
789 862 979 943 excerpenda
997 858 1055 923 tibi
1071 859 1238 925 rideantur.
1266 861 1334 923 Hoc
1353 880 1443 925 uuum

110 953 173 1015 hant
192 949 378 1028 Prsgensem
399 968 517 1011 moram
538 948 664 1013 solatur.
718 1020 722 1025 ,

179 1038 341 1101 Lutario
361 1038 605 1119 hypothesis,
632 1057 723 1119 quam
745 1046 969 1115 assumserunt,
993 1044 1068 1120 puto
1088 1034 1173 1101 brevi
1195 1038 1294 1103 luceru
1316 1036 1442 1103 videbit.

108 1132 145 1193 ha
163 1128 269 1207 exiguo
292 1126 424 1189 aberrat
461 1126 680 1202 Fundamenta,
698 1128 757 1191 hou
777 1135 826 1191 est
841 1128 1080 1203 observationes,
1103 1146 1164 1191 nou
1181 1136 1251 1191 sunt
1272 1146 1327 1207 pro
1351 1126 1443 1189 insti-

108 1226 162 1283 uta
187 1215 356 1279 subtilitate
382 1216 415 1279 iu
441 1217 500 1279 hoe
529 1216 639 1281 sidere.
683 1218 764 1281 Nam
794 1225 953 1281 assumunt
986 1217 1117 1298 eclipses
1138 1218 1294 1293 Lunares;
1325 1215 1443 1298 siquis

107 1307 228 1369 adstaret
249 1304 451 1380 observaturi,
474 1307 525 1386 qui
537 1307 669 1371 medium
690 1306 841 1389 eclipseos
863 1306 989 1382 diceret,
1011 1307 1180 1387 probarem.
1226 1306 1288 1371 Sed
1312 1304 1443 1369 medium

108 1396 237 1476 eolligunt
259 1414 300 1457 ex
321 1394 409 1457 initio
432 1402 464 1457 et
485 1396 553 1471 line,
576 1416 633 1459 nec
655 1415 692 1459 eo
715 1414 834 1477 semper
856 1396 902 1459 ita
921 1397 1092 1477 conspicuo.
1130 1396 1277 1478 coepisse
1301 1396 1443 1473 cernitur,

107 1504 155 1549 mn
173 1483 317 1565 incipere,
340 1491 373 1545 et
392 1484 533 1560 desiisse,
555 1505 616 1548 uon
638 1486 786 1549 desinere.
831 1486 915 1549 Ante
938 1493 1063 1567 etpost
1085 1485 1326 1568 semiquadraute
1349 1484 1448 1561 horae¹

107 1575 137 1637 de
159 1572 243 1637 initio
268 1582 302 1635 et
329 1574 386 1637 line
418 1573 581 1638 dubitatur.
628 1574 804 1641 mosterio
832 1575 938 1638 Lunae
967 1574 1228 1638 observationibus
1259 1591 1443 1655 proposuere

107 1664 153 1727 ribi
172 1662 352 1726 orientalem
372 1662 423 1725 vel
445 1664 664 1727 occidentalem
685 1663 819 1739 limbum,
842 1664 1030 1747 superiorem
1052 1664 1101 1725 vel
1113 1664 1287 1745 inferiorem
1309 1662 1443 1737 limbum,

107 1751 261 1816 etaddunt
281 1752 334 1815 vel
354 1752 536 1816 subtrahunt
565 1754 664 1815 visam
695 1753 962 1817 semidiametrum.
1008 1754 1054 1816 At
1076 1753 1181 1817 eodem
1210 1760 1361 1817 momento
1388 1768 1443 1832 per

107 1842 227 1904 diversos
252 1839 468 1905 observatores
491 1843 530 1905 ad
551 1843 752 1906 instrumenta
773 1842 897 1907 diversa
919 1843 1086 1907 collocatos
1108 1837 1161 1917 31,
1178 1839 1231 1917 32,
1247 1836 1301 1915 3³,
1320 1837 1372 1916 34,
1389 1836 1442 1915 35,

107 1926 149 2005 lb,
167 1927 208 1995 37
233 1930 442 2011 scrupulorum
473 1932 619 1995 diameter
647 1933 846 2014 pronunciata
872 1932 931 1995 luit
951 1952 1004 2013 pro
1035 1931 1248 1994 constitutione
1279 1929 1441 1993 oculorum

106 2019 291 2083 humentibus
314 2019 394 2081 enim
416 2020 512 2083 oeulis
534 2022 630 2103 major
653 2029 788 2103 apparet
833 2023 941 2103 ltaque
963 2022 995 2083 iu
1018 2021 1280 2083 observationibus
1302 2016 1444 2081 Lunae2

106 2108 144 2171 vel
162 2106 182 2173 3
203 2108 414 2189 serupulorum
441 2109 584 2192 frequens
612 2130 697 2175 error
726 2118 783 2175 est
828 2111 871 2174 Et
893 2119 995 2173 tamen
1021 2109 1066 2172 ita
1094 2110 1235 2191 pertinax
1257 2116 1307 2171 eat
1320 2106 1442 2190 Tycha,

107 2207 134 2261 st
149 2197 309 2280 hypothesi
332 2218 406 2261 suae
428 2218 519 2280 aegre
541 2200 692 2263 tantulum
713 2215 846 2265 errorem
869 2200 1039 2265 condonare
1062 2198 1145 2261 velit.

176 2286 259 2352 mira
280 2306 355 2349 vero
378 2287 454 2352 haec
476 2290 569 2351 habet
590 2289 645 2353 illa
666 2289 862 2371 hypothesis:
893 2288 991 2371 primo
1012 2289 1044 2351 in
1070 2287 1152 2352 veris
1184 2280 1442 2369 conjunctionibus

106 2374 386 2458 steppositiouibus
409 2376 636 2459 simplicissima
666 2385 790 2443 utuntur
817 2378 997 2459 aequatione
1029 2378 1134 2460 (quarn
1156 2376 1187 2439 in
1209 2378 1296 2439 Luna
1317 2376 1443 2457 perinde

105 2463 170 2528 erl
192 2464 327 2529 circellis
348 2467 518 2543 conficiunt,
541 2475 577 2531 ut
593 2467 779 2549 Oopernicus
802 2465 872 2533 ina
896 2467 1111 2548 superioribus,
1134 2467 1191 2529 hoc
1214 2474 1263 2528 est
1286 2474 1318 2528 ut
1335 2464 1443 2528 Ptole-

105 2574 192 2618 maeus
213 2572 270 2634 per
290 2553 474 2635 positionem
495 2557 787 2638 puncti'secentrici
809 2564 841 2619 et
868 2556 973 2638 puncti
1000 2556 1176 2639 aequantia:
1210 2574 1287 2637 quae
1310 2554 1389 2617 ratio
1412 2552 1442 2615 in

105 2643 222 2726 physicis
244 2644 416 2718 fundatur).
462 2645 611 2710 circellos
629 2666 702 2709 vero
723 2646 903 2709 variationis
926 2645 1052 2709 alterius
1075 2644 1222 2725 incipiunt
1245 2643 1358 2722 averia
1381 2642 1443 2705 illis

106 2732 352 2814 eoujunctiom‘bus
366 2740 400 2804 et
415 2734 667 2816 oppositionibus,
686 2755 744 2819 quo
758 2737 802 2812 lit,
816 2744 852 2798 ut
864 2734 1032 2818 inaequalis
1047 2736 1101 2798 fiat
1119 2732 1308 2798 circellorum
1323 2732 1443 2796 illorum

105 2831 197 2886 notus
242 2823 279 2884 ld
301 2830 405 2887 autem
426 2831 460 2886 ut
480 2824 568 2888 dolet
589 2826 708 2908 Tycho,
740 2825 785 2888 ita
814 2844 871 2906 ego
902 2827 1008 2889 laetor.
1054 2825 1164 2889 Adhuc
1191 2823 1270 2886 euim
1301 2823 1389 2886 vinco
1412 2821 1443 2884 iu

106 2931 142 2986 eo,
162 2913 192 2975 in
213 2932 274 2993 quo
306 2912 470 2995 aliquando
492 2915 532 2976 ad
553 2915 766 2980 meGratium
799 2915 935 2978 scribens
965 2914 1085 2978 modum
1108 2933 1156 2978 me
1182 2932 1294 2994 ponere
1322 2910 1443 2993 jussisti

105 3001 195 3064 larum
215 3001 474 3082 speculationum,
503 3020 542 3066 ne
563 3005 665 3068 omnia
686 3007 761 3068 haut
782 3005 900 3068 incerta
917 3009 949 3072 (1,
969 3008 1041 3074 213).
1084 3001 1310 3068 contendebam
1332 3008 1443 3076 autem,

107 3090 209 3153 ratione
229 3090 362 3172 physica
383 3093 578 3174 aequationes
600 3093 632 3157 iu
654 3093 847 3175 quadraturis
870 3093 984 3175 augeri.

176 3179 338 3253 Secundo,
368 3201 544 3264 quocunque
567 3203 600 3246 se
630 3190 770 3254 vertant,
801 3181 987 3246 commodius
1016 3181 1059 3243 nil
1090 3179 1262 3254 inveniunt,
1294 3197 1384 3260 quam
1411 3186 1445 3241 ut

106 3268 247 3332 omittatur
270 3269 371 3333 altera
391 3290 486 3334 causa
507 3271 696 3354 aequationis
718 3269 874 3352 temporis,
897 3271 1062 3334 retineatur
1085 3269 1152 3332 sola
1174 3269 1237 3342 illa,
1262 3287 1350 3348 quam
1367 3269 1441 3330 Asc.

70 3361 74 3368 ’
107 3366 194 3420 rectae
217 3358 423 3440 suppeditant
461 3359 606 3424 Statnunt
621 3362 722 3442 itaque
737 3367 855 3424 aestate
874 3355 958 3424 360⁰
974 3355 1039 3434 57¹,
1059 3359 1156 3426 hieme
1173 3353 1255 3422 361ο
1271 3353 1302 3420 3⁴
1326 3357 1444 3440 aequali

107 3454 225 3528 tempore
249 3445 294 3512 24
316 3447 459 3519 horarum
481 3450 572 3512 volvi.
617 3449 655 3512 Id
675 3449 752 3513 uihil
784 3449 868 3512 aliud
894 3457 942 3512 est
974 3449 1088 3523 dicere,
1121 3467 1210 3530 quam
1234 3453 1288 3508 aut
1314 3445 1444 3526 primum

106 3536 200 3599 nobile
230 3537 431 3620 inaequaliter
463 3537 621 3614 incedere,
652 3539 732 3620 quod
753 3538 916 3602 maximum
936 3532 1112 3602 'monstrum
1136 3545 1184 3602 est
1215 3542 1368 3610 atemere,
1392 3541 1445 3602 aut

105 3624 218 3705 mimum
239 3635 356 3690 motum
378 3626 533 3692 volutione
555 3629 668 3692 Terrae
689 3628 764 3703 lieri,
786 3647 865 3711 quae
888 3627 1027 3691 celeriter
1056 3626 1196 3692 volvatur
1218 3624 1333 3701 meme,
1356 3624 1443 3689 tande

106 3722 220 3778 emtam.
271 3715 341 3778 Hoc
371 3717 462 3780 modo
494 3717 653 3780 institutus
683 3717 819 3780 calculus
851 3717 892 3780 ad
924 3736 1028 3782 omnes
1060 3715 1288 3780 observationes
1320 3713 1443 3796 pulchre

104 3803 266 3884 mspoudet,
289 3811 322 3866 ut
344 3823 415 3868 raro
436 3802 471 3870 4‘
492 3813 548 3870 aut
569 3802 603 3869 5‘
624 3806 777 3870 aberratio
802 3805 981 3886 contingat,

180 3892 347 3958 Cireellum
361 3914 452 3958 unum
465 3896 610 3960 inducunt
627 3903 751 3976 propter
765 3889 828 3960 45⁰
848 3894 1012 3960 distantiae
1029 3895 1056 3966 h
1074 3913 1093 3956 a
1109 3896 1146 3968 00,
1164 3895 1194 3970 ό
1215 3897 1286 3954 aute
1301 3897 1333 3952 et
1350 3897 1441 3954 rotro.

104 3981 172 4044 llam
193 3981 234 4044 rbi
258 3982 488 4064 deprehendunt
510 3983 692 4057 momeliam
714 3985 818 4059 talem,
840 3992 875 4046 ut
897 3984 954 4046 etsi
977 3986 1004 4056 J)
1026 3981 1068 4046 sit
1089 3981 1121 4046 in
1139 4000 1273 4062 apogaeo
1295 3979 1345 4042 vel
1359 3980 1443 4060 peri·

105 4087 186 4149 queo,
217 4071 415 4136 nihilominus
443 4094 539 4157 aeque
561 4082 651 4156 atque
675 4071 753 4137 alias
775 4072 895 4156 lougius
914 4073 999 4153 justo
1021 4093 1041 4134 a
1063 4073 1103 4148 ό,
1125 4074 1151 4144 00
1176 4071 1280 4134 distet.
1325 4069 1443 4132 Lunam

106 4157 194 4241 itaque
214 4161 331 4226 nullius
352 4163 518 4228 excentrici
539 4170 679 4247 respectu
701 4163 930 4244 deprehendunt
951 4163 1080 4226 celerem
1102 4160 1133 4222 iu
1152 4163 1191 4237 ό,
1214 4164 1252 4234 00,
1269 4157 1387 4222 tardam
1411 4157 1442 4222 iu

105 4239 142 4314 [l
181 4249 249 4316 Hoc
280 4251 391 4316 iterum
419 4253 564 4337 physicas
600 4272 686 4318 meas
714 4254 849 4317 rationes
882 4252 1046 4316 confirmat.
1099 4248 1197 4329 Vigor
1225 4266 1331 4328 nempe
1363 4247 1444 4317 inest

105 4336 190 4402 lineae
212 4340 395 4408 diametrali.
1036 4359 1040 4372 ·

180 4429 287 4492 ldotus
309 4429 356 4494 illi
378 4431 464 4494 venit
484 4449 524 4494 ex
545 4429 629 4507 Sole,
653 4432 708 4494 sed
729 4431 862 4494 mediate
879 4448 934 4511 per
949 4431 1084 4503 Terram,
1107 4427 1197 4509 qu'am
1220 4425 1442 4500 circumcurrit3

107 4515 143 4579 vic
157 4518 224 4582 iona
242 4517 367 4582 vhtutis
384 4519 532 4595 metricis,
555 4519 650 4602 quiin
668 4520 739 4584 aliis
756 4521 888 4601 planetis
903 4525 959 4582 est'
968 4527 1119 4600 punctmu,
1143 4516 1174 4578 iu
1187 4517 1274 4580 Luna
1288 4521 1338 4577 ast
1351 4514 1441 4576 linea.

181 4607 323 4672 Alterum
355 4609 508 4674 circellum
540 4608 715 4674 describunt
743 4609 805 4683 its,
836 4617 871 4674 ut
899 4616 1037 4672 transeat
1066 4626 1120 4689 per
1152 4612 1287 4668 centrum
1318 4606 1442 4678 Terrae,

107 4693 255 4779 domoque
276 4705 413 4762 centrum
435 4697 619 4764 concentriei
639 4699 755 4774 Lunae,
778 4699 830 4781 qui
851 4697 872 4762 2
896 4697 1049 4779 epieyclos
1075 4697 1130 4770 (ad
1152 4696 1272 4760 modum
1293 4693 1381 4757 unius
1404 4711 1441 4756 ex

108 4780 357 4867 imperionbus)
380 4787 475 4865 vehit,
497 4807 671 4870 percurrere
693 4786 780 4852 illum
799 4788 849 4851 bis
871 4789 904 4852 in
921 4801 1041 4864 mense,
1073 4805 1143 4849 vero
1166 4785 1198 4848 iu
1220 4781 1439 4848 antecedentia.

181 4875 345 4942 intricatus
375 4886 409 4942 et
435 4877 583 4943 mirabilis
614 4877 739 4942 efficitur
770 4885 891 4954 motus,
922 4875 1051 4942 difficilis
1082 4895 1154 4939 vero
1186 4873 1330 4938 calculus.
1380 4870 1442 4934 Diu

111 4963 278 5050 multumque
299 4966 437 5031 laboravi
467 4967 683 5030 transformare
711 4967 796 5031 illum
817 4986 872 5050 per
903 4965 1177 5048 aequipollentiam.
1223 4962 1357 5026 Tandem
1379 4957 1441 5022 vidi
