3517 5525
278 355 343 426 320
753 359 793 414 De
811 357 1031 426 Motibusstetlse
1047 358 1136 410 Marde

278 538 369 602 etiam
393 540 566 620 repelleret:
590 539 667 622 quod
689 547 804 622 pugnat
826 559 892 602 oum
914 539 1108 621 simplicitate
1131 538 1249 604 Solarh
1270 538 1413 621 corporis.
1458 537 1519 613 Qui
1542 555 1619 600 vero

278 629 421 709 peculiari
445 630 571 709 quadam
594 629 710 691 ratione
733 629 810 692 hanc
833 629 1062 692 translationem
1093 629 1122 690 in
1146 647 1321 690 consensum
1344 625 1621 708 mutuum·corpori

278 717 360 780 Solis
384 727 415 781 et
436 719 577 798 planetae
600 719 708 792 refert,
741 717 766 780 is
791 725 887 780 totam
909 719 996 799 hujus
1023 717 1131 798 capitis
1154 718 1309 780 materiam
1336 717 1426 780 aliter
1453 719 1619 781 informat:

278 827 371 890 eoque
395 808 511 870 nomine
535 809 708 888 deputatum
731 817 780 870 est
801 807 880 870 infra
902 808 969 871 huic
991 808 1034 870 rei
1055 807 1205 888 peculiare
1229 814 1319 888 eaput
1340 807 1440 870 LVII.

366 897 462 959 Vides
493 897 589 959 lector
620 896 808 960 considerate
831 905 862 959 et
885 897 1054 977 ingeniose,
1086 896 1163 977 quod
1191 897 1265 959 haec
1288 896 1388 977 opinio
1417 896 1454 958 de
1482 895 1621 976 perfecto

279 986 388 1050 circulo
421 985 587 1070 eccentrioo
618 986 735 1049 itineris
765 987 925 1068 planetarii
957 987 1051 1049 mults
1083 984 1270 1049 incredibilia
1299 986 1330 1046 in
1362 984 1619 1064 speculationibus

190 1111 195 1130 «
278 1074 410 1158 physicis
434 1075 583 1150 involvat;
606 1095 666 1138 nou
684 1074 802 1157 quidem
824 1076 902 1156 quod
925 1074 1007 1139 Solis
1031 1075 1209 1139 diametrum
1230 1073 1322 1136 menti
1344 1073 1532 1154 planetariae
1562 1092 1620 1156 pro

279 1165 363 1245 siguo
393 1164 492 1245 ponit:
526 1164 617 1240 faciet
647 1163 724 1226 enim
753 1165 785 1226 id
813 1165 940 1227 forsitan
968 1166 1035 1245 ipsa
1061 1162 1153 1227 etiam
1181 1163 1339 1226 verissima
1366 1165 1533 1239 sententia3
1564 1162 1621 1226 sed

279 1255 356 1335 quod
378 1253 565 1317 incredibilia
587 1254 786 1318 transscribat
808 1261 838 1317 et
859 1255 953 1317 menti
976 1261 1008 1316 et
1029 1254 1146 1318 animae
1170 1253 1295 1317 metrici.

364 1344 410 1407 At
432 1363 501 1419 nos,
520 1340 569 1424 qui
590 1361 662 1405 vero
680 1343 837 1424 propinqui
859 1363 971 1418 sumus,
990 1345 1054 1424 jam
1075 1362 1165 1424 porro
1189 1342 1408 1423 speculationes
1431 1341 1519 1413 istas,
1541 1357 1620 1404 non-

281 1432 351 1496 dum
373 1432 445 1495 licet
466 1433 593 1513 undiquc
616 1434 776 1514 perfectas,
798 1433 923 1496 idoneas
945 1441 1046 1496 tamen
1070 1433 1200 1499 motibus
1215 1429 1308 1505 Solis,
1329 1431 1359 1493 in
1382 1449 1522 1494 numeros
1543 1449 1620 1493 con·

275 1521 367 1602 Jieere
395 1521 554 1586 discemus.
600 1523 737 1585 Proderit
769 1523 891 1586 tandem
920 1524 959 1585 ad
989 1524 1171 1585 exactiorem
1202 1521 1265 1585 veri
1294 1519 1510 1597 inventionem,
1543 1537 1621 1602 quae

277 1617 447 1674 reservatur
468 1610 498 1674 iu
522 1619 612 1692 caput
634 1611 733 1687 LVII,
757 1631 813 1674 nos
836 1612 885 1674 hic
908 1611 1002 1676 fuisse
1024 1612 1107 1695 prius
1130 1611 1322 1675 exercitatos.

850 1841 1041 1857 ..ι--ι-Ἦ-

831 2016 952 2122 Coput
983 2019 1064 2098 XL.

279 2175 447 2244 Methodos
468 2181 661 2264 imperfecto,
685 2179 888 2263 cepstaticum
910 2201 951 2245 esc
959 2183 1097 2265 physico
1119 2179 1282 2264 hypothesi
1304 2177 1515 2264 eompmeadi,
1539 2199 1624 2264 puae

439 2295 444 2300 ·
585 2278 689 2334 tameo
710 2270 821 2354 mffieit
841 2269 980 2334 theoriae
1003 2269 1090 2334 soto
1111 2269 1159 2332 cel
1182 2269 1331 2336 Terrae..

341 2401 456 2473 'Tam'
474 2411 592 2493 prolixa
619 2410 821 2491 disputatione
845 2431 920 2493 opus
949 2411 1020 2486 luit,
1053 2418 1087 2473 ut
1113 2412 1165 2475 via
1192 2416 1357 2474 strueretur
1383 2408 1421 2473 ad
1454 2409 1623 2472 naturalem

279 2500 487 2582 aequationum
510 2503 646 2576 formam,
670 2502 706 2562 de
730 2521 787 2582 qna
809 2511 896 2582 parte
918 2509 1027 2583 quarta
1048 2501 1135 2581 plura
1157 2520 1222 2564 sum
1245 2508 1374 2563 amerus.
1420 2498 1508 2561 Nunc
1529 2498 1622 2560 rede-

279 2589 389 2654 undum
422 2580 677 2672 adaequationes
709 2591 838 2652 eccentri
861 2592 943 2655 Solis
975 2591 1006 2652 in
1029 2592 1142 2672 specie,
1175 2609 1251 2671 quae
1273 2589 1431 2668 potissima
1452 2595 1501 2649 est
1531 2587 1622 2667 hujus

279 2677 376 2758 partis
405 2678 513 2740 tertiae
542 2680 681 2753 materia,
715 2687 746 2741 et
768 2680 851 2760 cnjus
883 2680 984 2760 gratia
1005 2681 1171 2762 praemissa
1202 2687 1272 2742 sunt
1303 2677 1456 2759 generalia
1485 2677 1541 2739 illa
1565 2696 1625 2757 per

281 2768 383 2849 capita
405 2766 426 2833 8
448 2770 667 2850 praecedentia.

367 2858 484 2921 Primus
507 2878 589 2921 meus
613 2878 694 2922 error
718 2858 791 2934 fuit,
812 2859 894 2921 viam
915 2860 1057 2940 planetae
1078 2859 1244 2939 perlectum
1267 2874 1335 2919 esse
1360 2855 1509 2930 circulum,
1533 2862 1622 2918 tanto

281 2947 436 3011 nocentior
450 2948 594 3029 temporis
617 2950 673 3024 fur,
698 2956 809 3029 quanto
824 2955 892 3010 erat
905 2949 943 3010 ab
959 2947 1139 3011 auctoritate
1153 2948 1281 3010 omnium
1302 2945 1548 3027 philosophorum
1570 2944 1623 3006 in-

282 3036 425 3100 structior
450 3044 482 3099 et
508 3037 731 3119 metaphysicae
763 3038 793 3099 in
822 3038 920 3118 specie
945 3035 1175 3101 convenientior.
1220 3036 1270 3100 Sit
1301 3052 1372 3115 ergo
1400 3034 1452 3096 via
1481 3034 1624 3114 planetae

280 3126 431 3207 perfectus
455 3127 652 3189 eccentricus:
678 3146 747 3189 nam
769 3126 911 3189 insensile
934 3127 1033 3189 estin
1056 3125 1173 3188 theoria
1195 3122 1285 3201 Solis,
1309 3131 1451 3207 quantum
1473 3122 1501 3184 ei
1523 3123 1623 3185 ovalis

281 3216 376 3279 forma
398 3215 537 3280 detrahit.
578 3214 661 3287 Quae
685 3235 756 3278 vero
778 3224 900 3296 propter
921 3215 999 3277 hanc
1015 3214 1215 3277 deviationem
1237 3222 1308 3276 sunt
1328 3214 1500 3276 necessaria
1521 3212 1624 3275 futura
1662 3216 1665 3219 ’

281 3304 311 3367 iu
335 3305 466 3384 planetis
488 3306 608 3381 ceteris,
632 3306 711 3368 infra
735 3312 895 3385 sequentur
918 3324 983 3386 cap.
1008 3304 1082 3366 LIX
1096 3312 1128 3367 et
1148 3306 1215 3369 LX.
1253 3303 1329 3368 Cum
1351 3322 1423 3384 ergo
1437 3302 1499 3365 sint
1519 3320 1623 3365 morae

281 3395 420 3476 planetae
448 3394 480 3457 in
508 3394 683 3475 aequalibus
706 3393 837 3455 eceentri
859 3394 996 3475 partibus
1019 3394 1058 3455 ad
1085 3394 1213 3457 invicem
1233 3394 1264 3455 in
1287 3412 1325 3455 ea
1351 3392 1558 3474 proportione,
1590 3391 1624 3453 in

283 3503 341 3563 qua
363 3489 433 3545 sunt
456 3484 539 3563 ipsae
562 3484 690 3564 partium
713 3483 830 3545 illarum
854 3483 1034 3563 distantiae,
1056 3490 1091 3545 at
1110 3491 1222 3564 puncta
1244 3481 1363 3562 singula
1383 3483 1415 3545 in
1437 3490 1503 3543 toto
1527 3480 1622 3543 semi-

283 3572 392 3635 circulo
416 3572 545 3651 eccentpi
569 3571 745 3633 distantiam
768 3579 898 3647 mutent,
930 3591 988 3635 uon
1011 3573 1107 3634 levem
1129 3591 1249 3653 operam
1272 3572 1344 3634 mihi
1366 3570 1475 3645 sumsi,
1506 3580 1541 3632 ut
1571 3570 1622 3631 in-

283 3661 438 3741 quirerem,
462 3660 607 3741 quomodo
631 3660 812 3741 singularum
836 3661 1045 3723 distantiarum
1067 3680 1200 3723 summae
1229 3660 1332 3723 haberi
1364 3667 1497 3741 possent.
1543 3660 1624 3721 Nam

285 3749 342 3812 nisi
359 3769 504 3813 summam
519 3748 656 3826 omnium,
680 3770 755 3832 quae
779 3757 850 3814 suut
872 3760 972 3813 tamen
987 3751 1129 3825 infinitae,
1154 3750 1352 3825 habuerimus,
1377 3770 1437 3812 non
1458 3746 1624 3829 poterimus

284 3840 392 3915 dicere,
417 3847 530 3920 quauta
545 3838 586 3900 sit
607 3840 747 3921 cujusque
772 3858 869 3903 mora:
895 3859 986 3921 quare
1000 3839 1138 3919 aequatio
1161 3839 1354 3920 ignorabitur.
1390 3838 1435 3902 Ut
1455 3838 1533 3900 enim
1554 3845 1625 3900 tota

283 3946 398 3991 summa
412 3928 621 3991 distantiarum
635 3936 684 3991 est
697 3929 735 3990 ad
750 3936 867 4009 tempus
884 3933 981 3991 totum
999 3928 1191 4011 periodicum,
1208 3928 1251 3991 sic
1265 3947 1338 4009 pars
1353 3946 1486 3991 summae
1501 3926 1623 3988 distan-

284 4016 392 4079 tiarum
407 4018 571 4099 quotalibet
586 4018 626 4079 ad
640 4036 723 4080 suum
740 4025 866 4099 tempus.
898 4018 993 4099 Igitur
1006 4019 1091 4080 initio
1105 4026 1275 4080 eccentrum
1290 4017 1371 4080 secui
1384 4018 1415 4080 in
1427 4024 1531 4098 partes
1547 4012 1623 4091 360,

287 4106 372 4186 quasi
395 4106 451 4189 hae¹
474 4115 577 4171 essent
598 4106 736 4169 minimae
759 4107 939 4187 particulae,
962 4114 995 4169 et
1015 4107 1118 4188 posui,
1141 4108 1219 4189 qued
1241 4106 1322 4169 intra
1343 4126 1432 4169 unam
1453 4105 1624 4185 hujusmodi

282 4202 399 4276 partem
420 4194 577 4259 'distantia
608 4196 681 4257 nihil
712 4202 850 4259 mutetur.
896 4196 1067 4259 Distantias
1098 4196 1191 4276 igitur
1222 4197 1260 4259 ad
1291 4196 1378 4258 initia
1407 4194 1537 4277 partium
1569 4214 1625 4258 seu

283 4285 427 4365 gradumn
450 4286 589 4349 methodo
613 4284 721 4366 capitis
736 4284 855 4349 XXIX
871 4284 1060 4366 investigavi,
1084 4304 1194 4369 easque
1216 4286 1247 4348 iu
1269 4305 1358 4349 uuam
1381 4302 1524 4349 summam
1539 4302 1624 4346 con-

281 4373 354 4455 jeci.
398 4372 511 4437 Postea
533 4374 659 4457 tempori
681 4374 870 4451 resolutorie,
897 4375 1032 4456 quamvis
1054 4375 1206 4437 delinitum
1229 4382 1311 4437 esset
1333 4370 1397 4439 365
1421 4375 1525 4437 diebus
1547 4379 1580 4435 et
1601 4368 1623 4435 6

283 4462 375 4537 horis,
399 4461 478 4524 aliud
502 4473 534 4527 et
555 4464 713 4527 rotundum
735 4481 839 4527 nomeu
861 4464 958 4545 posui,
980 4464 1101 4545 dixique
1124 4464 1198 4527 illud
1218 4466 1321 4527 valere
1347 4465 1458 4545 gradm
1480 4460 1546 4527 360
1568 4483 1624 4527 seu

283 4553 432 4635 integrum
444 4551 593 4629 cuculum,
616 4554 666 4636 qui
688 4560 737 4615 est
749 4552 826 4634 apud
840 4554 1199 4625 astronomosanomalia
1219 4554 1328 4617 media.
1364 4555 1408 4619 Ut
1421 4572 1493 4634 ergo
1508 4572 1624 4617 summa

287 4640 495 4707 distantiarum
518 4644 554 4704 ad
578 4661 722 4706 summam
744 4643 899 4722 temporis,
921 4644 966 4707 sic
988 4643 1099 4706 habere
1122 4644 1180 4705 ieci
1201 4644 1366 4726 quamlibet
1386 4643 1561 4707 duonum
1582 4644 1624 4707 ad

286 4751 372 4797 suum
395 4737 522 4812 tempus.
558 4730 694 4815 Denique
716 4739 852 4813 tempora
873 4751 929 4813 per
950 4732 1085 4813 singulos
1099 4733 1209 4813 medus
1233 4733 1426 4809 accumulavi,
1443 4731 1623 4815 collatisque

285 4822 332 4885 his
360 4820 559 4903 temporibus,
592 4839 643 4884 seu
672 4820 813 4901 gradibus
844 4822 1011 4884 anomaliae
1042 4821 1159 4885 mediae
1188 4842 1255 4885 cum
1281 4822 1423 4903 gradibus
1453 4821 1623 4886 anomaliae

286 4910 431 4987 eccentri,
464 4928 518 4975 seu
545 4928 610 4974 cum
642 4928 762 4975 numero
789 4910 934 4991 partium,
967 4910 1105 4994 adquae
1131 4930 1224 4997 osque
1246 4911 1444 4994 quaerebatur
1466 4910 1623 4989 manua,
