3517 5525
269 404 331 475 156
630 408 661 461 ln
678 404 864 459 commentaria
880 406 911 457 dc
929 406 1034 459 modius
1052 404 1141 456 stellae
1159 403 1248 457 liertis

266 588 377 656 certus,
398 606 430 645 se
450 606 506 645 nou
525 588 655 644 minorem
673 589 736 645 Deo
755 588 860 643 cultum
879 590 1040 657 praestare,
1070 602 1151 658 quam
1172 588 1372 653 astronomum,
1403 585 1446 641 cui
1465 586 1543 641 Dens
1562 585 1616 641 boc

266 671 355 737 dedit,
376 677 410 726 nt
428 668 527 725 mentis
549 670 628 724 oculo
648 668 834 742 perspicacius
854 666 957 733 videat,
980 682 1104 739 quaeque
1125 666 1243 733 invenit,
1273 684 1356 738 super
1375 666 1408 722 iis
1428 668 1518 721 Deum
1537 684 1616 723 snum

265 751 378 822 etipse
397 751 540 807 celebrare
560 750 649 821 possit
668 759 699 805 et
716 749 793 805 volit

346 832 406 895 Quo
426 829 535 885 nomine
554 830 734 894 mediocriter,
756 848 810 884 non
831 844 929 899 parum
949 844 1025 893 sane,
1047 826 1134 883 docta
1148 830 1337 883 commendata
1350 844 1412 883 asse
1426 828 1510 883 debet
1523 826 1615 898 opinio

266 910 369 968 Brahei
389 913 423 965 de
444 912 534 966 torma
552 910 656 966 mundi:
681 911 783 981 qnippe
811 926 882 981 quse
909 908 1025 964 mediam
1046 909 1240 981 quodammodo
1261 909 1334 963 viam
1353 907 1481 965 incedens
1502 925 1540 965 ex
1559 924 1617 963 uns

266 999 349 1065 parte
377 998 562 1056 astronomos,
592 993 682 1063 quoad
711 990 773 1060 ejus
802 990 861 1044 lieri
889 994 1001 1058 potest,
1035 987 1126 1044 inutili
1155 995 1199 1043 tot
1227 988 1412 1059 epinyclcrum
1441 988 1615 1059 supellectile

265 1074 383 1136 liberat,
415 1087 514 1127 ansas
534 1078 665 1137 motuum,
686 1071 832 1145 ignoratas
845 1070 1015 1133 Ptolemaeo,
1038 1085 1098 1123 cum
1114 1068 1265 1139 Ccperuicc
1284 1070 1472 1141 amplectitur;
1495 1068 1616 1141 physicis

266 1151 500 1225 speculationibus
520 1152 641 1223 aliquem
659 1154 749 1207 locum
768 1152 829 1214 dat,
850 1150 915 1205 Sole
936 1149 964 1204 in
985 1157 1107 1206 centrum
1126 1149 1287 1221 systematis
1313 1149 1462 1220 planetarii
1487 1156 1614 1221 receptor

265 1251 302 1290 ex
323 1233 415 1287 altera
433 1250 500 1287 vero
528 1240 610 1302 parte
639 1233 725 1305 vulgo
754 1230 928 1287 literatorum
958 1230 1056 1294 sarrit,
1086 1237 1241 1301 motumque
1262 1230 1389 1295 Telluris,
1420 1232 1490 1287 adeo
1510 1230 1615 1285 medita

266 1313 410 1378 difficilem,
432 1312 572 1368 eliminet:
602 1312 668 1368 licet
688 1328 738 1383 per
758 1328 820 1367 eam
846 1309 972 1365 theoriae
998 1312 1171 1382 planetarum
1190 1310 1219 1365 in
1240 1311 1428 1367 nannenten
1449 1310 1615 1383 speculatio·

265 1394 347 1450 nibus
375 1401 405 1447 et
433 1392 711 1452 demonstrationibus
740 1391 835 1448 multis
863 1390 1027 1447 intricentur
1055 1390 1264 1446 difficultatibus
1293 1409 1344 1446 nee
1371 1408 1469 1463 parum
1488 1393 1616 1448 turbetur

266 1474 385 1547 physica
404 1472 540 1531 coelestis.

272 1568 278 1581 ’
346 1559 440 1626 Atque
464 1554 535 1609 haec
558 1555 593 1608 de
621 1568 760 1608 asomum
789 1552 931 1608 literarum
961 1552 1135 1608 auctoritate.
1175 1555 1219 1607 Ad
1243 1552 1351 1624 placita
1369 1569 1434 1608 vern
1454 1550 1617 1608 Sanctorum

267 1638 301 1689 de
330 1634 374 1689 his
403 1635 577 1689 naturalibus
607 1651 663 1688 uno
691 1636 777 1689 verbo
796 1634 964 1703 respondem
995 1633 1022 1687 in
1053 1630 1198 1706 theologis
1226 1632 1333 1705 quidem
1354 1632 1558 1696 auctoritatum,
1588 1630 1616 1685 in

265 1714 445 1787 philosophia
463 1732 530 1770 vero
554 1714 692 1771 rationum
710 1732 774 1769 esse
799 1720 940 1769 momenta
964 1714 1149 1784 ponderanda.
1190 1713 1308 1770 Sanctus
1337 1714 1424 1788 igitur
1442 1710 1616 1775 Lactantius,

265 1796 311 1869 qui
331 1796 445 1850 Terram
466 1794 582 1868 negavit
602 1812 664 1850 esse
683 1797 842 1851 rotundam:
872 1801 985 1849 sanctus
1012 1794 1199 1868 hugnsstinue,
1229 1796 1275 1867 qui
1294 1794 1466 1851 rotunditate
1486 1808 1618 1847 concana

264 1875 382 1949 negavit
402 1886 495 1944 tamen
514 1877 678 1946 antipodas:
706 1883 831 1931 sanetum
853 1874 977 1929 Officium
998 1874 1196 1940 hodiernorum,
1219 1876 1265 1947 qui
1286 1876 1415 1932 exilitate
1429 1875 1532 1931 Terrae
1552 1890 1616 1926 con·

265 1972 345 2011 oessu
364 1963 472 2027 negant
491 1964 584 2010 tamen
604 1955 666 2026 ejus
684 1964 796 2011 motum
837 1960 876 2009 Δι
897 1954 986 2027 magis
1015 1954 1081 2009 mihi
1109 1964 1208 2011 sancta
1234 1957 1353 2021 veritas,
1382 1954 1428 2027 qui
1453 1955 1566 2009 'l'erram
1586 1958 1617 2007 et

264 2036 410 2091 rotundam
440 2042 471 2091 et
500 2036 677 2107 antipcdibns
706 2034 963 2091 circumhabitatam
993 2042 1023 2090 et
1052 2036 1282 2095 contentissimae
1318 2034 1465 2108 parvitatis
1494 2050 1558 2088 esse
1586 2038 1616 2089 et

265 2116 382 2188 deniqne
395 2132 446 2187 per
459 2116 551 2172 sidera
565 2118 638 2182 terri,
660 2118 739 2172 ealro
753 2118 893 2172 doctorum
907 2114 1042 2179 ecclesiae
1056 2124 1193 2187 respectu,
1209 2134 1246 2172 ex
1258 2116 1436 2189 philosophia
1448 2117 1615 2171 demonstro.

265 2274 269 2282 ἱ
347 2204 402 2259 Sed
423 2204 493 2261 eatis
512 2208 547 2260 de
566 2206 754 2279 hypotheseos
773 2206 979 2277 Coperuioanae
998 2205 1127 2261 veritate.
1169 2208 1370 2263 Revertendum
1391 2206 1462 2261 enin
1482 2206 1518 2261 ad
1537 2202 1616 2265 insti·

267 2290 366 2349 tutum,
388 2302 407 2339 a
427 2302 480 2357 qno
500 2286 620 2342 laceram
640 2286 746 2342 initium
766 2288 850 2358 hujus
870 2286 1087 2341 introductionis.
1130 2287 1215 2359 Coepi
1234 2288 1335 2352 dicere,
1356 2304 1398 2341 me
1419 2292 1507 2341 totam
1527 2289 1617 2339 estro·

266 2365 385 2422 nomiam
405 2384 459 2419 non
479 2367 681 2438 hypothesibus
699 2366 816 2433 uetitis,
846 2368 895 2421 sed
921 2366 1043 2438 physicis
1064 2368 1154 2423 causis
1174 2372 1227 2425 hoc
1246 2386 1330 2439 opere
1350 2369 1477 2423 maderet
1509 2366 1544 2418 ad
1565 2364 1618 2419 boc

264 2463 331 2500 vero
365 2445 510 2517 mstigium
542 2463 586 2502 me
615 2448 788 2503 contendisse
817 2448 922 2501 dnobus
948 2447 1098 2519 gradibus3
1133 2450 1238 2514 altero,
1273 2448 1344 2521 quod
1373 2446 1616 2518 deprehenderem,

266 2526 295 2581 in
324 2542 438 2597 corpore
468 2526 541 2581 Solis
571 2544 733 2583 concurrere
761 2528 938 2599 planetarum
967 2528 1149 2594 ecoentricos,
1183 2531 1304 2602 reliquo,
1340 2530 1410 2602 quod
1445 2528 1473 2581 in
1507 2524 1618 2580 theoria

266 2605 385 2661 Telluris
406 2606 593 2663 intellexerim
613 2609 704 2663 inesse
723 2609 854 2663 enoolon
874 2614 1038 2679 aequantem
1057 2606 1172 2681 ejusque
1188 2608 1420 2665 eocentricitatem
1433 2606 1616 2663 bbeeandam.

265 2684 357 2758 Igitur
377 2685 422 2739 bic
441 2686 480 2741 sit
504 2688 603 2742 tertius
631 2690 749 2762 padus,
780 2690 852 2760 quod
880 2688 1086 2759 comparatione
1113 2690 1243 2747 instituta
1273 2690 1360 2763 partis
1390 2688 1527 2743 secundae
1555 2702 1617 2741 cum

266 2773 368 2839 quarta
396 2767 547 2824 certissime
576 2772 793 2826 demonstratum
820 2770 886 2834 sirit,
926 2770 1010 2826 etiam
1040 2772 1178 2828 Martialis
1209 2767 1616 2844 sequentis·eeeentricitatem

266 2847 443 2904 bisecscdam
463 2849 602 2921 praecise,
633 2852 704 2922 qnod
723 2851 851 2906 Brahens
877 2849 924 2905 din
952 2856 982 2905 et
1002 2851 1168 2922 Ooperuicns
1193 2853 1304 2909 dubium
1324 2853 1482 2907 omnemne
1523 2848 1616 2912 Qum

266 2927 424 2983 inductione
443 2928 522 2984 iacta
541 2932 578 2986 ah
598 2931 722 2986 omnibus
741 2930 863 3002 planetis
884 2936 965 3002 parte
985 2931 1072 2986 tertia
1091 2951 1128 2988 er
1148 2933 1302 3004 anticipato
1321 2933 1538 2988 demonstratum
1562 2935 1615 2993 est,

264 3007 481 3080 qnandoquidem
501 3011 580 3066 solidi
601 3013 692 3076 orbes,
715 3019 747 3066 ct
766 3013 893 3066 Brsbens
914 3029 951 3066 cx
972 3009 1186 3081 injectionibus
1214 3020 1379 3070 cometarum
1407 3007 1615 3074 demonstrarit,

264 3088 335 3160 nplli
354 3094 428 3154 eunt,
448 3088 522 3146 Solis
542 3091 630 3164 igitur
649 3107 748 3163 corpus
768 3109 832 3146 esse
844 3092 948 3146 ionum
961 3091 1081 3156 virtutis,
1104 3111 1175 3164 qnae
1189 3095 1320 3165 planetas
1334 3109 1427 3148 omnes
1441 3089 1614 3161 ercnmagit.

263 3169 375 3224 lindum
394 3169 480 3226 etiam
499 3172 607 3226 delinivi
629 3173 800 3245 argumentis
822 3173 921 3235 talam,
951 3179 984 3227 nt
1002 3172 1050 3228 Sol
1070 3189 1184 3230 manens
1205 3175 1312 3248 quidem
1332 3191 1382 3229 suc
1402 3174 1477 3236 loco,
1507 3177 1616 3226 rotetur
1678 3181 1686 3198 ⁸

263 3255 357 3303 tamon
377 3249 477 3305 osuin
497 3257 592 3316 torno,
620 3253 732 3310 emittat
757 3269 824 3307 vero
853 3270 891 3306 ex
911 3269 973 3306 sese
994 3253 1022 3308 in
1042 3255 1134 3308 mnndi
1154 3254 1360 3326 amplitudinem
1380 3251 1500 3323 speciem
1519 3252 1615 3308 imma·

264 3329 395 3384 terietam
414 3331 537 3408 corporis
558 3333 614 3398 eni,
635 3335 787 3405 analogum
808 3331 910 3402 speciei
931 3333 1135 3390 immateriatae
1153 3336 1222 3390 lucis
1243 3351 1327 3391 suae:
1357 3349 1429 3405 quae
1450 3331 1556 3403 species
1578 3333 1613 3385 ad

263 3410 430 3464 rotationem
459 3412 581 3484 corporis
610 3413 716 3467 Solaris
746 3420 854 3467 rotetur
883 3412 945 3482 ipsa
974 3430 1081 3484 quoqne
1110 3415 1200 3471 instar
1228 3414 1392 3486 rapidissimi
1421 3411 1532 3468 vorticis
1564 3428 1616 3482 per

264 3496 352 3545 mtem
373 3491 463 3545 mundi
485 3493 704 3562 amplitudinem
725 3493 933 3562 transieratque
952 3507 1009 3547 una
1029 3511 1119 3548 eccum
1141 3495 1167 3550 io
1188 3512 1287 3567 gyrum
1301 3511 1418 3566 corpora
1439 3495 1616 3564 planetarum

265 3570 375 3626 intenso
396 3571 442 3625 vel
461 3571 575 3626 remisso
595 3579 689 3642 raptu,
709 3578 794 3642 prout
811 3571 922 3625 densior
942 3573 987 3626 rel
1006 3576 1095 3629 rarior
1115 3577 1179 3646 ipsa
1197 3576 1316 3631 effluxae
1337 3577 1402 3647 lege
1422 3574 1514 3630 inerit

345 3661 489 3731 Expedita
508 3661 640 3715 communi
661 3661 716 3715 heo
733 3659 853 3724 virtute,
874 3675 931 3730 qua
951 3677 1043 3718 omnes
1063 3665 1195 3735 planetae
1216 3681 1266 3720 eno
1287 3665 1400 3738 quisque
1421 3663 1522 3717 circulo
1542 3661 1616 3718 circa

267 3741 361 3796 Solem
380 3739 562 3804 invehuntun
583 3740 784 3796 consectarium
803 3747 868 3797 erat
886 3741 952 3796 meis
974 3745 1276 3814 argumentationibus,
1304 3753 1337 3801 ut
1356 3742 1473 3818 singolis
1493 3741 1615 3814 planetis

268 3819 373 3892 singuli
393 3819 581 3877 tribuerentur
601 3827 735 3886 mctcroa,
761 3821 790 3876 in
810 3820 877 3892 ipsis
898 3821 1071 3892 planetamm
1090 3826 1182 3896 globis
1203 3826 1369 3882 insidentesr
1392 3823 1493 3897 qnippe
1513 3822 1614 3877 solidos

267 3903 348 3956 orbes
364 3898 424 3969 jam
444 3917 481 3955 ex
503 3901 643 3956 sententia
661 3901 764 3956 Brabei
785 3901 879 3971 rejeci.
920 3905 1012 3972 Atque
1037 3903 1089 3960 hoo
1115 3906 1202 3976 ipsum
1224 3923 1332 3979 quoqne
1352 3913 1432 3978 parte
1452 3903 1538 3960 tertia
1557 3902 1614 3975 egi.

341 3989 405 4043 Hac
426 3991 638 4062 argumentandi
658 3989 706 4045 ria
726 3989 868 4046 constituti
889 3997 1008 4047 motores
1029 3993 1074 4047 isti
1100 3995 1257 4052 incredibile
1287 3997 1361 4051 dictu
1391 4001 1535 4068 quantum.
1549 3991 1615 4047 mibi

263 4069 368 4126 laboris
389 4070 569 4127 exhibuerint
586 4077 670 4142 parte
691 4079 801 4143 quarta,
822 4072 885 4126 dum
906 4071 1053 4128 distantias
1073 4075 1205 4145 planetae
1227 4093 1245 4132 a
1262 4077 1335 4142 Sole,
1358 4078 1420 4131 dum
1434 4073 1614 4147 aequationes

263 4150 384 4204 eccentri
405 4152 520 4221 prodere
536 4151 620 4221 jussi,
639 4151 755 4207 vitiosas
776 4153 897 4222 produnt
915 4159 945 4207 et
958 4153 994 4211 ab
1015 4155 1253 4212 observationibus
1266 4156 1446 4213 dissentiunt:
1468 4171 1522 4210 non
1542 4155 1615 4226 quud

263 4231 336 4285 ialso
357 4230 461 4286 inerint
480 4231 636 4297 introducti,
657 4233 705 4286 sed
726 4232 792 4305 quia
811 4233 974 4288 circulcmm
994 4235 1071 4306 quasi
1092 4237 1214 4306 pistrinis
1235 4237 1297 4293 illos
1319 4238 1510 4310 alligaveram,
1532 4233 1614 4289 lasci·

163 4350 167 4357 1
262 4316 346 4367 natus
367 4309 495 4381 opinione
514 4311 642 4384 vulgari:
663 4312 761 4382 quibus
781 4312 823 4367 illi
843 4313 1019 4384 compedibus
1039 4316 1105 4371 nexi
1119 4335 1188 4388 opus
1203 4335 1280 4384 snum
1294 4319 1387 4372 faeere
1406 4335 1460 4371 nou
1474 4321 1613 4386 poterant.

342 4391 401 4446 Nec
420 4391 482 4446 huis
501 4393 556 4448 tuit
574 4391 750 4465 fatigationis
770 4408 847 4448 meae
868 4392 945 4464 prius
966 4411 1047 4467 quam
1068 4404 1194 4470 quartum
1221 4400 1256 4453 nd
1281 4399 1452 4471 hypotheses
1481 4394 1613 4469 physicas

263 4471 353 4528 iunxi
374 4473 506 4543 gradum:
527 4471 748 4529 laboriosissimis
766 4475 1043 4530 demonstrationibus
1058 4477 1333 4552 observationumquc
1347 4477 1525 4550 plurimarum
1538 4481 1613 4530 trac·
1718 4535 1722 4540 ,

263 4553 415 4609 tationibus
428 4554 609 4624 deprehenso,
631 4553 685 4608 iter
697 4553 830 4624 planetae
843 4552 871 4607 in
886 4556 965 4610 coelo
981 4573 1034 4611 nou
1049 4575 1110 4614 esse
1124 4559 1262 4624 circulum,
1285 4561 1332 4614 sed
1352 4556 1443 4614 viam
1463 4555 1611 4621 crelam,

262 4634 387 4706 perfecte
407 4632 621 4705 ellipticsm.

342 4713 470 4768 Accessit
487 4715 643 4786 geometria
662 4713 816 4786 docuitque,
837 4713 892 4770 iter
912 4715 970 4770 tale
991 4717 1070 4783 effici,
1092 4717 1115 4773 si
1135 4718 1253 4790 propriis
1267 4721 1443 4791 planetarum
1461 4715 1612 4774 motoribus

263 4795 388 4850 laborem
407 4794 481 4851 hune
501 4794 681 4867 assignemus,
703 4794 822 4850 librandi
842 4811 941 4867 corpus
955 4812 1033 4852 suum
1048 4798 1075 4852 in
1088 4799 1164 4854 linea
1176 4807 1254 4856 recta
1266 4818 1362 4856 versus
1376 4801 1467 4858 Solem
1480 4804 1609 4854 extensa

263 4875 359 4947 Neque
379 4874 432 4929 hcc
452 4878 555 4941 solnm,
583 4877 631 4929 sed
651 4882 682 4929 et
701 4874 882 4947 aequationes
903 4878 1045 4934 eccenuiei
1072 4879 1169 4949 justae
1189 4886 1219 4936 et
1239 4881 1476 4938 observationibus
1497 4893 1611 4933 consen·

263 4962 365 5012 meae
385 4955 579 5014 efficiebantur
598 4971 649 5028 per
668 4957 755 5012 talem
774 4955 959 5014 librationem.
1230 4956 1232 4962 ’
