3517 5525
319 442 363 516 38
697 490 703 499 .
736 442 838 501 Literna
854 444 959 515 Kepleri
976 444 1126 515 aliorumque
1143 444 1244 501 mutuas
1273 491 1279 500 .

318 628 414 705 cclui;
437 624 490 692 95.
514 627 649 690 libellum
671 626 762 702 edidi,
786 627 836 689 cni
852 626 960 691 titulus
983 634 1032 689 est
1052 623 1276 708 Mysterium
1301 622 1659 707 cosmographicum.

317 718 353 782 Si
375 717 432 781 uti
452 717 607 798 exemplar
619 717 756 779 Paduam
769 716 980 781 transmissum
997 723 1053 791 est,
1077 715 1109 779 id
1123 714 1168 776 ita
1185 721 1219 779 ut
1235 714 1318 777 volui
1331 716 1446 777 tactum
1461 710 1552 788 est‘)
1588 714 1662 779 Gom

315 827 371 889 per
391 806 498 870 literas
519 805 702 870 Phoenicem
733 812 868 869 nostrum
901 806 1111 887 Tychonem
1133 803 1318 868 Braheum
1348 804 1588 884 compellassem‚
1618 803 1662 867 uti

315 916 402 959 mum
422 896 476 957 ille
500 900 590 976 snper
612 894 774 973 colibello
792 894 940 974 judicium
960 895 1112 975 proderet,
1136 894 1176 957 ad
1189 893 1429 973 respondendum
1443 892 1544 955 inveni
1560 908 1662 972 prom-

314 986 481 1059 tissimam,
513 985 589 1047 adeo
611 991 647 1047 ut
667 1002 713 1045 me
736 983 776 1044 ad
799 1002 868 1045 sese
892 1002 1003 1065 suaque
1027 984 1128 1047 studia
1149 982 1277 1045 visenda
1299 982 1451 1045 invitaret.
1497 982 1607 1045 Haesit
1628 1001 1661 1045 eo

313 1082 449 1156 tempore
471 1074 502 1135 in
525 1072 676 1149 Cimbris,
706 1072 796 1153 paulo
828 1080 900 1153 po'st
929 1081 965 1134 ιι
991 1073 1022 1135 in
1043 1072 1220 1137 Bohemiam
1242 1071 1325 1135 venit
1347 1072 1405 1133 iter
1427 1072 1561 1153 suscepi,
1591 1070 1661 1147 vidi,

312 1163 449 1245 probavi,
468 1160 638 1225 'admiratus
661 1181 736 1237 sum,
761 1161 930 1241 concupivi,
954 1161 1041 1224 haesi
1063 1161 1204 1244 denique:
1239 1169 1270 1223 et
1287 1160 1376 1241 jussu
1400 1160 1559 1235 Caesaris,
1584 1160 1663 1241 qnod

313 1252 447 1336 Tychoni
470 1251 560 1315 credo
582 1250 764 1333 promotori,
797 1250 945 1313 familiam
976 1270 1012 1312 eo
1034 1251 1186 1313 transtuli.
1234 1249 1296 1313 Gur
1325 1250 1369 1311 ita
1391 1250 1537 1325 lacerem,
1569 1250 1663 1311 movit

311 1362 359 1406 me
381 1342 585 1424 potissimum,
609 1340 699 1423 quod,
722 1359 811 1421 quam
830 1340 896 1420 jam
918 1340 969 1403 din
990 1339 1119 1402 meditor
1140 1339 1397 1403 Harmonicen
1419 1339 1565 1413 Mundi,
1592 1356 1661 1418 per-

312 1432 410 1506 ficere,
432 1430 493 1494 nisi
514 1437 687 1494 restaurata
708 1435 765 1511 per'
785 1429 957 1511 Tychonem
981 1429 1166 1493 astronomia
1188 1436 1242 1493 aut
1263 1428 1446 1511 comparatis
1468 1430 1533 1511 ejus
1557 1430 1661 1491 obser-

310 1519 483 1585 uationrhns
505 1539 566 1595 non
587 1538 721 1600 possum.
767 1518 869 1591 Quid?
899 1519 957 1583 hoc
979 1518 1051 1581 mali
1073 1519 1172 1581 dicam
1194 1538 1262 1583 esse
1284 1519 1315 1583 in
1338 1526 1404 1581 arte
1435 1526 1554 1593 nostra,
1587 1536 1660 1601 quae

314 1610 411 1675 omnis
429 1609 568 1690 justitiae
591 1609 719 1690 fideique
741 1626 847 1672 norma
869 1615 918 1669 est
940 1614 972 1670 et
993 1608 1087 1689 origo,
1102 1608 1189 1691 ¹quod
1211 1608 1324 1671 ineam
1346 1607 1467 1671 fraudes
1483 1606 1660 1689 irruperunt,

312 1699 419 1783 quibus
442 1699 561 1778 decepti
583 1686 832 1760 retinentur‘viri
855 1697 978 1772 summi,
1002 1716 1060 1779 quo
1083 1699 1181 1761 minus
1204 1705 1238 1761 ιι
1258 1717 1315 1779 par
1337 1705 1404 1759 erat
1425 1696 1568 1779 quidquid
1590 1716 1661 1779 pro-

311 1790 410 1863 fecere
432 1788 464 1851 in
486 1806 640 1850 commune
673 1788 846 1861 conferant,
879 1786 911 1849 in
932 1786 1084 1868 publicum
1115 1788 1215 1863 edant,
1239 1786 1411 1869 petentibus
1434 1788 1660 1851 communicent.

309 1878 425 1941 Premit
457 1876 561 1960 Tycha
593 1876 751 1957 pleraque:
784 1876 975 1958 planetarum
1005 1876 1141 1939 theorias
1171 1883 1377 1951 restauratas,
1409 1875 1661 1950 eccentricitates,

309 1968 519 2049 proportiones
550 1965 666 2030 orbium
695 1967 736 2027 ad
768 1966 968 2029 examinanda
999 1984 1067 2028 mea
1097 1966 1272 2029 harmonica
1288 1964 1458 2047 .quaesivi:
1492 1964 1576 2029 Solis
1610 1965 1660 2027 ille

307 2058 494 2137 lixarumque
526 2074 672 2131 canones,
704 2074 839 2136 quaeque
870 2054 901 2117 in
924 2054 1025 2131 Luna,
1058 2062 1089 2117 et
1121 2055 1199 2138 quod
1230 2055 1421 2137 potissimum
1453 2056 1600 2136 expetivi,
1632 2053 1660 2117 in

308 2145 429 2208 Marte
447 2146 515 2226 jam
537 2144 609 2207 olim
629 2144 767 2223 perfecit,
790 2162 828 2205 ea
849 2144 975 2224 profert,
999 2164 1066 2208 cum
1090 2146 1274 2209 correctiora
1297 2144 1339 2207 sit
1361 2144 1505 2207 editurus.
1545 2143 1660 2207 Obser-

308 2234 447 2298 vationes
479 2232 599 2316 quidem
621 2232 804 2295 lectissimas
825 2232 966 2313 porrigit,
1000 2253 1059 2297 non
1090 2240 1191 2296 tamen
1224 2234 1327 2308 aliter,
1359 2252 1448 2315 quam
1476 2234 1557 2295 intra
1591 2252 1660 2295 suos

307 2323 449 2405 parietes.
486 2321 618 2397 Labore,
641 2322 747 2403 inquit,
771 2329 804 2384 tu
826 2341 961 2403 quoque;
985 2323 1087 2399 credo,
1110 2324 1189 2405 quod
1208 2322 1433 2403 Copcmicanae
1457 2320 1660 2405 hypotheseos
1720 2326 1725 2337 '

308 2413 498 2480 defensorem
521 2412 599 2476 alius
621 2410 688 2491 ipse
711 2411 880 2475 sententiae
905 2420 1043 2493 spectare
1067 2412 1232 2475 constituit.
1278 2413 1346 2492 Ego
1370 2411 1523 2493 Tychonis
1553 2412 1659 2475 obser-

307 2501 481 2570 uationibus
502 2501 618 2582 potitus
635 2501 703 2581 jam
734 2519 843 2563 annum
872 2499 1022 2581 integrum
1054 2500 1213 2582 Oopernici
1243 2501 1427 2583 hypotheses
1460 2502 1599 2565 examino
1631 2500 1660 2563 in

307 2592 434 2655 Marte
456 2591 626 2672 praecipue.
673 2590 799 2652 Interim
830 2598 864 2651 ιι
896 2591 936 2653 ad
958 2590 1131 2672 ‘lychonem
1154 2589 1305 2671 scripsisti
1327 2610 1387 2653 non
1411 2590 1521 2667 semel;
1556 2590 1660 2653 literas

307 2687 378 2746 tuas
398 2680 512 2763 partim
534 2679 612 2762 legi,
633 2679 747 2759 partim
768 2678 869 2741 audivi
893 2678 1052 2742 recenseri.
1098 2680 1288 2745 Admiranda
1318 2688 1351 2741 ιι
1383 2698 1498 2760 quoque
1519 2698 1660 2743 comme-

306 2790 418 2846 moras,
442 2768 588 2851 simulque
611 2787 745 2851 premere
769 2769 824 2830 illa
847 2776 879 2830 et
900 2771 964 2850 ipse
982 2770 1142 2851 profiteris.
1182 2771 1291 2834 Orsm
1308 2769 1473 2849 indignam,
1496 2770 1574 2832 adeo
1590 2789 1659 2850 per-

308 2860 373 2925 dita
395 2878 464 2925 esse
487 2867 634 2942 tempora,
657 2866 692 2920 ut
714 2858 788 2920 viris
811 2858 910 2922 doctis
934 2879 1050 2942 quoqne
1073 2859 1105 2922 in
1125 2868 1207 2924 metu
1223 2860 1265 2923 sit
1278 2859 1474 2922 versandum!
1513 2857 1659 2932 Quamvis

306 2957 340 3014 tu
363 2949 483 3031 quidem
505 2969 565 3012 non
588 2948 745 3011 obscuram
762 2965 846 3029 spem
868 2947 987 3025 seceris,
1010 2951 1295 3014 communicaturum
1317 2957 1348 3010 te
1362 2956 1416 3011 tua
1434 2966 1500 3010 cum
1523 2947 1588 3024 illo,
1612 2947 1660 3029 qui

307 3059 363 3104 sua
385 3038 521 3102 vicissim
542 3046 642 3100 tecum
664 3037 872 3100 communicet
919 3038 956 3102 Id
979 3055 1035 3118 ego
1057 3049 1216 3122 postquam
1240 3058 1278 3100 ex
1304 3038 1402 3100 literis
1429 3037 1490 3100 tuis
1514 3036 1659 3112 intellexi,

304 3127 428 3192 mirifice
451 3127 482 3190 in
504 3128 549 3189 tui
572 3145 705 3189 amorem
719 3125 829 3202 exarsi,
852 3126 942 3208 idque
961 3133 1047 3190 tanto
1060 3130 1169 3208 magis,
1193 3134 1303 3209 quanto
1324 3127 1387 3201 illa,
1402 3145 1478 3208 quae
1493 3126 1523 3188 in
1543 3135 1658 3189 secreto

304 3217 416 3279 habere
440 3216 564 3293 dixisti,
595 3235 679 3278 meos
712 3209 832 3277 labores
862 3217 1065 3279 astronomiae
1090 3219 1167 3280 forte
1189 3237 1249 3280 non
1272 3215 1394 3292 inutiles
1417 3215 1558 3298 adjutura
1582 3224 1658 3279 sunt.

304 3302 353 3371 lle
376 3305 435 3369 etsi
458 3304 578 3389 quidem
601 3323 647 3380 ea,
671 3323 747 3387 quae
768 3305 943 3386 aTychone
958 3305 1066 3382 habeo,
1090 3307 1224 3370 vicissim
1243 3311 1343 3369 tecum
1364 3305 1583 3368 communicare
1601 3325 1658 3368 non

305 3415 430 3477 possum
451 3395 512 3458 nisi
535 3394 600 3476 ipso
623 3393 830 3457 consentiente
855 3395 959 3468 (iidem
981 3415 1108 3478 namque
1132 3416 1221 3478 super
1248 3395 1305 3458 hac
1328 3414 1360 3456 re
1374 3393 1430 3458 ‘illi
1452 3394 1547 3472 dedi),
1572 3414 1658 3477 spero

307 3493 419 3559 umen,
435 3484 633 3548 uteremini
651 3502 788 3564 aequum,
812 3483 838 3544 si
852 3503 892 3546 ex
905 3503 1016 3562 eorum,
1040 3505 1116 3567 quae
1130 3486 1250 3568 proprio
1260 3485 1360 3548 Marte
1376 3485 1526 3561 adinveni,
1541 3483 1659 3549 liberali

247 3629 250 3634 .
308 3574 576 3637 communicatione
599 3573 759 3634 candorem
781 3591 878 3634 meum
902 3574 1108 3655 perspexerim
1141 3595 1201 3638 non
1231 3575 1311 3656 quod
1338 3573 1379 3635 iis
1401 3581 1431 3634 te
1453 3575 1580 3638 multum
1603 3574 1658 3636 ad-

304 3665 403 3746 jutum
426 3663 463 3726 iri
488 3680 609 3747 sperare
631 3661 747 3744 possim
771 3663 852 3735 (sum
875 3662 955 3725 enim
977 3683 1063 3725 meae
1087 3663 1158 3726 mihi
1181 3661 1338 3727 tenuitatis
1363 3664 1525 3739 conscius),
1550 3663 1605 3728 sed
1626 3671 1660 3726 ut

307 3752 442 3819 animum
463 3760 497 3816 at
519 3751 581 3816 dixi
604 3769 703 3816 meum
724 3749 841 3814 videas.
886 3751 965 3816 Nam
990 3760 1021 3815 et
1043 3753 1099 3818 hoc
1123 3753 1249 3829 accedit,
1274 3751 1353 3836 quod
1377 3759 1461 3816 tanto
1485 3752 1599 3818 rectius
1612 3773 1657 3816 me

305 3843 414 3924 jurare
437 3841 563 3925 poteris,
586 3842 636 3905 ubi
659 3839 782 3916 videris,
806 3840 915 3922 quibus
938 3843 969 3904 in
990 3842 1080 3906 rebus
1103 3861 1216 3908 verser.
1255 3841 1290 3908 Si
1313 3843 1350 3906 de
1369 3843 1507 3906 meotide
1526 3843 1656 3918 druhitas,

307 3933 404 3996 habes
425 3931 476 3995 hic
498 3931 728 4013 chirographum
750 3948 864 4006 meurn,
889 3950 947 4014 quo
970 3933 1124 3995 bonafide
1146 3933 1307 4015 promitto,
1336 3951 1384 3994 me
1407 3932 1547 4014 quicquid
1570 3933 1657 4014 hujus

305 4020 380 4103 mihi
412 4020 679 4084 communicaveris
710 4019 741 4082 in
774 4027 891 4083 secreto
918 4020 1108 4098 habiturum,
1140 4041 1198 4085 non
1230 4039 1286 4104 pro
1322 4041 1388 4084 meo
1425 4023 1655 4097 venditatorem,

307 4109 383 4174 nulli
405 4111 560 4176 hominum
581 4109 716 4194 quisquis
739 4108 791 4172 ille
816 4111 857 4174 sit
879 4112 1178 4176 communicaturum:
1217 4111 1281 4176 sine
1305 4111 1375 4177 dolo
1403 4111 1499 4188 malo,
1531 4113 1655 4187 sincere,

305 4200 332 4262 si
355 4219 444 4264 secus
466 4202 570 4277 faxim,
593 4201 641 4262 vir
661 4199 838 4263 inhonestus
861 4198 984 4264 habear.
1649 4227 1651 4232 ·

308 4309 320 4318 ’·
395 4289 482 4363 Quae
505 4297 606 4354 autem
628 4309 685 4370 ego
708 4287 932 4369 deprehendere
954 4289 1049 4371 potui,
1071 4290 1147 4352 haec
1171 4290 1233 4352 fere
1257 4296 1337 4353 sunt.

395 4381 432 4443 In
445 4380 550 4443 libello
563 4399 631 4443 meo
645 4379 903 4460 Gosmographico
917 4380 1067 4460 peculiare
1082 4387 1174 4461 caput
1195 4388 1253 4456 est,
1276 4397 1342 4442 cum
1354 4379 1460 4442 tabula
1475 4398 1494 4442 a
1508 4379 1654 4442 Maesa

305 4469 385 4531 lino
407 4477 597 4551 computata,
628 4471 660 4531 in
690 4488 749 4550 qua
778 4469 966 4550 hypotheses
987 4469 1147 4549 Coperuici
1179 4469 1223 4532 sic
1254 4469 1357 4532 censui
1379 4470 1587 4549 corrigendas,
1621 4477 1654 4534 ιι

304 4559 494 4639 planetarum
517 4558 758 4622 eccentricitates
781 4576 973 4641 summaeque
996 4559 1118 4639 apsides
1134 4559 1172 4622 ab
1188 4559 1254 4640 ipso
1277 4559 1356 4622 veri
1379 4559 1439 4622 loci
1453 4558 1537 4623 Solis
1551 4566 1652 4622 ceatm

304 4649 488 4726 deriventur,
515 4669 575 4711 non
603 4670 623 4710 a
645 4647 765 4711 medio
786 4648 855 4708 loco
878 4646 972 4711 Solis.
1018 4655 1113 4718 (Proh.
1134 4655 1195 4722 cap.
1215 4656 1284 4719 xv.;
1309 4655 1366 4708 Vol.
1385 4655 1406 4708 L
1425 4672 1452 4722 p.
1472 4653 1532 4707 tut.
1568 4655 1652 4722 comp

304 4744 443 4799 mumma
462 4748 525 4812 esp.
543 4745 590 4809 v.)
629 4736 666 4802 Id
687 4735 855 4800 certissime
887 4735 933 4799 ita
962 4737 1073 4801 habere
1102 4737 1303 4820 deprehendi,
1333 4738 1445 4802 Martis
1475 4738 1652 4802 certissimis

304 4829 568 4893 observationibus
599 4827 640 4889 ad
670 4825 960 4891 demonstrationum
991 4827 1137 4890 calculum
1168 4829 1327 4892 reuocatis.
1379 4827 1454 4891 Alio
1487 4830 1554 4910 ojus
1583 4827 1652 4890 libri

306 4921 408 5000 capite
431 4926 503 4992 (cap
519 4925 597 4977 mt
620 4923 678 4976 Vol.
697 4923 717 4974 ι
736 4939 759 4989 p.
781 4921 853 4987 181.)
875 4916 977 4980 monui
1009 4917 1046 4979 de
1077 4917 1196 4980 theoria
1223 4917 1323 4992 Solis,
1355 4917 1435 5000 quod
1465 4936 1503 4980 ea
1531 4936 1590 4982 non
1619 4923 1653 4978 ιι

304 5011 446 5092 planetae
468 5008 562 5071 ceteri
584 5007 625 5071 al)
644 5003 811 5078 artificibus
832 5013 1011 5088 aequantem
1035 5005 1218 5092 sitsdcpa,
1242 5007 1295 5072 sed
1311 5006 1378 5070 sola
1392 5007 1519 5090 simplici
1534 5013 1653 5074 uosmet
