3517 5525
797 395 837 452 De
855 397 964 453 Motibus
982 396 1076 454 Stellae
1093 397 1181 454 Mnus

819 631 939 734 Caput
968 627 1168 708 XXXVII.

567 789 677 859 Vtrae
697 791 825 860 Lunum
846 814 972 859 meaos
994 792 1146 878 praemodo
1169 801 1352 876 comparatu
1372 771 1440 858 sit*

278 981 280 986 ,
409 931 451 998 Et
472 933 543 1017 quia
558 933 623 1015 oap.
646 933 792 1000 XXXIV.
808 937 906 1004 obiter
927 937 958 998 in
980 943 1079 998 motus
1101 933 1230 996 Lunae
1252 935 1433 998 mentionem
1454 907 1562 1009 incidi:
1578 934 1667 998 lubet

321 1029 418 1087 totum
441 1023 593 1105 negotium
609 1024 759 1088 delineare
782 1027 871 1106 paulo
891 1025 1011 1100 elarius,
1034 1043 1071 1086 ne
1095 1025 1249 1104 serupulus
1272 1023 1513 1106 aliquisirLuna
1533 1024 1667 1104 injectus

320 1113 464 1180 lectorem
484 1114 516 1176 in
538 1121 603 1177 toto
617 1114 673 1177 hoo
695 1122 828 1178 tractatu
851 1123 999 1197 torqueat,
1024 1132 1081 1194 qno
1103 1113 1200 1174 minus
1214 1113 1353 1192 expedite
1371 1114 1445 1177 mihi
1466 1133 1550 1177 snum
1568 1132 1663 1194 prae-

319 1201 394 1268 beat
424 1218 600 1267 assensum:
633 1203 702 1285 quin
734 1205 835 1285 potins
865 1214 901 1267 ut
930 1203 1053 1284 mirilioe
1085 1202 1274 1265 confirmetur
1305 1202 1532 1266 evidentissima
1560 1211 1665 1266 motus

320 1293 450 1357 Lnnaris
473 1293 741 1374 contemplatione:
775 1294 900 1376 denique
922 1301 956 1356 ut
978 1291 1178 1356 astronomiae
1201 1310 1272 1371 pars
1294 1292 1421 1374 physica
1442 1293 1498 1355 lroe
1521 1293 1597 1357 libro
1620 1291 1665 1356 sit

320 1382 446 1465 integra.
492 1383 573 1448 Nam
603 1383 663 1446 etsi
693 1384 724 1445 in
755 1383 903 1446 theoriam
932 1383 1037 1445 Lunae
1066 1379 1194 1461 panonia
1220 1380 1366 1461 quaedam
1395 1382 1561 1446 differenda
1591 1388 1666 1444 sunt

321 1490 375 1536 seu
397 1471 486 1536 aliter
508 1471 657 1536 tradenda
678 1491 731 1534 sen
754 1471 963 1553 particularius
986 1466 1181 1551 explicanda:
1213 1468 1268 1532 illa
1296 1479 1397 1533 temen
1427 1471 1495 1534 hino
1518 1472 1665 1535 orientur.

409 1561 636 1626 Animadvertit
657 1561 781 1643 Tyeho
812 1562 978 1624 Braneus
1005 1577 1060 1640 per
1082 1558 1214 1621 diutinas
1241 1565 1272 1620 et
1294 1559 1488 1623 creberrimas
1517 1560 1667 1624 observa-

324 1651 422 1716 tiones
441 1652 545 1715 Lunae
567 1649 598 1712 in
622 1651 701 1714 omni
724 1650 784 1713 situ
806 1669 873 1714 enm
892 1648 974 1726 Sole,
997 1648 1076 1730 qnod
1098 1648 1129 1710 in
1143 1648 1230 1711 Luna
1251 1657 1373 1727 praeter
1395 1651 1575 1713 anomaliam
1596 1649 1668 1732 epi-

322 1741 401 1824 eyoli
424 1749 456 1804 et
476 1747 598 1822 praeter
625 1740 709 1803 illam
738 1739 917 1804 anomaliam
940 1739 1139 1812 menstruam
1173 1755 1249 1818 qnae
1273 1740 1363 1800 etiam
1386 1739 1558 1802 Ptolemaeo
1589 1748 1669 1802 uota

322 1831 389 1908 fuit,
414 1830 479 1912 ipae
503 1829 593 1894 etism
621 1828 737 1892 medius
759 1837 858 1893 motus
882 1831 1037 1910 (respectu
1064 1827 1167 1890 harum
1191 1827 1315 1889 duarum
1343 1828 1587 1910 inaequalitatum
1617 1829 1666 1892 sie

323 1919 437 2002 dietus)
460 1919 590 1983 nondum
613 1918 654 1982 sit
674 1919 764 1999 plane
787 1919 913 1994 medius,
936 1918 993 1980 sed
1007 1916 1180 1978 intendatur
1202 1916 1256 1978 snb
1271 1917 1494 1998 conjunctiones
1516 1927 1548 1981 et
1565 1937 1667 1999 oppo-

324 2009 450 2073 sitiones
472 2029 540 2074 eum
561 2007 649 2085 Sole,
679 2009 851 2073 remittatur
873 2007 904 2071 in
927 2005 1131 2088 quadraturis;
1162 2013 1211 2080 ut,
1234 2004 1353 2068 etiamsi
1380 2006 1469 2069 nullis
1491 2008 1666 2071 turbaretur

323 2099 482 2183 epioyolia,
505 2106 605 2164 temen
628 2097 715 2162 Luna
737 2098 818 2180 ipsa,
842 2097 934 2161 etiem
956 2095 987 2159 in
1010 2094 1197 2158 concentrico
1221 2095 1344 2157 Terram
1366 2095 1552 2174 circumiens,
1576 2097 1667 2160 inae·

320 2188 449 2272 qualiter
471 2189 650 2252 circumiret.
1089 2272 1095 2286 ·
1357 2273 1363 2288 ·
1526 2273 1534 2287 ·

593 2321 649 2388 ra.
666 2317 711 2372 ⁸⁸·
975 2360 1049 2423 curn
1062 2271 1288 2433 Sisvliliff)
1299 2269 1553 2438 sphpzssrpnppp
1572 2273 1664 2426 iiil-

976 2450 1017 2513 tis
1040 2458 1121 2512 eto:
1144 2459 1177 2512 et
1198 2458 1375 2516 moveantur
1396 2471 1499 2514 omnes
1522 2454 1665 2533 superins

974 2558 993 2600 a
1025 2538 1140 2601 dextris
1172 2539 1212 2600 sd
1240 2539 1382 2603 sinistras
1410 2540 1565 2623 perpetim
1611 2542 1665 2606 Sit

975 2634 1076 2690 autem
1099 2626 1209 2692 CLOF
1231 2629 1313 2692 orbis
1334 2630 1449 2703 Lunae,
1472 2628 1608 2694 OLuna
1628 2632 1663 2696 iu

974 2716 1173 2798 oppositione,
1197 2713 1270 2781 [lin
1292 2719 1509 2801 conjunctione,
1528 2720 1607 2795 L‚F
1629 2721 1662 2784 in

974 2806 1183 2887 quadraturis:
1200 2814 1232 2870 et
1244 2818 1365 2873 manest
1378 2808 1443 2889 jam
1458 2808 1568 2874 ctos
1583 2830 1662 2873 con·

976 2896 1125 2958 eentrious
1161 2916 1199 2959 ex
1227 2898 1323 2960 Terra
1353 2897 1385 2961 in
1415 2901 1442 2961 T
1480 2899 1662 2981 descriptus,

974 2992 1188 3067 mereaturque
1210 2986 1242 3049 in
1262 2988 1384 3068 plagam
1407 2985 1525 3052 OFCL.
1554 2988 1662 3061 Quae-

974 3075 1051 3135 ritnr
1073 3073 1182 3155 igitur,
1212 3094 1289 3157 qnae
1312 3095 1421 3152 oense,
1444 3095 1497 3140 eur
1518 3078 1607 3141 Luna
1628 3079 1662 3143 iu

977 3160 1013 3238 G,
1036 3160 1064 3225 0
1088 3164 1130 3225 sit
1152 3163 1278 3227 celerior
1299 3164 1380 3229 eirea
1402 3167 1437 3242 T,
1460 3187 1549 3249 quam
1571 3166 1603 3230 in
1625 3170 1662 3244 F,

839 3329 842 3334 ‚
974 3252 1012 3327 L,
1036 3270 1102 3314 eum
1120 3253 1186 3332 jam
1203 3254 1303 3317 animo
1323 3256 1537 3319 removerimus
1551 3275 1664 3319 eoten-

976 3339 1141 3403 tricitatem
1163 3348 1195 3404 et
1216 3342 1388 3425 epieyolos?
1422 3346 1482 3409 Hie
1503 3354 1666 3427 exspectat

975 3429 1071 3493 lector
1094 3431 1189 3505 (seio)
1211 3440 1246 3493 ut
1266 3432 1372 3509 dicam,
1397 3434 1465 3497 ideo
1487 3435 1665 3499 celeriorem

977 3538 1045 3580 esse
1067 3519 1098 3580 in
1122 3517 1160 3597 0,
1183 3520 1254 3602 quia
1275 3530 1374 3584 motus
1395 3524 1462 3604 ejus
1485 3542 1521 3586 eo
1537 3524 1597 3586 loci
1621 3526 1666 3589 sit

976 3608 1008 3670 iu
1030 3608 1153 3671 easdem
1179 3618 1373 3690 partescum
1401 3612 1530 3675 omnium
1551 3614 1664 3696 plane-

975 3704 1075 3761 tarum
1097 3707 1188 3761 motu.
1226 3699 1367 3763 Atheos
1390 3722 1463 3764 vera
1485 3722 1579 3765 causa
1599 3723 1663 3767 non

976 3793 1034 3848 est.
1080 3786 1133 3851 Sio
1156 3786 1235 3851 enim
1256 3788 1287 3852 in
1311 3788 1336 3853 (l
1359 3790 1457 3861 fieret,
1480 3800 1515 3855 nt
1536 3792 1570 3855 fit
1591 3794 1663 3875 qui-

322 3871 400 3948 dem,
422 3868 509 3935 Luna
530 3870 713 3949 tardissime,
736 3881 819 3937 motu
842 3874 1027 3955 composito;
1051 3895 1118 3937 rum
1138 3878 1276 3958 proprius
1290 3877 1355 3958 ejns
1377 3888 1475 3943 motus
1488 3880 1664 3947 FOLnon-

323 3958 398 4023 nihil
420 3960 567 4025 renitatur
579 3960 625 4024 illi
641 3963 797 4041 communi,
821 3964 860 4026 ad
879 3963 1019 4027 sinistras
1041 3973 1154 4046 partes.
1193 3967 1353 4030 Sciendum
1368 3970 1456 4042 enim,
1479 3971 1559 4051 quod
1573 3972 1666 4035 Luna

324 4047 356 4111 iu
387 4068 441 4113 suo
474 4050 545 4114 orbe
575 4050 661 4116 exO
692 4052 804 4117 feratur
835 4054 933 4117 minus
965 4054 1003 4117 ed
1033 4062 1136 4135 partes
1166 4056 1288 4118 demas
1315 4058 1359 4134 L,
1388 4078 1476 4141 qnam
1499 4061 1594 4124 Terra
1623 4062 1666 4124 ad

324 4136 464 4202 sinistras
494 4140 526 4202 in
556 4160 610 4204 sno
642 4138 731 4203 orbe:
762 4142 889 4225 ideoque
911 4143 1015 4219 Luna,
1047 4152 1129 4207 motn
1160 4145 1326 4227 composito
1348 4140 1394 4231 {ex
1421 4148 1541 4229 proprio
1570 4159 1603 4213 et
1624 4171 1667 4214 ex

326 4224 458 4291 Telluris
481 4228 638 4306 communi,
664 4250 779 4313 semper
801 4230 893 4295 etiam
916 4233 954 4295 ad
977 4233 1101 4297 dextras
1124 4236 1276 4315 superius,
1300 4236 1394 4299 Terra
1416 4237 1447 4299 in
1470 4244 1487 4300 d
1510 4249 1664 4317 versante,

265 4370 275 4383 ,
324 4314 373 4377 hie
395 4335 483 4394 vero,
507 4320 601 4383 Terra
631 4318 757 4383 inferius
779 4320 810 4384 in
832 4322 859 4383 Τ
882 4330 1040 4399 versante,
1074 4323 1113 4385 ad
1135 4322 1276 4386 sinistras
1308 4324 1421 4402 fertum
1447 4328 1534 4390 tarde
1561 4335 1667 4394 tamen

325 4404 406 4467 eirea
429 4406 465 4481 C,
487 4408 632 4471 velociter
654 4409 733 4471 eirea
756 4407 794 4485 0,
818 4410 984 4491 cujusmodi
1006 4418 1118 4475 motum
1145 4413 1272 4494 spinales
1301 4414 1398 4477 lineae
1420 4416 1470 4479 hie
1491 4416 1667 4483 delineatae

325 4493 459 4577 proxime
482 4496 657 4577 exprimunt

414 4582 477 4647 Sed
499 4585 599 4648 lorsan
622 4586 704 4649 aliud
726 4594 901 4667 exspectas,
924 4595 958 4651 ut
979 4587 1091 4667 dicam,
1115 4590 1271 4672 provenire
1293 4591 1350 4654 hoo
1376 4593 1603 4674 phaenomenon
1626 4617 1668 4662 ex

327 4690 372 4750 eo,
406 4672 484 4755 quod
511 4674 605 4737 virtus
634 4672 744 4739 natrix
766 4673 846 4739 Solis
876 4676 907 4739 in
931 4674 958 4739 0
981 4678 1022 4741 sit
1048 4679 1209 4749 remissior,
1240 4682 1270 4744 in
1294 4679 1320 4745 O
1344 4682 1518 4748 incitatior?
1563 4687 1666 4751 Multo

326 4759 422 4826 minus
445 4762 501 4825 hoe
524 4762 635 4828 dixero.
681 4762 734 4828 Sic
757 4764 833 4827 enim
856 4766 992 4842 efficiam,
1014 4774 1049 4830 ut
1068 4768 1203 4851 noloque
1222 4769 1253 4832 io
1276 4770 1304 4833 Ο
1328 4779 1359 4834 et
1381 4770 1406 4837 Ο
1430 4772 1483 4836 liat
1508 4777 1610 4855 tarde,
1632 4778 1668 4841 in

326 4850 361 4927 F,
385 4850 412 4913 L
434 4850 541 4929 velox,
566 4853 644 4933 quod
668 4860 715 4917 est
736 4852 918 4917 eontrarium
941 4857 1087 4937 quaesito.
1131 4858 1211 4921 Nam
1233 4859 1260 4923 si
1284 4860 1314 4923 in
1340 4858 1367 4924 Ο
1389 4862 1514 4926 remisse
1538 4883 1666 4946 promo-

325 4946 431 5018 vetur,
464 4942 553 5007 tarda
575 4941 683 5023 igitur:
716 4951 748 5007 et
774 4943 801 5007 si
829 4944 858 5007 iu
876 4942 909 5027 ¹(l
932 4946 1039 5010 fortius
1068 4948 1237 5029 impeditur,
1264 4956 1325 5033 qno
1353 4950 1448 5016 miuus
1471 4973 1510 5018 ex
1533 4953 1559 5021 Ο
1582 4957 1616 5020 in
1638 4958 1669 5023 L
