3517 5525
766 392 811 447 Dc
832 392 940 446 Motibus
958 390 1051 469 Stellas
1068 388 1156 445 Martis

285 1952 332 2015 eie
354 1950 435 2028 FAI,
460 1960 531 2030 sao;
563 1956 711 2040 capreolos
733 1959 829 2024 etiam
850 1948 916 2037 ΓΑ,
941 1956 1001 2037 ,ἀς
1030 1964 1077 2027 sie
1099 1919 1249 2029 HAj'la
1271 1960 1301 2017 et
1321 1951 1382 2025 IA,
1408 1956 1468 2023 da3
1500 1948 1637 2027 denique
1676 1908 1681 1920 ’

286 2060 382 2107 oscus
405 2042 460 2105 ΕΗ
480 2052 511 2108 et
533 2040 573 2117 cl
591 2047 738 2129 aequales
759 2058 789 2113 et
810 2050 940 2126 similes,
963 2060 997 2115 ut
1020 2061 1049 2115 st
1070 2049 1112 2113 FI
1135 2054 1163 2110 et
1186 2048 1232 2119 ed,
1256 2064 1296 2107 ea
1318 2040 1550 2103 somessione.

375 2130 522 2195 Manente
545 2134 646 2216 itaque
670 2138 720 2199 via
742 2137 851 2201 sideris
874 2142 991 2214 eadem,
1016 2140 1101 2203 oculo
1124 2153 1195 2196 vero
1219 2131 1368 2195 translato
1392 2148 1430 2189 ex
1452 2124 1475 2207 β
1486 2127 1515 2187 in
1530 2148 1559 2199 α,
1585 2124 1634 2187 di·

286 2237 393 2280 versae
417 2230 580 2303 sequentur
602 2228 798 2304 apparentiae
821 2228 910 2310 idque
933 2230 1038 2293 iisdem
1062 2237 1227 2306 temporum
1250 2218 1418 2283 momentis.
1462 2216 1542 2279 Nam
1564 2219 1595 2289 c,
1620 2210 1640 2285 ζ

287 2308 356 2369 lnea
388 2310 494 2372 eadem
526 2312 724 2377 diversimode
756 2316 953 2399 inspiciuntur
985 2338 1022 2381 ex
1053 2320 1073 2396 β
1105 2324 1136 2377 et
1168 2331 1207 2373 ex
1236 2334 1267 2371 α.
1320 2306 1465 2369 Vicissim
1484 2310 1635 2391 *manente

289 2396 375 2458 oculo
398 2398 428 2459 in
446 2400 492 2475 ,A‚
517 2408 550 2461 et
571 2403 742 2483 quantitate
765 2405 833 2467 vias
857 2408 964 2471 sideris
981 2406 1056 2482 EG,
1080 2406 1135 2480 IH,
1160 2400 1219 2463 situ
1242 2412 1313 2459 vero
1337 2396 1400 2478 ejus
1416 2402 1541 2467 mutato,
1565 2410 1634 2455 rnr-

289 2504 356 2547 snm
379 2486 646 2569 si'dneapparebit
668 2493 742 2554 locis
765 2494 910 2569 diversis,
941 2497 1000 2559 etsi
1023 2496 1127 2558 eodem
1150 2489 1265 2553 itineris
1289 2488 1354 2548 loco
1377 2485 1539 2555 consistat3
1563 2480 1634 2562 qnia

168 2644 173 2654 .
289 2575 468 2637 totum'iter
491 2580 669 2642 translatum
692 2590 750 2644 est.
798 2581 873 2647 (ium
903 2605 973 2665 ergo
996 2582 1134 2667 planeta,
1163 2578 1226 2641 sive
1251 2594 1289 2637 ex
1311 2598 1331 2638 α
1353 2574 1544 2657 inspiciatur,
1569 2570 1640 2631 sive

291 2683 329 2724 ex
351 2664 379 2741 β,
404 2665 541 2745 utrinque
565 2669 670 2731 eodem
692 2680 842 2735 momento
865 2673 895 2736 iu
918 2680 937 2736 d
959 2675 1000 2737 sit
1023 2674 1071 2736 vel
1093 2674 1123 2734 in
1147 2666 1171 2745 ζ,
1196 2675 1227 2728 et
1245 2683 1316 2728 vero
1330 2663 1513 2745 hypotheses
1528 2659 1634 2739 asqui-

290 2751 439 2834 polleant,
472 2775 565 2836 quare
593 2766 625 2819 et
653 2759 684 2829 Ι,
707 2759 750 2837 Ε,
780 2763 848 2824 loca
883 2765 1066 2828 diversorum
1094 2757 1293 2842 epicyclorum
1316 2753 1420 2816 eodem
1443 2757 1636 2814 momentus

289 2843 413 2922 planeta
432 2845 581 2924 possideri
605 2847 761 2910 dicendum
786 2861 843 2926 eet,
868 2853 999 2934 itemque
1023 2862 1055 2915 et
1078 2851 1117 2925 G,
1141 2851 1178 2910 H.
1218 2847 1283 2908 Hoc
1303 2841 1509 2905 tantummodo
1524 2837 1634 2900 discri-

283 2930 378 3016 minis
394 2941 450 3008 est,
477 2935 553 3013 quod
573 2935 602 2996 in
616 2937 712 3016 primo
731 2940 895 3017 schemate,
920 2944 1005 3004 oculo
1021 2947 1170 3013 manente,
1194 2937 1251 2998 iter
1265 2935 1406 3014 planetes
1420 2948 1474 3010 per
1487 2927 1636 2990 variatio·

291 3038 359 3081 nem
381 3020 505 3104 epicycli
533 3022 593 3085 situ
615 3045 669 3087 suo
693 3040 862 3092 emovetnr:
886 3031 918 3093 in
941 3032 1071 3094 secundo
1094 3047 1165 3090 vero
1189 3025 1340 3086 schemate
1369 3019 1469 3082 itineri
1495 3017 1637 3098 planetae

293 3109 369 3170 situs
400 3128 514 3191 qnoque
537 3112 617 3177 idem
640 3124 760 3193 manet,
795 3119 874 3181 oculi
909 3139 981 3183 vero
1011 3121 1087 3183 situs
1111 3114 1285 3180 tantundem
1308 3118 1439 3174 mutetur
1461 3108 1492 3170 in
1514 3106 1638 3186 plagam

292 3198 481 3263 contrariam.
523 3201 757 3281 Potesttamen,
781 3207 808 3269 si
822 3226 946 3270 necesse
963 3218 1020 3282 est,
1042 3216 1074 3270 et
1089 3207 1152 3270 illic
1174 3205 1288 3268 iteret
1309 3199 1357 3262 hic
1381 3198 1482 3259 oculus
1505 3213 1637 3270 manere,

290 3287 476 3366 transposito
501 3291 580 3370 quod
599 3293 665 3372 jam
687 3304 799 3371 manet,
823 3316 876 3376 per
900 3299 1109 3361 demonstrata
1132 3291 1292 3374 superioris
1315 3286 1434 3368 capitis.
1469 3300 1472 3308 ’

384 3375 466 3439 Usus
490 3379 578 3459 hujus
603 3381 867 3448 demonstrationis
891 3397 1033 3466 sequetur
1046 3388 1143 3448 infra:
1167 3380 1314 3456 nimirum,
1338 3377 1363 3439 si
1378 3377 1473 3458 prima
1491 3373 1637 3454 inaequa-

291 3463 363 3526 litas
396 3467 581 3546 superiorum
612 3471 803 3548 planetarum
834 3474 946 3536 salvari
973 3485 1079 3556 posset
1105 3493 1159 3554 per
1182 3468 1289 3550 capitis
1313 3466 1434 3527 secundi
1457 3462 1637 3546 hypothesin

293 3552 477 3633 simplicem,
515 3565 585 3617 tuno
612 3559 696 3618 nulla
723 3561 850 3624 oriretur
880 3557 1076 3639 difficultas,'
1100 3563 1163 3623 sive
1194 3559 1260 3639 quis
1292 3557 1368 3617 hanc
1391 3553 1637 3634 inaequalitatem

294 3642 480 3705 examinaret
511 3642 541 3705 in
570 3645 667 3706 media
696 3646 760 3710 sive
787 3649 817 3711 in
849 3653 1005 3731 apparenti
1039 3649 1226 3732 oppositione
1258 3665 1322 3707 cum
1354 3641 1442 3718 Sole3
1478 3661 1545 3704 nam
1577 3643 1638 3704 iter

293 3739 430 3793 maneret
452 3750 484 3792 rs
513 3750 585 3795 vera
612 3734 710 3811 idem,
735 3746 766 3799 et
783 3740 908 3819 planeta
931 3749 1014 3804 esset
1036 3741 1173 3821 utrinqne
1196 3737 1226 3799 in
1250 3735 1357 3798 iisdem
1379 3731 1497 3813 punctis
1521 3730 1637 3793 itineris

296 3819 335 3881 ad
368 3821 495 3900 quodvis
524 3831 724 3901 momentum,
760 3832 966 3891 tautummodo
997 3831 1074 3893 situs
1104 3830 1192 3909 hujus
1216 3824 1332 3888 itineris
1355 3841 1408 3903 per
1432 3821 1561 3902 spatium
1585 3838 1638 3881 ec-

297 3909 495 3973 centricitatis
529 3909 609 3974 Solis
646 3922 812 3979 mutaretur
844 3919 874 3981 in
902 3919 996 4000 primo
1026 3921 1196 3983 schemate:
1230 3916 1260 3978 in
1292 3912 1421 3974 secundo
1446 3909 1537 3972 etiam
1561 3909 1637 3983 (situ

294 4001 448 4146 manqnte)
479 4009 639 4079 punctum,
676 4005 753 4067 uude
784 4017 975 4088 computatur
1016 4009 1237 4082 eccsntricitas,
1279 4001 1455 4065 tantundem
1493 3997 1636 4078 transpo-

295 4104 364 4147 nere
382 4106 424 4148 ur.
1345 4103 1346 4108 ’

382 4175 418 4237 In
448 4177 574 4258 physica
605 4179 841 4248 consideratione
863 4197 988 4250 manent
1010 4187 1177 4269 superiora,
1202 4190 1353 4251 mutantur
1376 4185 1492 4242 tantum
1516 4175 1636 4258 quanti-

296 4270 378 4328 tetes
400 4264 431 4326 iu
453 4266 617 4334 intentione
640 4270 783 4337 virtutum
804 4277 982 4341 motrioium.
1232 4271 1235 4279 ‘
1421 4305 1423 4313 ,
