3517 5525
280 378 344 451 130
422 384 433 407 ·
695 378 796 434 literae
812 375 916 443 Kapleri
932 374 1082 447 aliorumque
1099 380 1202 434 mutum
1243 334 1246 347 Ι

274 568 399 636 scmus,
417 559 484 642 ipse
497 557 618 624 circulis
631 557 790 639 exprimat.
828 558 894 621 Tua
909 556 986 621 enim
1002 557 1077 621 haec
1092 556 1213 621 libratio
1231 554 1414 621 mechanicis
1430 552 1625 639 opportunis·

274 653 352 720 sima
369 658 428 725 est,
453 668 519 713 cum
537 669 597 712 oua
617 647 719 710 tidelia
737 648 796 711 duo
808 648 941 729 parietes
964 648 1094 711 dealbet
1133 646 1213 719 Quid
1236 647 1353 729 igitur?
1376 648 1470 711 ¹Nutu
1484 647 1624 711 deseram

274 740 392 806 infinita
403 758 473 801 mea
488 744 657 803 commenta
679 755 769 817 snper
791 738 892 801 causis
911 736 1057 820 physicis,
1079 744 1218 799 naturam
1236 736 1388 799 coelorum
1410 756 1429 797 a
1451 736 1510 799 mei
1527 734 1625 799 trian-

274 830 338 912 guli
368 849 439 893 area
469 830 509 891 ad
537 836 609 891 tuas
631 826 808 889 librationcs
839 827 1006 901 traducam,
1029 827 1199 900 affirmans,
1231 834 1314 889 tuam
1345 824 1526 908 hypothesin
1557 844 1626 889 esse

274 919 434 999 genuinam
457 925 489 980 et
510 916 688 979 rationalem
711 925 888 997 propterea,
911 916 990 997 quod
1014 914 1157 997 simplex,
1181 934 1277 979 meam
1300 916 1401 979 fictam
1424 922 1456 977 et
1477 935 1497 977 a
1518 922 1627 980 natura

274 1010 414 1083 alienam,
437 1014 597 1090 propterea
618 1006 697 1087 quod
716 1024 788 1067 area
804 1005 949 1085 trianguli
970 1004 1092 1067 metitur
1107 1012 1254 1085 tempora,
1277 1006 1404 1085 angulus
1427 1024 1498 1067 vero
1512 1024 1626 1085 aequa-

275 1100 390 1161 tionem
412 1095 569 1179 opticam?
614 1094 683 1158 Non
706 1094 826 1170 faciam,
850 1115 910 1157 nou
933 1094 1012 1157 enim
1034 1094 1091 1157 hoc
1114 1101 1198 1157 esset
1219 1092 1436 1175 philosophari.
1479 1092 1626 1158 Gratulor

274 1187 347 1250 mihi
369 1186 486 1267 potius,
518 1192 601 1247 tuam
627 1184 706 1247 hanc
737 1184 928 1247 librationem
958 1185 1106 1247 hactenus
1138 1182 1311 1259 delituisse,
1344 1184 1443 1265 quoad
1465 1184 1502 1245 de
1525 1182 1626 1247 causis

192 1307 201 1339 r.
272 1274 408 1360 physicis
430 1295 480 1338 ros
493 1275 653 1355 explorata
673 1281 730 1337 est.
767 1275 847 1337 Nam
871 1275 968 1337 fateor
990 1274 1129 1354 ingenue,
1153 1272 1179 1335 si
1203 1280 1234 1335 tu
1257 1272 1470 1354 praevenisses
1492 1273 1550 1335 hac
1572 1280 1626 1337 tua

275 1367 372 1428 forma
393 1364 551 1427 moratoria
564 1382 663 1425 meam
684 1363 851 1445 physicam,
874 1362 1076 1445 vidissemque
1091 1362 1157 1442 ejus
1171 1381 1349 1427 consensum
1364 1382 1431 1441 cum
1447 1361 1625 1439 observatis,

274 1474 322 1517 mc
344 1471 493 1536 nunquam
516 1453 547 1515 in
570 1472 678 1539 causas
701 1460 834 1515 motuum
852 1452 1023 1517 incasurum
1038 1453 1141 1515 fuisse.
1179 1452 1258 1515 Nam
1272 1452 1340 1533 quis
1354 1471 1477 1534 quaeso,
1500 1470 1627 1513 versans

274 1543 373 1606 animo
396 1541 573 1605 librationes
596 1561 707 1623 easque
729 1542 836 1605 videns
858 1542 1028 1605 consentire
1052 1540 1236 1617 observatis,
1260 1542 1343 1622 quis,
1376 1541 1510 1623 inquam,
1544 1540 1628 1602 aliud

276 1632 423 1713 suscipiat
444 1631 658 1711 indagandum,
681 1650 770 1713 quam
793 1651 916 1695 causam
938 1632 1027 1712 hujus
1049 1630 1230 1707 librationis,
1254 1632 1341 1712 quasi
1363 1628 1520 1693 verissime
1543 1629 1627 1691 acci-

275 1720 385 1784 deret?
431 1720 508 1793 Quis
531 1739 591 1783 non
622 1720 692 1783 hinc
721 1720 778 1783 sibi
809 1721 1020 1785 adamantinos
1053 1718 1238 1783 eccentricos
1260 1721 1317 1783 DE
1349 1728 1380 1783 et
1408 1719 1468 1783 GH
1495 1738 1627 1799 axesque

276 1809 460 1873 fortissimos
475 1811 535 1873 AD
550 1818 581 1872 et
593 1810 655 1873 AG
670 1810 876 1891 persuadeat?
913 1810 990 1883 Quis
1012 1818 1108 1893 putet,
1133 1810 1195 1873 ista
1218 1808 1318 1871 omnia
1331 1809 1410 1873 effici
1424 1827 1515 1891 posse
1530 1808 1628 1875 forma

275 1898 484 1963 diversissima
495 1898 657 1961 virtutibus
670 1900 869 1981 magneticis?
893 1900 1000 1983 Itaque
1011 1899 1194 1980 complector
1207 1898 1306 1962 animo
1317 1898 1469 1978 ingentem
1482 1898 1627 1973 dolorem,

275 1988 325 2072 qui
346 1988 420 2051 mihi
444 1987 554 2051 fuisset
576 1988 708 2052 oriturus
732 2009 821 2072 super
842 1989 1011 2055 miserrimo
1033 1990 1152 2065 labore,
1184 1987 1353 2069 inquirendi
1375 2007 1485 2051 causas
1515 2007 1625 2063 rerum,

275 2097 351 2162 quae
381 2098 440 2141 non
454 2085 540 2141 „suut
565 2079 597 2141 iu
619 2098 719 2142 rerum
740 2088 864 2154 natura,
898 2081 950 2143 sed
981 2080 1120 2153 videntur
1147 2095 1230 2152 esse,
1263 2077 1456 2142 librationum
1488 2077 1627 2143 nimirum

276 2166 435 2233 eccentrici
466 2166 590 2249 ejusque
618 2169 757 2230 diametri
789 2171 866 2233 fixae
898 2171 928 2231 in
957 2188 1080 2250 corpore
1103 2167 1202 2242 Solis,
1234 2186 1270 2229 ac
1299 2168 1325 2229 si
1352 2166 1419 2248 quis
1448 2166 1566 2229 clavum
1597 2166 1628 2231 iu

274 2256 422 2338 parietem
453 2255 614 2336 impactum
637 2257 753 2321 crebris
782 2259 822 2321 ad
853 2259 951 2321 latera
973 2256 1213 2321 contorsionibos
1236 2264 1269 2319 et
1296 2256 1514 2322 retorsionlbus
1547 2256 1628 2319 nite-

275 2352 359 2409 retur
390 2344 530 2407 evellerc.
574 2346 621 2409 At
652 2347 746 2411 eheu!
780 2367 838 2411 uon
870 2356 961 2411 vacat
993 2348 1146 2426 indulgere
1175 2346 1290 2409 doloris
1322 2343 1545 2427 imaginationi,
1578 2346 1629 2428 qui

274 2441 457 2517 praeventus
479 2440 513 2495 ct
533 2433 702 2499 declinatus
720 2436 784 2517 jam
808 2444 874 2500 est:
900 2457 989 2501 verus
1011 2454 1058 2499 me
1081 2436 1167 2498 dolor
1190 2434 1315 2517 corripit
1338 2454 1428 2517 super
1450 2434 1626 2517 impenden-

275 2524 366 2598 tibus,
390 2542 445 2604 pro
461 2542 498 2586 eo
514 2542 572 2604 quo
586 2524 641 2587 tibi
665 2526 876 2606 gratulandum
900 2536 975 2589 crat.
1013 2528 1126 2590 Natam
1140 2525 1186 2587 ais
1208 2524 1264 2587 tihi
1286 2525 1378 2587 liliam
1402 2544 1440 2587 cx
1461 2525 1629 2605 geometria

275 2613 396 2676 matre?
432 2612 520 2675 Vidi:
546 2612 672 2693 pulchra
692 2623 750 2690 est,
775 2624 808 2678 at
829 2618 974 2681 meretrix
988 2616 1122 2697 pessima
1145 2615 1245 2677 futura
1267 2622 1324 2689 est,
1348 2612 1516 2677 abductura
1538 2630 1627 2695 quam

254 2699 414 2785 plurimis
437 2700 513 2764 meis
535 2700 654 2766 filiabus
682 2724 721 2766 ex
743 2714 839 2770 matre
862 2706 990 2789 physica
1013 2704 1162 2786 susceptis
1193 2702 1319 2768 maritos
1350 2722 1431 2768 suos.
1478 2703 1630 2768 'l'raducet

275 2801 330 2855 tua
350 2790 528 2873 hypothesis
549 2792 589 2854 ad
613 2814 648 2855 se
669 2795 799 2858 lectores
818 2804 850 2858 et
869 2797 1080 2877 philosophos,
1101 2794 1185 2857 dabit
1201 2793 1311 2874 effugia
1333 2793 1469 2858 hostibus
1484 2793 1629 2876 physicae

276 2879 430 2956 coelestis,
452 2881 589 2961 patronis
604 2883 753 2960 inscitiae,
776 2886 951 2948 architectis
976 2885 1139 2948 solidorum
1153 2883 1279 2959 orbium,
1301 2883 1485 2948 mechanicis
1503 2883 1628 2959 crassis,

276 2970 383 3052 quibus
406 2989 440 3031 se
461 2970 613 3034 redimant
635 2991 651 3032 e
674 2971 803 3036 vinculis
824 2974 1112 3038 demonstrationum
1142 2991 1274 3035 meamm
1296 2973 1507 3056 physicarum,
1540 2973 1629 3054 inque

275 3059 447 3123 libertatem
461 3060 544 3122 Deos
563 3061 731 3124 fabricandi
745 3081 814 3125 sese
828 3064 983 3146 recipient.
1014 3063 1174 3129 Redibitur
1189 3061 1227 3124 od
1248 3061 1474 3142 intelligentias,
1494 3063 1628 3145 duaeque

276 3147 504 3213 collocabuntur
535 3150 574 3211 ad
596 3150 673 3214 duos
703 3151 831 3216 circulos
858 3155 940 3217 circa
963 3162 1097 3218 centrum
1128 3153 1172 3229 B,
1204 3151 1310 3233 quibus
1334 3151 1482 3216 efficiatur
1510 3151 1628 3220 isthaec

275 3237 407 3301 libratio.

315 3389 318 3395 ,
363 3327 469 3408 Neque
491 3334 592 3390 canen
616 3329 682 3392 sine
703 3331 845 3394 molestia
866 3330 951 3394 illam
974 3332 1148 3395 adolescere
1171 3329 1280 3412 patiar.
1315 3330 1448 3397 Primum
1471 3331 1626 3410 fateberis,

275 3423 317 3494 te,
340 3423 501 3498 postquam
514 3417 659 3480 audivisti
674 3419 711 3480 de
735 3420 785 3482 via
799 3421 910 3482 Martis
930 3421 1020 3497 ovali,
1041 3422 1178 3502 coepisse
1194 3418 1328 3500 cogitare
1347 3421 1383 3482 de
1407 3421 1625 3486 libratiouibus.

276 3507 319 3570 Et
340 3512 411 3568 ante
435 3505 552 3586 aliquot
574 3508 692 3588 quidem
723 3528 818 3570 anuos
847 3508 925 3572 hauc
948 3511 1079 3574 Martiae
1102 3510 1169 3572 viae
1199 3509 1434 3574 contractionem
1462 3509 1501 3572 od
1528 3511 1629 3578 latera

275 3595 399 3659 nimiam
422 3615 442 3657 a
463 3613 512 3656 me
544 3596 741 3659 constitutam
764 3599 928 3678 coarguisti
958 3618 995 3660 ex
1017 3598 1286 3662 observationibus.
1332 3597 1439 3680 ltaque
1470 3617 1627 3666 excessum

276 3703 343 3747 cum
365 3683 616 3765 deprehenderis,
647 3703 712 3747 reru
739 3686 838 3766 ipsam
860 3693 946 3750 tanto
969 3690 1081 3750 certius
1103 3687 1278 3768 complexus
1301 3707 1334 3748 es
1357 3687 1468 3754 animo.
1512 3691 1629 3754 Postea

276 3793 366 3855 quam
380 3772 538 3834 emendavi
554 3791 611 3852 ego
624 3773 702 3836 istos
720 3775 875 3856 ingressus
890 3778 929 3838 ad
951 3777 1048 3841 latera
1062 3777 1208 3860 simulque
1227 3776 1373 3856 genuinas
1388 3797 1497 3840 causas
1515 3780 1626 3856 inveni,

275 3871 306 3926 tu
326 3881 453 3924 versans
468 3881 566 3924 meam
580 3861 760 3944 hypothesin
778 3884 898 3928 rursum
912 3885 1105 3948 prorsumque
1122 3875 1155 3928 et
1176 3885 1241 3930 cum
1256 3865 1517 3931 observationibus
1540 3887 1625 3934 com-

274 3971 397 4033 paraus,
420 3958 552 4014 testatus
568 3972 611 4027 es,
635 3952 719 4015 illam
741 3957 928 4020 consentire:
955 3956 1051 4018 solam
1067 3975 1224 4020 causarum
1246 3955 1512 4022 incredibilitatem
1534 3977 1625 4040 aegre

275 4040 387 4113 tulisti,
411 4039 599 4122 circulosque
621 4041 802 4106 desiderasti
826 4056 891 4124 pro·
905 4044 1001 4120 areis,
1033 4053 1067 4107 ut
1090 4047 1184 4108 forma
1206 4045 1394 4110 Ptolemaica
1415 4046 1627 4129 hypothesium

274 4129 454 4210 persisteret
475 4128 643 4206 incolumis,
666 4133 763 4214 quoad
780 4134 844 4213 ejus
858 4135 922 4197 fieri
944 4142 1058 4216 posset.
1097 4136 1145 4198 Ex
1159 4135 1322 4218 hypothesi
1344 4135 1435 4214 igitur
1457 4153 1525 4198 mea
1542 4147 1627 4202 tuam

277 4219 460 4294 efformasti3
490 4226 593 4284 centro
623 4222 702 4283 enim
731 4223 891 4286 eccentrici
913 4225 939 4286 B
962 4225 999 4286 ad
1023 4225 1104 4288 latus
1127 4227 1247 4288 (latomo
1270 4243 1324 4306 per
1347 4223 1538 4290 librationem
1559 4227 1626 4304 BC,

275 4315 309 4370 ut
331 4315 607 4387 repraesentaretur
623 4312 789 4374 contractio
805 4312 923 4375 itineris
938 4313 1098 4396 planetarii
1114 4316 1208 4391 DFH,
1232 4314 1312 4395 quod
1326 4314 1408 4376 varie
1424 4315 1488 4378 lieri
1511 4325 1626 4400 potest,

276 4396 384 4458 deinde
397 4414 452 4476 per
473 4398 530 4460 hoc
554 4406 688 4490 centrum
702 4399 728 4464 C
744 4408 775 4462 et
787 4421 842 4482 per
856 4421 965 4482 corpus
982 4403 1065 4466 Solis
1077 4404 1108 4466 A
1125 4405 1222 4484 ejecta
1236 4404 1316 4466 linea
1332 4403 1470 4484 apsidum
1484 4407 1553 4484 Ac,
1568 4409 1625 4470 sub

275 4492 469 4566 conspectum
499 4488 583 4551 venit
614 4488 742 4570 angulus
772 4490 876 4566 BAO,
909 4491 1035 4556 idoneus
1067 4493 1154 4556 alteri
1186 4493 1264 4572 parti
1295 4493 1502 4574 aequationis,
1534 4517 1624 4579 quam

276 4575 395 4639 sciebas
418 4594 465 4638 me
487 4595 542 4656 per
564 4577 706 4659 trianguli
726 4598 828 4640 aream
851 4580 970 4642 salvare
999 4581 1199 4664 cupiebasquc
1222 4580 1312 4644 aliter
1334 4581 1493 4648 salvatam.
1539 4587 1625 4650 llaec

275 4664 376 4745 itaque
400 4663 496 4727 series
517 4666 699 4730 inventionis
722 4675 851 4732 testetur
874 4669 911 4730 de
934 4689 1033 4734 rerum
1056 4680 1172 4734 natura.
1219 4671 1314 4746 Mihi,
1346 4679 1380 4734 ut
1402 4673 1479 4750 dixi,
1507 4675 1624 4759 impos·

275 4752 364 4815 sibile
384 4755 515 4818 futurum
529 4763 604 4832 erat,
628 4776 665 4818 ex
679 4765 732 4820 tua
745 4775 842 4820 meam
866 4759 1002 4834 educere,
1027 4759 1082 4822 tibi
1096 4760 1196 4835 facile,
1220 4779 1258 4823 ex
1271 4777 1339 4820 mea
1358 4769 1441 4824 tuam
1455 4766 1624 4842 efformare,

275 4862 341 4904 cum
363 4843 417 4906 illo
432 4844 541 4908 ellectu
555 4865 652 4908 meam
674 4852 833 4923 tractares,
857 4867 915 4928 quo
934 4849 970 4910 de
985 4849 1056 4912 dixi.
1095 4851 1143 4912 Ex
1167 4849 1337 4912 observatis
1360 4870 1433 4914 vero
1455 4854 1540 4934 ipsis,
1563 4874 1624 4920 non

274 4941 436 5014 praeeunte
466 4953 533 5001 mea
561 4935 739 5020 hypothesi,
762 4937 866 5007 nescio
889 4959 928 5004 au
951 4937 1006 5004 tibi
1037 4938 1173 5020 proclive
1195 4939 1326 5007 futurum
1350 4941 1448 5018 luerit,
1479 4943 1510 5016 ip
1539 4953 1623 5022 tuam
