3517 5525
302 425 366 498 310
781 431 948 506 rra-,naeuus
966 431 1059 485 ssu„
1075 430 1163 486 unes

301 609 343 674 sit
364 607 534 689 superficies
549 606 787 688 hemisphaerica
795 629 804 687 ;
826 631 897 676 narn
917 630 1010 693 aeque
1025 609 1231 692 multiplicium
1245 610 1350 674 eadem
1372 614 1419 672 est
1432 610 1472 689 ad
1485 628 1519 672 se
1533 613 1638 680 mutuo

300 697 463 780 proportio.
501 697 666 779 Sphaerioa
679 717 750 761 vero
765 702 936 782 superficies
951 703 989 763 ab
1007 699 1229 763 Archimede
1252 701 1458 762 demonstrata
1472 709 1520 763 est
1537 699 1637 782 qnad-

301 789 387 870 rnpla
418 807 484 850 esse
515 787 553 850 ad
582 788 701 867 planum
724 789 825 852 circuli
847 791 968 854 maximi
999 791 1028 853 in
1060 789 1203 871 sphaera.
1219 790 1331 870 scripti.
1378 786 1505 852 Omnino
1534 789 1636 869 itaque

302 896 408 956 corpus
438 874 526 956 duplo
557 873 671 937 distans
704 877 820 958 longius
850 880 878 941 in
907 903 921 960 y
950 898 1037 959 qnam
1064 879 1094 940 in
1127 879 1162 956 β,
1187 877 1303 941 videtur
1332 879 1450 957 octuplo
1481 877 1636 941 obscurius

300 967 398 1030 lucere
430 965 567 1028 debuisse
597 964 626 1026 in
648 989 664 1046 γ
686 985 773 1046 quam
805 969 833 1030 in
856 971 886 1048 β,
917 989 976 1032 non
1009 968 1212 1030 tantummodo
1244 966 1344 1049 duplo.
1389 966 1509 1030 Etenim
1536 986 1573 1030 ex
1599 983 1636 1028 eo

302 1055 366 1137 ipso
389 1054 506 1118 videtur
528 1054 645 1116 intendi
670 1054 777 1117 debere
801 1058 924 1122 claritas
953 1057 1119 1132 radiorum,
1153 1057 1230 1136 quod
1256 1077 1381 1138 corpora
1408 1075 1446 1118 ex
1473 1055 1636 1138 appropin-

302 1143 442 1226 quatione
458 1144 607 1214 ,videntur
635 1145 822 1225 amplificari,
855 1155 890 1209 nt
911 1147 1016 1208 Venus
1047 1146 1076 1208 in
1107 1147 1249 1226 perigaeo
1278 1147 1402 1230 eplcycli
1425 1145 1638 1208 evidentiorem

303 1233 476 1315 corporibus
498 1233 632 1295 umbram
655 1232 870 1299 circumscribit
893 1254 980 1317 qnam
1003 1236 1033 1297 in
1056 1252 1201 1316 apogaeo.
1238 1235 1353 1298 Eadem
1375 1235 1477 1316 igitur,
1499 1236 1531 1298 ri
1551 1253 1637 1296 com-

302 1322 468 1406 parationis
492 1343 511 1384 a
532 1321 618 1384 nobis
640 1321 796 1386 institutae
820 1325 899 1388 inter
920 1326 1025 1388 lucem.
1038 1335 1069 1386 et
1096 1325 1157 1388 vim
1186 1325 1355 1400 motricem,
1387 1324 1524 1388 videntur
1546 1332 1577 1386 et
1600 1323 1637 1385 de

299 1411 330 1475 vi
350 1411 474 1475 motrice
493 1409 608 1489 concipi
632 1411 751 1475 debere.

386 1503 437 1564 Ad
459 1502 536 1563 hanc
551 1499 748 1580 objectionem
765 1501 859 1564 solide
883 1502 1058 1581 respondeo,
1082 1503 1112 1564 in
1134 1503 1231 1583 prima
1242 1503 1344 1583 puncti
1363 1501 1512 1584 positione
1529 1502 1636 1564 falsum

302 1589 424 1654 assumi.
470 1589 550 1652 Nam
573 1588 630 1650 etsi
653 1589 696 1652 sic
719 1609 775 1670 ego
805 1591 835 1652 in
859 1589 977 1670 Opticis
1001 1611 1115 1673 quoque
1139 1593 1255 1655 locutus
1278 1610 1360 1666 sum,
1384 1599 1417 1654 at
1439 1611 1505 1654 cum
1528 1591 1638 1672 opticis

299 1699 346 1744 me
369 1681 499 1744 locutum
511 1677 690 1754 memineris,
715 1699 836 1760 quorum
850 1689 962 1760 puncta
984 1688 1016 1742 et
1038 1682 1133 1743 lineae
1147 1700 1205 1759 non
1229 1688 1300 1743 sunt
1321 1680 1408 1762 plane
1426 1680 1635 1743 indivisibiles.

300 1769 421 1832 Etenim
435 1769 513 1849 quod
534 1775 675 1848 punctum
698 1769 818 1839 attinet,
843 1788 908 1832 cum
930 1769 960 1831 id
985 1770 1096 1832 nnllam
1115 1770 1251 1832 obtineat
1273 1771 1481 1850 quantitatem,
1505 1769 1636 1848 amplifi-

300 1866 406 1922 centur
418 1876 488 1920 vero
503 1856 686 1919 radiaticnes
706 1877 770 1920 cum
785 1857 1003 1938 quantitatibus
1019 1878 1187 1939 corporum:
1206 1860 1348 1941 sequitur,
1371 1860 1474 1938 puncti
1488 1859 1636 1920 radiatio-

299 1967 366 2010 nem
388 1965 442 2027 per
464 1964 497 2008 se
526 1945 636 2007 nullam
661 1965 743 2022 esse,
777 1966 867 2027 qnare
895 1947 1003 2010 nullius
1029 1949 1204 2010 radiationis
1235 1949 1318 2011 nulla
1346 1948 1437 2010 etiam
1463 1949 1560 2028 major
1587 1948 1638 2010 vel

299 2033 401 2100 minor
419 2033 563 2098 densitas.
609 2035 715 2115 Itaque
738 2037 892 2116 usurpatio
914 2035 1010 2116 prima
1032 2037 1231 2117 proportionis
1253 2037 1464 2099 distantiarum
1483 2039 1528 2116 αβ
1542 2037 1583 2098 ad
1596 2059 1638 2117 cy

300 2127 357 2188 hoc
380 2133 469 2207 pacto
492 2123 653 2187 intercidit.
700 2123 780 2196 Quin
803 2125 903 2205 potius
930 2126 969 2187 ob
995 2125 1026 2186 id
1054 2127 1150 2206 ipsum
1177 2125 1315 2199 dicimus,
1346 2135 1485 2206 punctum
1515 2126 1638 2207 aliquod

300 2217 405 2278 fortius
420 2213 469 2275 vel
490 2211 667 2275 imbecillius
689 2214 798 2289 lucere,
823 2213 980 2295 quiaillud
1002 2223 1142 2294 punctum
1155 2215 1241 2279 nobis
1263 2217 1406 2296 majorem
1429 2217 1475 2280 vel
1493 2217 1643 2278 minorem·

300 2305 500 2386 quantitatem
523 2300 672 2382 designat.

386 2395 421 2456 ln
450 2391 581 2455 secunde
609 2390 710 2453 circuli
739 2397 769 2452 et
798 2389 890 2452 tertia
913 2390 986 2452 disci
1015 2391 1162 2471 positione
1185 2394 1243 2455 duc
1269 2394 1357 2454 falsa
1379 2393 1490 2455 insunt.
1535 2391 1637 2454 Primo

301 2483 380 2566 quod
403 2480 529 2544 circulus
552 2479 789 2556 mathematicus,
814 2498 920 2541 carens
942 2479 1115 2556 latitudine,
1147 2481 1268 2561 fingitur
1290 2481 1402 2544 lucere:
1433 2501 1500 2544 cum
1523 2481 1556 2542 is
1573 2491 1638 2543 tam

298 2591 357 2634 non
370 2572 471 2633 luceat
493 2587 526 2630 se
541 2568 615 2647 ipso,
641 2587 728 2648 quarn
751 2587 807 2631 non
831 2575 934 2648 potest
951 2570 1049 2631 lucere
1072 2578 1222 2650 punctum,
1248 2590 1284 2632 ex
1298 2571 1383 2650 cujus
1397 2571 1486 2633 ductu
1506 2569 1637 2633 circulus

299 2660 382 2743 gigni
409 2656 596 2746 intelligitur.
642 2655 723 2720 Sane
751 2657 842 2719 nihilo
868 2657 965 2738 magis
993 2661 1175 2740 promoveris
1202 2659 1242 2722 ad
1268 2659 1467 2742 superficiem,
1500 2653 1639 2724 msumta

299 2749 380 2813 linea
402 2747 493 2811 trium
515 2745 679 2809 stadiorum
702 2767 789 2828 quam
812 2746 901 2815 trium
923 2748 1039 2828 pedum.

385 2836 522 2901 Secundo
545 2836 665 2917 tingitur
688 2836 878 2917 amplificatio
898 2837 997 2918 cptica
1018 2837 1157 2901 diametri
1174 2839 1223 2900 vel
1242 2838 1318 2901 disci
1333 2839 1442 2901 addere
1466 2838 1636 2902 fortitudini

297 2928 457 3003 radiorum,
487 2943 554 2997 ‚cum
578 2927 618 2987 sit
639 2932 755 2989 tantum
787 2924 923 3007 deceptio
952 2927 1081 2989 visoriae
1113 2927 1270 2990 facultatis
1292 2937 1323 2991 et
1344 2947 1383 2989 ex
1405 2946 1514 3008 genere
1535 2927 1636 2991 ratic-

297 3018 408 3081 naliunr
431 3015 559 3091 entimn,
591 3014 697 3096 quibus
725 3015 808 3077 nulle
831 3022 879 3077 est
908 3014 1077 3078 efficientia.
1124 3016 1227 3098 ltaque
1256 3017 1335 3080 idem
1356 3036 1389 3079 re
1415 3017 1484 3101 ipsa
1504 3017 1636 3080 circulus

276 3114 351 3183 ds,
383 3106 486 3169 eadem
516 3103 688 3186 superficies
710 3110 773 3166 dna
797 3104 841 3179 (in
865 3105 986 3185 negotio
1009 3106 1109 3179 lucis),
1141 3106 1219 3168 idem
1248 3126 1356 3187 corpus
1378 3112 1417 3169 de
1439 3107 1486 3181 (in
1511 3108 1637 3187 negotio

296 3196 432 3270 virtutis)
446 3211 580 3269 manens,
605 3194 668 3255 sive
684 3212 749 3274 exp
771 3192 964 3274 adspiciam,
988 3195 1051 3257 sive
1069 3214 1106 3255 ex
1121 3195 1149 3272 β,
1173 3196 1252 3258 idem
1270 3196 1362 3257 etiam
1383 3202 1527 3276 perpetuo
1541 3214 1635 3277 prae-

298 3286 392 3349 stabit
409 3291 440 3346 et
454 3282 572 3359 efficiet,
597 3291 629 3345 et
642 3281 818 3345 tantundem
842 3284 965 3363 sparget
986 3284 1106 3347 virtutis
1121 3285 1170 3346 vel
1193 3286 1270 3347 lucis
1292 3285 1322 3348 in
1337 3285 1467 3364 orbemy
1487 3286 1636 3350 laxiorem

297 3382 439 3459 qnantum
461 3372 533 3450 inti
564 3372 782 3451 angustiorem:
814 3370 891 3433 nihil
921 3372 998 3433 enim
1028 3374 1107 3452 perit
1137 3373 1169 3435 in
1197 3374 1320 3449 itinere3
1348 3374 1485 3454 pervenit
1515 3374 1635 3455 species

296 3466 414 3545 integra
444 3478 533 3543 qnam
565 3460 648 3522 lubet
683 3458 901 3534 remotissime,
937 3461 1141 3527 tantummodo
1178 3463 1372 3543 sphaerarum
1408 3464 1635 3526 extensionibus

297 3558 479 3625 attenuatur,
502 3556 535 3610 ut
556 3549 588 3610 iu
602 3550 721 3629 punctis
744 3548 937 3627 sphaerarum
959 3550 1095 3631 singulis,
1117 3559 1191 3631 puta
1207 3552 1239 3614 in
1251 3576 1267 3631 y
1281 3561 1312 3613 et
1326 3554 1355 3631 β,
1378 3552 1421 3613 sit
1441 3552 1503 3614 illio
1525 3552 1634 3629 rarior,

297 3642 345 3705 hic
369 3638 489 3703 densior
511 3637 543 3699 in
564 3637 753 3717 proportione
781 3654 926 3698 conversa
951 3638 1162 3701 distantiarum
1184 3643 1228 3720 αβ
1251 3642 1290 3703 ad
1311 3664 1359 3722 ay.
1403 3640 1446 3702 Et
1467 3641 1544 3704 haec
1567 3642 1636 3704 sola

259 3766 265 3795 ι
298 3751 389 3793 causa
404 3735 453 3790 est
466 3724 689 3794 debilitationis,
713 3744 771 3787 non
790 3728 1000 3789 evanescentia
1014 3727 1108 3790 fontis
1127 3735 1173 3804 de,
1196 3750 1272 3811 quae
1295 3750 1327 3791 re
1345 3748 1418 3813 vera
1435 3750 1494 3792 non
1512 3730 1634 3807 accidit,

298 3819 352 3882 sed
374 3838 428 3900 per
450 3816 533 3878 visus
550 3814 761 3894 deceptionem.
800 3816 864 3876 Imo
883 3816 910 3878 si
924 3815 972 3878 hic
995 3817 1103 3879 liberet
1123 3837 1160 3880 ex
1174 3819 1345 3882 Euclidis
1368 3818 1516 3899 Opticis
1538 3838 1634 3900 argu-

297 3907 367 3984 tari,
389 3906 486 3969 minus
509 3903 584 3965 lucis
608 3903 646 3965 ad
669 3904 833 3985 propinqua
856 3906 875 3983 β
896 3905 980 3967 venit
1007 3926 1094 3987 quam
1117 3908 1156 3969 ad
1178 3915 1306 3978 remota,
1334 3928 1371 3969 eo
1393 3908 1525 3981 nomine,
1552 3910 1635 3990 qued

299 3996 328 4059 in
351 3998 371 4074 β
392 3996 487 4058 minor
509 3993 638 4056 circulus
660 3991 803 4055 terminat
824 3992 922 4055 visum
944 3995 1212 4076 hemisphaericum
1234 3998 1361 4060 lucentis
1384 4002 1422 4059 be
1444 4016 1533 4079 quarn
1554 3998 1586 4059 in
1608 4022 1634 4079 y.

299 4086 405 4165 Itaque
437 4103 495 4145 non
527 4089 614 4145 tanta
644 4082 792 4161 particula
820 4082 858 4144 de
887 4082 1017 4146 Sole‘de
1046 4085 1143 4147 rideri
1171 4095 1273 4166 potest
1304 4104 1342 4147 ex
1365 4088 1385 4163 β
1412 4094 1525 4167 quanta
1548 4105 1586 4148 ex
1608 4111 1633 4168 y.

299 4172 361 4238 Sed
381 4175 440 4238 hoc
461 4170 634 4235 insensibile
658 4177 705 4232 est
726 4171 814 4250 plane
838 4177 869 4232 et
891 4172 943 4234 vix
964 4173 1093 4236 numeris
1116 4174 1292 4238 immanibus
1315 4176 1488 4256 expressile.

385 4262 451 4343 Ego
475 4280 547 4323 sane
570 4268 728 4341 postquam
749 4260 797 4322 hic
819 4260 890 4322 mihi
912 4258 970 4342 ipsi
991 4264 1145 4344 respondi,
1177 4266 1258 4327 rideo
1281 4265 1406 4329 miseras
1429 4284 1511 4327 meas
1535 4264 1633 4346 trepi-

299 4350 434 4415 dationes
458 4369 495 4412 ex
517 4351 573 4413 hac
596 4348 721 4428 caligine
745 4358 835 4413 ortas.

387 4439 448 4503 Sed
477 4438 619 4502 revibreri
650 4445 751 4518 potest
774 4438 902 4519 objectio
933 4438 974 4499 in·
993 4447 1110 4520 partem
1136 4443 1330 4519 contrariam,
1362 4441 1406 4505 sic
1435 4462 1550 4523 nempe.
1596 4442 1633 4506 Si

298 4528 474 4595 tantundem
496 4528 569 4591 lucis
593 4537 641 4590 est
662 4525 693 4588 in
716 4528 816 4607 ampla
838 4527 968 4606 sphaera
990 4532 1127 4608 sparsim,
1150 4539 1290 4613 quantum
1313 4533 1343 4594 in
1367 4540 1496 4612 angusta
1516 4532 1631 4595 collec-

299 4621 368 4698 tim,
390 4637 450 4681 non
464 4615 522 4680 erit
544 4618 719 4680 tantundem
740 4615 860 4677 virtutis
884 4616 1053 4699 utrobique,
1078 4638 1113 4681 eo
1129 4623 1206 4702 qnod
1229 4623 1324 4684 virtus
1346 4622 1550 4684 consideratur
1571 4640 1633 4684 nou

300 4708 331 4773 in
354 4709 483 4791 sphaere
505 4704 723 4781 orbiculariter,
753 4712 787 4766 ut
809 4705 873 4775 lux,
897 4706 1003 4768 sedin
1026 4706 1077 4769 illc
1099 4710 1209 4774 circulo
1230 4711 1262 4774 iu
1284 4730 1341 4793 quo
1364 4710 1476 4773 incedit
1496 4710 1630 4792 planeta.

301 4796 380 4863 Nam
398 4804 431 4861 et
451 4796 602 4859 filamenta
623 4792 791 4875 magnetica
809 4792 889 4856 Solis
912 4813 1004 4876 supra
1023 4798 1209 4876 ponebantur
1230 4800 1261 4863 iu
1282 4801 1403 4881 longum
1425 4800 1633 4865 tantummodo

302 4886 423 4967 porrigi,
447 4903 506 4949 non
528 4882 619 4946 etiam
640 4902 743 4947 versus
766 4883 851 4963 polos
874 4892 927 4947 ent
948 4882 1098 4951 aliorsum.

389 4973 614 5056 Respondetur‚
638 4988 758 5035 censam
780 4972 854 5035 lucis
877 4981 910 5035 et
930 4968 1050 5038 virtutis
1071 4977 1204 5045 metricis
1226 4996 1294 5042 esse
1316 4976 1405 5059 plane
1428 4978 1567 5057 eandem,
1599 4989 1635 5045 et
