3517 5525
586 415 648 472 nm
665 417 757 472 Tertia.
794 415 876 486 (iaput
892 416 1001 473 XXXIX.

625 649 744 752 Caput
769 651 955 730 XXXIX.

120 807 195 886 Qua
217 805 272 871 oia
294 807 462 892 atquibus
491 811 605 876 mediis
634 831 754 876 monere
783 814 915 876 debeam
942 812 1108 874 or'rtotee
1133 807 1308 894 planetis
1337 807 1460 886 eneae,

116 903 152 960 at
174 894 347 961 circularr’a
363 896 512 980 pamma
525 904 636 976 orbita,
660 900 791 1007 qreulem·
804 901 894 984 culpo
918 900 1056 976 creduut,
1073 919 1134 983 per
1149 920 1264 964 curam
1286 901 1463 963 aetheream

716 992 873 1076 mensur.

208 1123 280 1191 Sint
301 1128 402 1210 itaque
426 1128 512 1191 uobis
534 1130 564 1193 in
588 1131 802 1196 demonstratis
825 1129 982 1193 verissima
1002 1129 1064 1193 ista
1086 1129 1256 1208 axiomata:
1295 1129 1459 1205 Primum,

118 1214 199 1296 quod
223 1216 365 1295 planetae
379 1235 487 1298 corpus
510 1230 618 1284 natura
640 1221 814 1312 inclinatum
838 1220 882 1282 sit
899 1220 937 1281 ad
953 1219 1081 1302 quietern
1105 1219 1133 1281 iu
1157 1219 1236 1280 omni
1260 1221 1335 1295 loco,
1359 1219 1461 1300 inquo

116 1302 287 1368 solitarium
308 1304 439 1387 ponitur.
485 1305 670 1386 Secundo,
702 1311 780 1391 quod
804 1329 841 1371 ea
863 1309 988 1381 virtute,
1012 1327 1087 1389 quae
1111 1327 1149 1370 ex
1172 1307 1258 1383 Sole,
1283 1310 1319 1369 de
1343 1309 1408 1370 loco
1430 1309 1460 1370 in

115 1393 219 1458 locum
241 1397 402 1459 secundum
426 1395 640 1478 longitudinem
663 1399 778 1464 zodiaci
801 1407 1022 1478 transponatur.
1069 1398 1206 1472 Tertio,
1230 1399 1256 1459 si
1278 1416 1336 1458 non
1360 1406 1460 1460 muta-

117 1491 203 1546 retur
218 1483 365 1548 distantia
387 1485 527 1565 planetae
551 1509 570 1550 a
592 1487 673 1565 Sole,
698 1487 826 1551 loturum
842 1507 878 1550 ex
898 1487 955 1550 bac
978 1485 1211 1567 transpositione
1231 1485 1288 1547 iter
1306 1487 1460 1549 circulare.

117 1568 272 1650 Quarto,
296 1575 428 1656 ejusdem
450 1575 590 1655 planetae
612 1579 643 1642 iu
666 1578 781 1640 duabus
803 1595 856 1658 per
878 1575 961 1640 vices
984 1575 1138 1639 distantiis
1162 1595 1182 1636 a
1203 1573 1274 1636 Sole
1304 1579 1370 1635 tuto
1394 1595 1459 1636 am·

115 1659 184 1723 bitu
198 1663 415 1742 permanentis,
439 1671 575 1745 tempora
588 1667 741 1748 periodica
764 1667 863 1730 lutura
887 1666 916 1726 in
932 1665 1022 1745 dupla
1044 1663 1233 1745 proportione
1249 1663 1459 1726 distantiarum

117 1749 184 1812 sire
208 1749 384 1816 circulorum
416 1755 630 1834 amplitudinis.
677 1755 834 1830 Quinto,
866 1755 1009 1819 virtutem
1039 1754 1148 1816 undam
1172 1759 1204 1814 et
1234 1752 1399 1815 solitariam
1430 1753 1460 1814 in

116 1837 184 1917 ipso
207 1839 349 1920 planetas
363 1860 485 1921 corpore
508 1844 689 1908 residentem
711 1864 771 1908 non
784 1862 853 1906 esse
876 1842 1072 1906 sufficientem
1095 1842 1328 1922 transportando
1342 1843 1379 1904 de
1395 1843 1460 1904 loco

117 1926 272 1991 inlocum
294 1949 347 1992 suo
371 1931 500 2010 corpori,
534 1935 611 2014 quod
634 1934 772 2016 pedibus,
807 1933 863 1994 alis
887 1938 920 1993 et
944 1932 1043 2011 pinnis
1065 1937 1164 2003 caret,
1198 1930 1302 2010 quibus
1332 1931 1461 1993 inaura

119 2016 265 2080 aetherea
293 2019 415 2082 nitatur.
462 2019 595 2095 Sexto,
619 2031 772 2085 ettamen
801 2039 941 2084 accessus
963 2020 1105 2100 planatae
1129 2020 1166 2080 ad
1183 2018 1285 2082 Solem
1308 2028 1341 2081 et
1362 2018 1400 2081 ab
1424 2038 1460 2081 eo

119 2123 260 2170 recessus
283 2106 353 2170 oriri
371 2127 409 2170 ex
430 2110 553 2183 virtute,
578 2120 716 2192 quaeest
738 2111 859 2192 propria
879 2110 1030 2189 planetas.
1067 2109 1151 2171 Haec
1165 2109 1264 2169 omnia
1283 2115 1314 2169 et
1335 2118 1460 2171 naturae

119 2202 192 2258 sunt
213 2204 418 2261 consentanea
440 2217 474 2260 se
498 2199 572 2280 ipsis
596 2208 627 2263 et
650 2202 857 2264 demonstrata
879 2199 1036 2261 hactenus.

209 2285 237 2348 I.
281 2284 353 2348 Jam
374 2286 404 2348 in
427 2288 530 2368 liguris
553 2290 743 2370 geometricis
767 2307 972 2363 exerceamur,
995 2296 1029 2349 ut
1051 2291 1212 2367 appareat,
1236 2285 1274 2346 ad
1297 2285 1462 2367 quamlibet

119 2373 249 2438 orbitam
271 2373 411 2455 planetae
434 2381 720 2458 repraesentandam
743 2379 848 2462 quibus
861 2377 980 2457 legibus
996 2394 1070 2457 opus
1089 2375 1140 2438 sit.
1178 2373 1255 2435 Esto
1268 2381 1303 2436 ut
1319 2375 1460 2455 planetae

120 2462 220 2525 orbita
243 2463 284 2527 sit
306 2463 443 2541 circulus,
466 2473 500 2530 ut
515 2467 660 2532 hacteuus
683 2469 839 2542 creditum,
863 2467 949 2548 isque
972 2463 1082 2527 aSole
1104 2464 1187 2526 fonte
1208 2463 1329 2526 virtutis
1352 2482 1460 2526 eccen-

883 2556 985 2617 tricus.
1032 2551 1081 2616 Sit
1106 2553 1159 2615 ille
1187 2553 1371 2616 eceentricus
1393 2552 1459 2628 (tu,

711 2631 765 2695 ¹⁸⁵⁸·
785 2625 826 2677 ⁹⁰·
882 2642 1026 2706 cenmoB
1049 2643 1230 2705 diastemate
1244 2639 1299 2704 ΒΟ
1322 2642 1460 2723 descrip-

689 2760 706 2803 s
879 2741 946 2797 tus:
970 2731 1003 2795 iu
1024 2749 1059 2794 eo
1079 2727 1133 2794 Bc
1154 2729 1237 2793 linea
1259 2731 1405 2813 apsidum,
1429 2739 1460 2795 et

879 2824 910 2885 A
924 2821 979 2884 Sol
994 2828 1025 2882 et
1037 2821 1095 2884 BA
1114 2818 1332 2884 eccentricitae.
1369 2820 1459 2883 Divi-

880 2912 970 2972 datur
984 2908 1168 2973 ecoentricus
1191 2908 1221 2971 in
1242 2916 1345 2989 partes
1368 2915 1459 2995 quot-

880 3008 995 3080 cunque
1022 2999 1179 3080 aequales,
1212 2996 1299 3061 initio
1331 3018 1350 3060 a
1380 2999 1461 3061 linea

881 3082 1027 3169 apsidum'
1041 3087 1125 3149 facto
1137 3087 1169 3148 in
1185 3083 1228 3148 (ir
1251 3104 1376 3167 quarum
1394 3094 1459 3149 ter-

881 3176 955 3237 mini
978 3182 1190 3238 conncctantur
1211 3193 1278 3236 cum
1294 3176 1332 3236 A.
1362 3176 1461 3239 Emnt

880 3263 1457 3345 mQMMMQ

880 3354 941 3417 HA
962 3353 1156 3415 terminorum
1185 3352 1315 3432 partium
1343 3372 1458 3435 aequa-

878 3443 952 3505 lium
978 3442 1146 3507 distantiae
1169 3462 1188 3503 a
1211 3442 1294 3504 fonte
1325 3442 1456 3505 virtutis.

878 3531 949 3594 Jarn
985 3538 1087 3595 centro
1115 3526 1152 3609 β’,
1190 3529 1368 3593 diastemate
1405 3533 1455 3613 βγ,

379 3592 398 3642 F
481 3666 483 3671 ,
882 3620 961 3702 quod
984 3622 1025 3683 sit
1046 3620 1170 3701 aequale
1192 3620 1253 3701 ipsi
1274 3619 1346 3696 AB,
1379 3621 1456 3683 scri-

116 3720 206 3783 batur
222 3714 371 3799 epioyclus
386 3718 438 3792 pt,
461 3710 576 3774 divisus
594 3709 624 3772 iu
639 3708 765 3773 totidem
780 3727 847 3773 cum
861 3709 1027 3774 eccentrico
1044 3716 1148 3789 partes
1165 3708 1293 3771 invicem
1307 3710 1458 3791 aequales,

119 3830 138 3871 a
160 3829 175 3887 y
197 3805 282 3869 initio
305 3804 402 3865 facto:
428 3808 460 3863 et
482 3800 563 3862 linea
585 3800 627 3879 γβ
648 3798 845 3872 continuetur,
872 3807 904 3861 ut
926 3799 973 3876 βα
995 3806 1104 3879 aequet
1124 3795 1197 3861 BC:
1223 3804 1255 3859 et
1276 3806 1415 3879 punctum
1438 3822 1459 3862 u

118 3901 315 3961 connectatur
338 3909 403 3955 cum
425 3888 560 3951 terminis
583 3888 712 3969 partium
736 3886 862 3970 epicycli
886 3887 1063 3969 aequalium,
1086 3886 1175 3949 lineis
1189 3910 1238 3966 γα,
1261 3892 1312 3962 δα,
1336 3910 1385 3959 aa,
1408 3884 1458 3965 ζα,

116 4009 176 4067 qa,
198 3989 268 4057 θα;
291 3988 434 4061 eruntque
457 3978 554 4040 lineae
576 3976 634 4039 bae
658 3976 799 4058 aequales
823 3974 926 4038 ordine
949 3975 1103 4039 distantiis
1125 3974 1163 4039 ab
1184 3975 1214 4036 A
1235 3974 1266 4035 in
1292 3976 1458 4041 aeceutrico

118 4072 303 4138 exstructis:
327 4069 359 4132 id
382 4068 461 4131 euim
483 4086 574 4148 supra
596 4066 694 4149 capite
718 4064 847 4127 secundo
870 4065 1106 4127 demonstratum
1129 4071 1185 4126 est.
1232 4063 1344 4128 Centro
1366 4066 1460 4147 igitur

119 4188 142 4229 a
164 4164 343 4226 dimtcmate
366 4163 410 4221 du
441 4156 589 4220 scribatur
618 4174 705 4219 arcus
737 4158 812 4230 dud,
845 4172 952 4216 secans
981 4152 1158 4215 diametrum
1179 4148 1218 4231 γζ
1242 4153 1274 4214 ἰιι
1296 4174 1322 4229 r;
1354 4157 1458 4220 eodem

119 4273 193 4318 vero
215 4258 318 4314 centro
341 4271 362 4311 u
384 4246 562 4309 diastemate
585 4267 625 4309 ce
648 4243 796 4307 scribatur
826 4262 914 4305 arcus
937 4245 1004 4319 riq,
1037 4261 1144 4304 secans
1173 4241 1349 4305 diametrum
1370 4242 1409 4326 γῑ
1426 4244 1459 4307 in

119 4344 194 4416 tet
212 4344 426 4403 connectantur
448 4333 568 4399 termini
590 4332 720 4416 partium
736 4332 901 4413 aequaliter
923 4330 1100 4393 distantium
1117 4351 1169 4412 ay
1191 4331 1309 4413 aphelio
1332 4334 1459 4419 epieycli

119 4430 209 4494 lineis
233 4432 288 4504 td,
311 4448 357 4505 aq,
381 4444 456 4509 quae
480 4429 583 4497 secent
605 4422 728 4485 eandem
751 4420 930 4483 diametrum
951 4421 983 4498 ip
1005 4444 1031 4496 a,
1049 4444 1072 4496 μ
1093 4418 1197 4498 signis,
1220 4420 1265 4483 sic
1286 4429 1322 4484 ut
1342 4430 1387 4487 ot
1407 4422 1457 4485 vel

120 4544 156 4583 ut
178 4518 221 4583 sit
242 4514 358 4596 longior
380 4522 469 4598 quam
491 4536 542 4587 ur,
565 4517 597 4575 et
619 4534 660 4574 aa
681 4510 730 4572 vel
752 4511 795 4571 al
816 4508 935 4589 longior
956 4528 1044 4591 quam
1066 4532 1123 4584 αμ.
1136 4501 1182 4582 ⁸¹)

209 4604 329 4679 Quodsi
349 4603 492 4685 possibile
516 4609 606 4676 esset,
629 4601 782 4683 planetam
805 4596 847 4660 ire
870 4598 1034 4680 perlectum
1056 4598 1221 4681 epicyclnm
1242 4598 1273 4660 vi
1294 4600 1401 4676 insitu,
1426 4606 1457 4665 st

121 4696 210 4763 simul
233 4694 361 4759 orbitam
382 4693 448 4774 ejus
471 4710 538 4774 csse
561 4690 728 4773 perlectum
750 4686 905 4763 circulum,
937 4694 1009 4751 tunc
1031 4686 1143 4749 similes
1165 4705 1253 4752 arcus
1275 4688 1363 4752 simul
1383 4707 1455 4771 par·

119 4787 169 4851 lici
187 4783 340 4869 cogitandi
362 4788 474 4859 essent,
491 4800 566 4845 -eum
587 4781 618 4845 iu
631 4774 796 4843 eceentricn
819 4783 884 4838 tum
905 4775 937 4839 in
959 4776 1103 4860 epioyclo.
1139 4775 1246 4859 Itaque
1265 4777 1331 4858 jam
1351 4778 1456 4843 statim

122 4881 313 4957 patesceret,
344 4872 449 4954 quibus
478 4870 602 4946 mediis,
642 4886 701 4951 qua
735 4882 874 4928 mensura
908 4866 1075 4929 afficeretur
1102 4863 1249 4929 dicuntia
1276 4888 1312 4929 aa
1341 4885 1455 4950 aequa-

122 4964 160 5031 lis
183 4961 243 5045 ipsi
259 4959 340 5027 AD.
384 4959 464 5026 Nam
486 4958 557 5041 quia
577 4980 624 5034 ar,
648 4958 698 5021 αθ
719 4955 873 5037 aequales.
897 4954 1020 5035 planeta
1042 4953 1313 5034 expiatione,
1335 4954 1454 5021 usau-
