3517 5525
298 367 365 440 erl
898 367 939 424 ns
960 369 1042 422 msa

300 559 419 616 suetam
443 547 625 625 adhibueris,
650 548 768 631 qualern
783 549 885 632 Tycha
909 549 1107 631 deprehendit
1128 549 1158 610 11
1182 545 1408 630 quadrantibus,
1431 545 1522 608 multo
1547 543 1654 624 major

300 650 331 704 et
353 637 553 722 prodigiosior
575 639 650 700 haec
672 639 839 720 parallaxis
863 639 981 702 evadet.
1020 638 1099 711 Quin
1129 637 1220 718 igitur
1250 637 1361 699 falsum
1383 633 1434 695 hic
1462 634 1520 697 loci
1544 633 1653 695 admi-

301 731 386 802 serit,
410 727 541 792 dubitari
564 747 622 790 uon
646 729 745 790 debet.

389 817 525 898 Denique
548 836 607 878 nou
630 817 707 878 levis
730 817 872 880 momenti
895 835 978 878 error
1002 817 1059 880 luit
1080 816 1159 897 apud
1183 823 1303 878 veteres
1323 811 1393 874 indo
1417 812 1455 875 ab
1472 812 1655 893 Hipparcho

302 927 395 988 usqne
420 906 459 968 ad
482 905 662 987 Tychonem,
687 906 765 986 quod
789 925 855 968 cum
878 906 1043 969 diametros
1063 906 1165 970 Lunae
1189 913 1221 966 et
1242 903 1365 965 umbrae
1386 902 1416 964 iu
1441 909 1526 964 certa
1548 901 1657 982 aliqua

303 995 427 1078 epicyoli
450 1003 536 1076 parte
560 1003 662 1056 essent
686 995 820 1069 dimensi,
847 995 955 1056 ceteris
970 996 1095 1078 epicycli
1120 994 1194 1057 locis
1208 994 1315 1055 vitiose
1339 991 1503 1054 diametros
1527 1009 1655 1052 accom-

303 1086 477 1158 modarent,
511 1103 547 1144 eo
571 1084 649 1164 quod
673 1085 806 1166 epicyclo
829 1084 951 1148 nimiam
984 1087 1150 1146 tribuerent
1172 1079 1406 1163 amplitudinem.
1453 1081 1536 1156 Eous
1559 1080 1655 1159 hujus

303 1173 347 1238 rei
370 1171 498 1236 scaturit
520 1192 559 1234 ex
582 1173 763 1236 desideratis
791 1174 1037 1254 inaequalitatum
1051 1173 1184 1248 ¹causis,
1217 1179 1248 1233 et
1269 1170 1419 1233 redundat
1440 1170 1470 1231 in
1494 1171 1655 1250 utriusque

178 1315 182 1318 .
267 1335 272 1340 ¹
303 1261 457 1326 luminaris
491 1269 613 1324 metum.
659 1261 779 1324 Etenim
812 1282 876 1325 curu
909 1273 992 1326 esset
1021 1264 1051 1326 in
1084 1263 1241 1335 confesso,
1280 1259 1414 1323 tardiora
1444 1258 1542 1321 videri
1576 1275 1655 1338 quae

304 1352 423 1432 longius
447 1351 653 1425 obstitissent,
677 1352 840 1432 eademque
864 1353 1010 1415 celeriora
1033 1353 1083 1416 uhi
1106 1351 1228 1432 propius
1251 1349 1467 1422 accessissent,
1498 1367 1555 1410 nec
1580 1347 1655 1410 illud

305 1441 504 1546 ignoraretur,
527 1439 681 1502 discedere
706 1441 817 1502 lumina
839 1449 871 1502 et
893 1437 1054 1519 accedere,
1081 1450 1199 1503 veteres
1227 1439 1272 1502 illi
1294 1445 1490 1520 praepostero
1515 1438 1655 1519 aequali-

305 1528 380 1593 tatis
400 1529 498 1595 studio
519 1548 636 1594 omnem
649 1538 750 1591 motus
772 1529 914 1592 luminum
938 1531 1146 1593 diversitatem
1161 1530 1191 1590 in
1211 1529 1265 1590 lios
1285 1529 1444 1590 abscessus
1460 1533 1491 1586 ct
1509 1546 1655 1590 11111111

306 1637 407 1681 eorum
431 1617 630 1694 coutulerunt,
654 1637 729 1701 quae
755 1618 878 1680 dimidia
901 1618 998 1682 solum
1017 1621 1077 1682 illis
1092 1619 1226 1693 debetur,
1250 1617 1365 1697 reliqua
1380 1635 1461 1695 pars,
1485 1635 1543 1678 uec
1566 1615 1654 1696 quic-

307 1725 396 1788 quam
418 1715 602 1787 repugnante
621 1707 797 1788 Coporuieo,
820 1709 910 1790 plane
933 1729 1054 1772 causam
1077 1709 1170 1772 habet
1192 1706 1355 1789 physicam,
1380 1724 1418 1766 ex
1439 1704 1508 1786 ipso
1532 1705 1656 1788 quidem

185 1828 189 1843 ι
307 1816 430 1860 accessu
455 1803 486 1858 et
507 1815 628 1859 recessu
652 1797 760 1858 sideris
784 1798 989 1873 resultantem,
1014 1800 1066 1860 sed
1091 1796 1274 1860 insecundo
1298 1801 1444 1876 respectu.

394 1884 442 1947 Ac
466 1883 496 1947 in
520 1885 617 1950 tribus
640 1885 758 1965 quidem
788 1886 990 1967 superioribus
1018 1889 1093 1950 haec
1115 1905 1208 1950 cansa
1235 1884 1361 1967 physica
1384 1903 1451 1946 sese
1473 1883 1655 1946 Ptolemaeo

307 1973 465 2038 manifeste
487 1975 664 2056 prodiderat
677 1974 798 2050 iudicio,
823 1977 900 2056 qnod
915 1975 1109 2056 amplificatio
1130 1975 1256 2056 epicycli
1272 1974 1382 2055 optica,
1405 1993 1495 2053 quam
1509 1972 1653 2052 Alpheu-

308 2084 359 2126 sus
383 2063 587 2126 diversitatem
612 2064 759 2137 diametri,
780 2065 957 2127 Pmtenicae
980 2085 1137 2128 excessum
1161 2064 1348 2144 appellitant,
1373 2082 1430 2124 nou
1449 2063 1656 2144 respondebat

308 2172 449 2216 accessus
472 2160 504 2214 et
527 2171 662 2216 recessus
686 2153 894 2232 magnitudini,
918 2175 1004 2235 qnam
1020 2155 1160 2234 aequatio
1179 2153 1310 2215 eccentri
1331 2151 1512 2233 requirebat,
1537 2152 1565 2213 si
1590 2151 1655 2232 quis

307 2262 373 2304 eam
403 2241 489 2304 unice
519 2260 572 2322 per
603 2252 770 2305 ceutronum
803 2243 884 2304 orbis
916 2252 948 2306 et
975 2244 1074 2306 muudi
1103 2243 1278 2306 distantiam
1315 2241 1461 2304 niteretur
1496 2259 1653 2304 excusare.

307 2329 377 2403 Qua
399 2349 431 2392 re
455 2341 578 2394 coactus
601 2331 796 2394 Ptolemaeus
819 2341 961 2412 puuctum
989 2333 1147 2414 aequantia
1171 2331 1348 2407 introducit,
1374 2331 1552 2412 templana
1576 2329 1655 2411 phy-

309 2420 419 2494 sicam,
452 2419 479 2482 si
508 2419 582 2482 bene
615 2421 840 2500 considerasset
869 2441 935 2484 earn
967 2429 1080 2486 auctor.
1128 2419 1313 2502 Cepernicus
1345 2418 1509 2482 abhorrens
1534 2420 1574 2482 ab
1599 2419 1657 2481 hac

308 2508 524 2590 inaequalitate
545 2508 680 2590 physica,
704 2529 791 2590 qnam
814 2511 941 2591 putabat
962 2512 1115 2592 indiguam
1138 2511 1263 2572 coelesti
1284 2517 1402 2582 natura,
1423 2507 1658 2572 transformavit

309 2599 486 2678 aequantem
509 2597 540 2659 iu
563 2597 747 2679 epicyclium,
772 2599 896 2678 gavisus
919 2601 948 2662 iu
971 2599 1166 2664 luminaribus
1189 2619 1263 2681 opus
1286 2599 1338 2662 illo
1362 2619 1420 2660 non
1444 2619 1523 2662 esse.
1572 2598 1656 2661 Cave

309 2688 407 2751 lector
429 2685 630 2763 confundaris,
655 2706 712 2748 uon
737 2699 785 2750 est
808 2688 878 2750 mihi
909 2709 1006 2752 sermo
1031 2691 1068 2752 de
1091 2697 1262 2752 menstruae
1290 2688 1517 2769 inaequalitatis
1541 2707 1657 2769 aequa-

309 2776 388 2841 11111
411 2784 541 2857 puncto,
575 2777 652 2859 quod
685 2778 746 2839 scio
770 2779 978 2843 Ptolemaeum
1006 2780 1191 2842 adhibuisse.
1237 2780 1285 2841 De
1311 2778 1407 2858 prima
1437 2777 1658 2859 inaequalitate

308 2866 424 2947 loquor,
449 2884 524 2945 quae
549 2885 567 2926 a
590 2875 742 2930 menstruo
766 2868 892 2931 circuitu
918 2877 1051 2949 tempore
1083 2868 1273 2933 discernitur.
1319 2868 1406 2929 Hanc
1434 2868 1527 2947 igitur
1550 2866 1657 2929 Ptnle-

309 2974 413 3019 maens
436 2974 490 3035 per
513 2974 600 3020 unum
625 2956 789 3038 epicyclum
820 2958 977 3019 excusavit
1007 2978 1130 3038 eumque
1153 2966 1269 3019 tantum
1292 2956 1416 3032 statuit,
1446 2966 1481 3021 ut
1503 2956 1658 3018 sufficeret

308 3044 368 3107 toti
390 3041 570 3125 aequationi.
619 3042 803 3127 Coparuicus
835 3046 1032 3110 mutationem
1056 3047 1100 3109 illi
1122 3047 1295 3109 nonnullam
1325 3047 1446 3121 attulit,
1476 3046 1532 3109 sed
1556 3046 1604 3107 ita
1627 3052 1659 3105 ut

278 3201 282 3209 ,
310 3132 417 3195 iisdem
439 3132 594 3215 principiis
619 3134 801 3210 inhaereret,
830 3143 947 3199 tautum
970 3156 1039 3199 esse
1062 3146 1200 3217 oportere
1223 3128 1404 3217 epicyclum,
1436 3144 1554 3217 quanta
1575 3141 1659 3196 esset

311 3221 450 3303 aequatio
480 3222 585 3302 quovis
615 3230 760 3305 tempore.
807 3225 910 3297 Quare
934 3226 993 3287 etsi
1020 3225 1196 3306 epicyclium
1227 3224 1381 3305 adjunxit,
1410 3244 1468 3306 quo
1496 3222 1657 3305 primarius

311 3311 461 3393 epicyclus
485 3319 644 3389 angeretur
667 3313 716 3375 vel
739 3312 937 3389 minueretur,
961 3334 997 3376 ee
1020 3324 1119 3378 111111
1143 3312 1254 3377 nullam
1283 3314 1443 3393 primariae
1466 3311 1657 3395 aequatiouis

310 3408 427 3480 partem
458 3398 620 3479 expedivit.
666 3402 744 3464 Nam
778 3402 850 3465 illud
874 3404 914 3465 ad
937 3412 1119 3467 menstruam
1143 3403 1355 3485 aequalitatem
1389 3411 1510 3483 spectat
1538 3410 1572 3465 et
1592 3402 1656 3463 vice

310 3487 490 3553 Ptolemaici
520 3489 665 3551 menstrui
698 3490 854 3571 aequantia
887 3493 1028 3573 iungitur.
1063 3490 1182 3556 -Adhuc
1211 3510 1283 3572 ergo
1312 3490 1497 3571 Copemicus
1529 3492 1656 3571 primaru

312 3577 559 3659 inaequalitatem
580 3596 634 3660 per
666 3579 760 3643 solam
793 3590 961 3644 neutrorum
985 3582 1160 3645 distantiam
1183 3583 1251 3654 (seu
1282 3583 1463 3663 epicyclum)
1493 3579 1655 3661 expedivit,

313 3665 436 3729 exclusa
459 3685 551 3729 causa
574 3667 715 3750 physiea;
740 3688 797 3749 quo
821 3672 938 3733 nomine
961 3680 993 3735 et
1015 3672 1072 3751 ipsi
1099 3669 1191 3733 nimia
1212 3671 1242 3733 in
1266 3670 1436 3733 differentia
1457 3679 1531 3733 sunt
1553 3671 1656 3733 Lunae

312 3776 332 3817 a
354 3756 448 3817 Terra
472 3755 643 3830 distantiae,
668 3758 792 3838 proinde
811 3769 843 3820 et
858 3759 996 3822 diametri
1019 3760 1219 3841 respectabiles
1233 3769 1265 3821 et
1278 3761 1426 3823 transitus
1443 3779 1499 3840 per
1512 3760 1655 3823 umbram.

313 3844 415 3927 Tycha
441 3844 598 3925 Cepemici
631 3846 760 3925 vestigia
792 3848 906 3927 pressit
935 3869 1028 3930 usque
1060 3851 1099 3910 ad
1131 3866 1239 3911 aunum
1272 3846 1365 3915 1600.
1410 3852 1491 3913 Nam
1521 3847 1569 3911 illi
1601 3849 1656 3909 duo

314 3932 457 4017 epicycli,
490 3954 613 4014 quorum
651 3935 775 3999 alterius
808 3938 954 4002 diameter
992 3940 1136 4003 statuitur
1170 3935 1292 4013 11000,
1326 3939 1451 4002 11111111
1478 3934 1592 4002 22000
1614 3936 1637 4010 ['

313 4022 433 4104 paginis
457 4023 651 4103 Witebergae
675 4024 1040 4101 editisa.1599)mere
1065 4027 1264 4109 copemicani
1287 4036 1372 4102 snut;
1397 4028 1509 4090 residui
1537 4028 1598 4089 duo
1621 4025 1657 4087 ad

314 4130 482 4175 11111111
502 4114 688 4177 aratoribus
703 4115 930 4178 animadversas
952 4118 1185 4199 inaequalitates
1208 4116 1375 4179 1111111111
1393 4116 1525 4199 nihilque
1547 4116 1658 4178 hahent

315 4219 381 4264 cum
403 4200 500 4282 prima
523 4202 738 4283 inaequalitate
761 4206 939 4269 commercii.
1273 4219 1276 4224 ⁴

404 4289 492 4361 Quod
516 4300 616 4354 autern
641 4291 831 4357 Christianus
846 4294 993 4371 Severini,
1018 4294 1102 4374 cujus
1124 4314 1217 4375 opera
1231 4294 1333 4377 Tycho
1355 4294 1386 4357 in
1410 4294 1517 4357 ultima
1537 4311 1657 4355 correc-

204 4382 209 4395 ’
315 4378 397 4441 tione
420 4398 491 4441 usus
514 4389 571 4456 est,
599 4381 629 4445 in
649 4381 778 4463 primam
801 4402 917 4466 quoque
945 4383 1191 4464 inaequalitatem
1219 4389 1397 4464 aequantem
1419 4382 1591 4445 introduxit
1608 4402 1658 4444 seu

316 4487 398 4532 more
422 4465 627 4547 Cepernicano
658 4471 850 4553 epicyclium:
890 4473 922 4551 id
951 4473 978 4535 si
1007 4473 1037 4534 iu
1067 4473 1183 4536 Lunam
1213 4482 1346 4536 11111111
1378 4472 1466 4535 nolas
1500 4472 1658 4534 arbitraris

230 4584 235 4589 ·
316 4557 469 4639 vallesque
494 4576 553 4620 uon
584 4580 651 4623 esse
681 4561 793 4623 lactum
816 4582 835 4623 a
858 4564 1017 4644 Tycheue,
1041 4561 1113 4623 mihi
1142 4561 1317 4625 adscribito.
1362 4562 1441 4625 Nam
1465 4581 1501 4624 eo
1523 4569 1657 4640 tempero

317 4644 492 4711 Christiano
515 4654 547 4709 et
560 4657 714 4729 spectator
737 4659 768 4713 et
786 4659 893 4713 auctor
916 4651 958 4714 lui
981 4650 1019 4713 ad
1039 4652 1069 4713 id
1085 4652 1262 4714 audendum.
1299 4651 1342 4714 Et
1365 4671 1437 4714 sane
1460 4670 1520 4713 non
1543 4657 1657 4713 1111111

309 4734 347 4797 ,in
370 4744 452 4797 motu
485 4736 679 4817 longitudinis
711 4740 868 4820 plurimum
892 4738 1065 4805 Christiano
1095 4758 1144 4803 res
1175 4740 1236 4803 ista
1264 4740 1395 4822 proluit,
1428 4740 1598 4802 sedetiam
1621 4738 1658 4799 ad

316 4824 489 4903 parallaxes
512 4825 644 4906 apprime
668 4828 726 4889 luit
748 4829 913 4892 commoda.
949 4831 1077 4909 Semper
1100 4850 1178 4911 aqua
1200 4830 1353 4905 haerebat,
1376 4828 1585 4911 parallaxihns
1607 4834 1658 4890 aut

319 4912 552 5001 repugnantibus
584 4914 743 4998 hypothesi
773 4925 827 4981 aut
855 4918 915 4984 sihi
943 4938 1002 4987 non
1034 4919 1251 4988 constantibus.
1295 4919 1431 4989 Tandem
1457 4918 1509 4986 nbi
1530 4917 1656 4984 animun
