3517 5525
663 419 890 494 wmissua
1019 412 1074 525 sp
1243 382 1246 387 ’
1411 409 1479 484 cer

160 603 163 610 ’
228 603 479 674 corollarium.
516 603 550 672 Si
569 606 681 682 dixero,
704 601 913 678 ructandulum
936 601 991 663 snb
1009 598 1173 678 segmentis
1196 593 1338 659 diametri
1356 595 1480 660 minoris

139 724 159 764 a
181 699 421 764 circumferentia
444 697 565 779 majoris
589 696 690 770 factis,
712 696 779 756 scil.
804 691 871 764 BA,
894 691 963 761 Ac,
986 687 1107 769 aequari
1129 686 1306 766 rectangnlo
1328 685 1391 745 sob-
1407 703 1480 763 seg·
1541 737 1545 743 .

140 798 239 853 mento
262 789 368 852 minori
392 788 527 850 diametri
552 786 673 866 majoris
695 805 713 846 a
732 779 886 846 lineavit
908 780 1073 842 sectionum
1096 777 1186 850 facto,
1211 785 1243 838 et
1261 775 1317 836 sub
1340 773 1480 835 diametri

138 879 266 962 majoris
289 877 350 942 AY
377 885 410 939 et
444 875 628 938 differentiae
660 874 789 954 partium
818 871 890 942 BA,
913 866 977 932 AC,
998 869 1046 930 ref
1073 885 1190 928 summa
1216 865 1265 926 vel
1302 863 1480 929 differentia,

138 987 189 1030 res
212 965 457 1030 eodem'redibit.
503 965 582 1028 Nam
609 963 815 1043 rectangulunr
837 961 908 1031 BA,
934 957 989 1022 Ac
1012 965 1062 1019 est
1083 956 1176 1027 idom,
1201 954 1278 1035 qnod
1303 952 1480 1034 quadratum
1615 986 1618 991 ·

137 1059 206 1122 BA.
244 1057 295 1120 Sic
319 1054 488 1118 differentia
510 1061 729 1132 augmentorum
743 1051 812 1125 BA,
829 1047 886 1112 AO
906 1057 954 1110 est
976 1046 1058 1108 nihil.
1095 1045 1181 1109 Nihil
1201 1061 1274 1109 uero
1296 1041 1482 1106 subtractum

140 1147 179 1212 ab
203 1146 263 1213 AY
285 1143 426 1225 relinquit
449 1143 517 1218 AY,
541 1141 615 1211 nihil
639 1143 772 1210 audituro
795 1139 834 1207 cd
856 1136 918 1209 AY
940 1135 1012 1203 tacit
1032 1123 1103 1201 AY.
1206 1170 1209 1175 <
1277 1160 1282 1174 ,

660 1309 867 1374 Theurerna
888 1307 960 1374 XV.
1013 1372 1016 1377 ,

142 1408 262 1478 Ceteris
290 1412 477 1476 manentibus
495 1420 538 1476 nt
565 1413 666 1494 prins,
697 1413 723 1476 si
746 1421 878 1476 centrum
901 1412 1024 1475 minoris
1047 1411 1136 1474 fuerit
1158 1407 1238 1470 intra
1270 1402 1482 1468 circumferen-

141 1505 217 1567 tiam
239 1502 377 1582 majoris,
407 1505 667 1582 rectaogulum
695 1505 763 1566 snb
791 1502 963 1584 partibus
988 1500 1162 1563 diametri
1186 1495 1355 1568 minoris,
1387 1509 1481 1587 quas

142 1593 357 1672 disseparet
385 1587 693 1672 circumferentia
721 1593 850 1672 major,
883 1592 1038 1673 aequale
1068 1600 1126 1653 est
1159 1582 1377 1664 rectaogolo
1418 1579 1483 1642 sub

144 1690 337 1762 segmento
370 1680 542 1743 diametri
575 1682 726 1763 majoris
759 1679 907 1755 minori,
940 1681 1031 1760 qnod
1059 1681 1157 1742 linea
1178 1696 1243 1760 per
1264 1671 1482 1735 sectiones

141 1771 255 1846 facit,
295 1779 331 1833 et
357 1770 423 1833 snb
455 1770 681 1833 differentia
710 1772 812 1833 inter
843 1769 1059 1832 diametrum
1094 1769 1268 1850 majorem
1301 1761 1483 1826 differen-

435 1860 602 1940 tiamque
631 1861 819 1922 dictarum
843 1859 996 1921 minoris
1018 1860 1189 1940 partium.

231 1948 301 2011 Stet
333 1955 466 2010 centrum
499 1949 620 2010 minoris
652 1951 682 2012 A
710 1947 790 2010 intra
817 1949 1086 2011 circumferentiam
1108 1947 1247 2028 majoris,
1280 1953 1311 2007 et
1339 1943 1380 2006 sit
1403 1941 1484 2005 linea
1606 2007 1609 2022 ,

144 2037 310 2100 sectionum
333 2034 408 2112 ΝΟ,
442 2055 548 2100 secans
581 2039 699 2100 ductam
722 2056 775 2117 per
798 2037 839 2113 Ε,
871 2039 954 2101 Aio
976 2048 1087 2118 puncto
1109 2039 1140 2110 I,
1170 2037 1199 2098 io
1221 2053 1281 2118 qua
1302 2033 1360 2097 EA
1383 2030 1482 2095 conti-

141 2129 235 2190 nitcta
262 2126 324 2187 sint
344 2133 457 2207 puncta
488 2127 743 2188 circumferentiae
768 2124 890 2207 majoris
912 2125 956 2202 N,
989 2127 1034 2195 K,
1066 2127 1188 2190 minoris
1210 2125 1250 2198 L,
1286 2125 1334 2197 M,
1364 2122 1483 2202 sintque

119 2221 122 2236 ¹
141 2216 190 2284 K,
213 2209 247 2276 Μ
270 2214 421 2276 interiora.
472 2215 515 2276 Ει
536 2215 592 2293 ipsi
616 2215 673 2278 LK
696 2235 733 2277 ex
756 2217 788 2278 M
811 2217 946 2297 aequalis
968 2234 1073 2278 versus
1097 2217 1126 2278 A
1149 2223 1283 2278 centrum
1303 2210 1484 2274 'extendatur

145 2302 219 2379 ΜΟ,
237 2311 271 2366 ut
284 2300 343 2366 ΚΟ
358 2303 398 2364 sit
409 2298 576 2366 differentia
587 2307 715 2385 partium
724 2305 789 2378 LK,
802 2305 877 2377 ΚΜ,
891 2315 923 2367 ει
937 2303 993 2368 ΟΝ
1008 2302 1178 2367 differentia
1189 2305 1322 2386 ipsarum
1331 2299 1400 2374 NK,
1413 2297 1482 2379 ΚΟ.

142 2396 220 2458 Diuo
243 2392 447 2472 rectaognlum
471 2393 525 2455 sub
549 2393 636 2464 LK‚‘
652 2395 714 2456 ΚΜ
737 2395 859 2473 aequari
881 2395 1056 2473 rectangulo
1078 2395 1134 2458 snb
1156 2395 1216 2469 Kl,
1248 2391 1317 2456 ΟΝ.
1362 2390 1406 2454 Ut
1427 2389 1484 2453 hoc

149 2483 215 2546 sine
246 2499 356 2561 magns
387 2483 585 2562 perplexitate
618 2485 853 2558 demonstretur,
885 2485 1057 2557 considera,
1089 2484 1234 2564 quole
1258 2477 1483 2544 sitcommunis

143 2570 400 2653 perpendicularis
425 2588 461 2632 ex
484 2579 593 2651 puncto
617 2573 798 2636 diametril
820 2573 848 2634 in
872 2576 1027 2655 utramque
1049 2572 1315 2636 circumferentiam
1330 2571 1365 2632 F.
1398 2567 1485 2640 Qua·

146 2663 266 2722 dratum
283 2660 389 2739 igitur
411 2661 452 2722 lu
483 2661 608 2741 aequale
641 2671 688 2723 est
711 2662 885 2740 rectangulo
918 2663 974 2724 snb
996 2662 1054 2737 ΚΙ,
1091 2660 1134 2725 IN
1158 2655 1323 2740 segmentis
1345 2656 1484 2721 diametri

145 2749 278 2830 majoris,
303 2749 428 2829 aequale
452 2757 483 2811 et
504 2752 678 2830 rectangulo
703 2751 757 2813 sub
780 2751 836 2825 LI,
860 2750 908 2815 ΙΜ
932 2751 1096 2831 segmentis
1118 2750 1255 2813 diametri
1273 2749 1404 2812 minoris.
1438 2750 1486 2811 Ac

144 2839 269 2920 proinde
291 2840 466 2919 rectangnla
488 2839 562 2901 haec
585 2838 740 2922 utrobique
765 2849 834 2907 suot
856 2840 934 2902 inter
955 2859 988 2902 se
1004 2842 1148 2922 aequalia
1195 2841 1306 2902 Verum
1329 2840 1415 2919 quod·
1429 2837 1484 2899 sub

148 2928 200 3003 LI,
216 2928 267 2990 ild
289 2927 386 3006 majus
409 2936 457 2991 est
480 2948 525 3003 eo,
550 2930 626 3009 qnod
652 2930 707 2991 sub
726 2930 791 3003 LK,
814 2928 863 2991 IM
888 2930 1054 3011 quantitate
1077 2930 1152 3009 ejus,
1176 2930 1254 3009 qnod
1273 2928 1328 2990 snb
1343 2928 1402 3003 ΚΙ,
1423 2927 1482 2990 ΙΜ.

147 3016 310 3081 Commune
333 3017 486 3081 auferatur
509 3017 563 3092 ΚΙ,
586 3018 646 3083 IM-
693 3016 782 3089 Quod
804 3036 876 3097 ergo
902 3018 956 3080 sub
974 3019 1040 3093 LK,
1063 3020 1113 3080 ΙΜ
1132 3019 1257 3100 aequale
1278 3016 1335 3079 erit
1348 3018 1386 3091 ei,
1407 3017 1485 3096 quod

146 3106 202 3169 snb
225 3106 288 3179 ΚΙ,
312 3104 388 3169 ΜΝ,
431 3106 562 3169 Rursum
585 3115 694 3175 autem,
717 3106 795 3188 quod
819 3108 875 3167 snb
897 3106 963 3182 LK,
981 3105 1030 3170 ΙΜ
1052 3109 1148 3169 minus
1170 3116 1219 3168 est
1241 3098 1287 3180 eo,
1311 3098 1484 3185 quodpro-

144 3195 258 3277 positio
281 3194 382 3270 habet,
408 3196 461 3257 sub
485 3192 551 3271 LK,
576 3196 647 3271 ΚΜ,
672 3196 841 3277 quantitate
864 3196 940 3276 ejus,
965 3198 1044 3278 quud
1066 3197 1122 3259 sub
1142 3197 1210 3270 LK,
1233 3196 1287 3256 Kl.
1333 3191 1375 3255 Bt
1398 3193 1484 3257 simi-

146 3285 232 3358 liter,
256 3283 333 3365 qood
357 3282 411 3355 sub
434 3282 488 3357 ΚΙ,
512 3284 575 3346 MN
598 3286 695 3346 minus
718 3294 766 3346 est
789 3303 834 3358 eo,
859 3286 936 3365 quod
958 3285 1125 3366 propositio
1147 3280 1240 3346 hebet
1269 3285 1324 3345 sub
1340 3283 1394 3357 ΚΙ,
1415 3280 1484 3356 ΟΝ,

146 3368 317 3455 quantitate
340 3372 416 3451 ejus,
440 3374 519 3452 quod
542 3374 595 3435 sub
618 3372 674 3448 ΚΙ,
699 3371 770 3447 ΟΜ,
795 3374 823 3435 h.
849 3390 875 3437 e.
901 3372 958 3437 LK
990 3392 1028 3436 ex
1058 3374 1289 3437 constructione.
1334 3370 1486 3456 Aequalis
1552 3396 1555 3406 ·

124 3464 240 3542 'igitur
275 3462 394 3541 aequali
426 3462 525 3543 aliquo
553 3462 670 3525 minora
699 3471 771 3525 ,snut
799 3463 837 3525 iis
865 3482 942 3543 quae
969 3464 1126 3545 proposita
1147 3475 1231 3537 sont,
1264 3462 1399 3545 qnodque
1431 3477 1485 3524 suo

147 3550 350 3635 respondenti.
388 3550 484 3631 Igitur
506 3562 537 3612 et
559 3553 713 3632 proposita
735 3552 813 3615 inter
837 3570 869 3615 se
893 3562 963 3615 sont
986 3548 1170 3635 aequalia.¹)

660 3712 868 3775 Theorema
890 3689 979 3778 XVI.

146 3817 305 3880 Bursam
332 3818 478 3879 ceteris
508 3818 751 3883 manentibus
773 3827 816 3881 dt
838 3820 955 3884 theor.
979 3821 1067 3885 XIV,
1091 3820 1119 3882 si
1143 3830 1310 3884 centrum
1333 3821 1484 3885 minoris

148 3904 270 3969 fuerit
297 3913 414 3967 extra
436 3906 793 3970 circumferentiam
806 3910 874 3987 maj
885 3909 983 3971 oris:
1007 3911 1265 3989 reetangolnm
1285 3910 1350 3971 sub
1367 3913 1483 3991 parti-

151 3997 223 4059 bus
246 3993 425 4056 diametri
448 3995 616 4071 minoris,
641 4014 731 4080 quas
752 3997 985 4078 disseparet
1009 3999 1486 4080 circumferentiamajor,

148 4084 302 4167 aequale
327 4091 390 4143 est
409 4086 641 4163 rectan'gnlo
661 4084 728 4168 sub
748 4097 945 4166 segmento
969 4088 1142 4151 diametri
1165 4088 1321 4168 majoris
1344 4089 1483 4165 minori,

148 4173 243 4255 quod
270 4169 369 4233 facit
399 4172 501 4235 linea
525 4193 592 4254 per
621 4175 815 4237 sectiones
845 4184 883 4237 et
915 4177 982 4239 sub
1005 4179 1213 4259 composita
1236 4198 1282 4239 ex
1304 4178 1482 4261 diametro

236 4290 240 4297 ·
306 4260 445 4340 majore
469 4271 507 4323 et
531 4263 752 4325 differentia
776 4264 955 4327 dictarum
982 4265 1133 4329 minoris
1156 4268 1324 4346 partium.

213 4348 307 4433 ¹Stet
340 4359 473 4412 centrum
504 4351 679 4415 minorisA
711 4360 796 4416 extra
828 4353 1096 4417 circumferentiam
1118 4356 1257 4436 majoris,
1287 4364 1319 4417 et
1341 4355 1382 4420 sit
1403 4354 1483 4419 linea

153 4438 320 4503 sectionum
366 4436 431 4515 ΡΟ,
456 4460 562 4503 secans
586 4441 704 4503 ductam
726 4460 780 4521 per
801 4442 837 4510 Ε,
863 4442 894 4505 A
917 4444 946 4503 in
968 4453 1078 4523 puncto
1101 4444 1138 4520 R,
1163 4446 1279 4525 sintque
1301 4444 1330 4506 io
1354 4445 1408 4508 hoc
1430 4464 1484 4525 per

148 4538 256 4593 centra
282 4528 371 4591 dncta
398 4541 509 4608 puncta
536 4528 788 4592 circumferentiae
812 4532 933 4611 majoris
955 4532 999 4606 N,
1032 4532 1116 4595 K'ut
1138 4535 1234 4612 prius,
1262 4536 1382 4597 minoris
1411 4553 1481 4595 vero

148 4620 196 4692 H,
221 4615 259 4689 S,
283 4618 337 4679 sed
358 4616 402 4689 N,
426 4616 449 4680 S
472 4619 630 4681 interiora:
655 4619 765 4698 stipsi
789 4619 842 4683 SN
865 4622 998 4702 aequalis
1021 4622 1059 4683 ab
1073 4622 1294 4686 Hextendator
1307 4622 1361 4684 ΗΖ
1376 4640 1481 4684 versus

148 4710 189 4781 Δ,
213 4712 248 4769 ut
269 4707 323 4768 ZN
348 4706 389 4768 eit
411 4708 577 4770 differentia
599 4708 727 4786 partium
749 4709 815 4775 HN,
839 4709 903 4781 NS,
927 4719 959 4771 et
975 4710 1029 4772 ZK
1052 4730 1166 4773 summa
1186 4713 1317 4791 ipsarum
1332 4711 1399 4787 ΚΝ,
1414 4710 1479 4773 ΝΖ.

148 4792 226 4859 Dico
239 4796 453 4874 rectsngnlom
468 4797 524 4859 sub
536 4795 673 4876 partibus
690 4796 759 4870 HN,
783 4797 836 4860 NS
851 4800 974 4878 aequale
991 4818 1058 4861 esse
1072 4803 1244 4881 reetangulo
1260 4802 1314 4878 sul)
1333 4800 1399 4876 RN,
1415 4799 1480 4861 KZ.

149 4886 283 4949 Rursum
306 4883 397 4960 enirn,
430 4895 464 4947 nt
493 4887 575 4967 prius
612 4886 761 4949 mediante
790 4888 936 4950 communi
963 4890 1199 4969 perpendiculari
1219 4884 1277 4951 'Re
1303 4889 1334 4951 in
1355 4896 1490 4968 utroque.

149 4974 262 5043 cuculo
285 4974 523 5056 demonstratur,
538 4976 676 5069 aequalia
697 4977 883 5067 rectaugula,
907 4978 985 5059 quod
1008 4978 1062 5041 sub
1085 4977 1153 5055 SR,
1175 4978 1247 5055 RH,
1272 4986 1303 5041 et
1325 4979 1403 5062 quod
1424 4977 1480 5059 sulp
