3517 5525
276 387 340 462 aba
751 391 1029 449 perorassent
1046 391 1134 448 nee
1241 345 1245 362 ’

361 572 428 636 Hoc
449 578 540 654 pacto
562 591 703 636 accessus
724 572 776 638 ille
798 573 972 639 libraterius
995 574 1072 637 citra
1093 573 1203 637 mentis
1218 589 1339 654 operam
1353 594 1372 634 a
1387 572 1417 635 vi
1430 571 1610 654 magnetica,

273 658 368 726 insita
390 656 508 746 quidem
530 669 562 723 et
584 661 734 738 solitaria,
762 661 931 744 perficitur,
959 665 1014 725 sed
1037 663 1121 742 cujus
1144 672 1244 725 tamen
1267 660 1399 726 definitio
1423 683 1442 724 a
1465 663 1611 726 forinseco

273 771 397 833 corpore
419 750 502 816 Solis
524 752 681 832 dependet.
726 752 874 816 Debuitur
903 754 980 816 eninr
1007 752 1054 814 vis
1077 751 1159 814 Solis
1191 760 1337 833 appetens
1365 751 1421 813 vel*
1436 753 1475 814 ab
1504 771 1539 814 eo
1563 754 1611 816 lu·

272 843 369 923 giens.
412 841 461 905 Ac
491 840 550 903 etsi
577 841 624 902 vis
647 841 722 902 haec
743 841 822 904 inter
844 851 1012 923 magnetes,
1034 861 1109 922 quae
1130 841 1201 903 illos
1225 840 1395 922 conjungit,
1432 842 1522 904 debet
1544 861 1611 904 esse

272 939 398 1006 mutua,
412 949 468 1010 ego
495 948 567 991 vero
596 948 688 1011 snpra
713 949 777 1011 cap.
800 932 954 995 ΧΧΧΙΧ.
979 932 1016 992 de
1039 930 1110 994 Sole
1132 929 1242 1010 negavi
1264 931 1325 992 vim
1350 930 1538 1010 planetarum
1561 939 1611 993 at-

273 1019 459 1091 tractrioem:
488 1017 711 1099 intelligebatur
737 1028 837 1082 tamen
869 1020 1074 1101 tautummodo
1097 1038 1177 1082 mere
1200 1019 1373 1095 attraotrix,
1407 1029 1441 1082 ut
1463 1039 1500 1082 ex
1521 1039 1610 1082 usur-

273 1116 346 1192 pato
369 1116 544 1189 argumento
565 1114 662 1188 patet.
707 1109 766 1171 Hic
788 1118 889 1172 antem
912 1109 1032 1190 ponitur
1055 1109 1142 1170 simul
1165 1107 1335 1182 attractrix,
1360 1106 1447 1174 simul
1469 1109 1529 1171 alio
1552 1109 1611 1171 situ

272 1197 427 1280 repultrix.
473 1198 534 1262 Vel
556 1196 648 1259 etiam
669 1197 728 1259 hoc
749 1208 894 1277 ponatur,
918 1207 952 1261 nt
973 1199 1027 1262 Sol
1049 1197 1146 1260 instar
1169 1198 1240 1260 lerri
1262 1198 1391 1260 nondum
1404 1198 1519 1260 'imbuti
1541 1205 1611 1260 tan-

272 1288 425 1351 tummodo
454 1293 590 1368 petatur,
618 1306 679 1348 non
707 1287 842 1350 vicissim
867 1295 968 1369 petat:
998 1306 1063 1350 cum
1095 1286 1191 1367 ipsius
1214 1287 1366 1349 filamenta
1388 1306 1480 1368 snpra
1501 1287 1612 1349 inerim

272 1377 444 1452 circularia,
470 1377 659 1456 planetarum
683 1394 753 1439 vero
775 1375 823 1438 bic
845 1383 994 1457 ponantur
1016 1382 1109 1440 recta

358 1466 477 1530 Sufficit
497 1465 571 1528 mihi
593 1484 631 1527 ex
653 1465 710 1527 hoc
734 1465 869 1546 exemplo
896 1465 1047 1546 magnetis
1069 1465 1293 1526 demonstrasse
1316 1463 1552 1544 possibilitatem
1566 1463 1609 1527 rei

166 1577 169 1584 ·
271 1556 302 1619 in
329 1573 448 1636 genere.
496 1552 636 1617 Ceterum
665 1554 702 1614 de
733 1573 765 1615 re
799 1554 867 1636 ipsa
896 1555 926 1618 in
955 1555 1054 1634 specie
1077 1554 1204 1630 ambigo.
1249 1553 1329 1615 Nam
1358 1554 1436 1634 quod
1460 1553 1611 1616 Tellurem

270 1645 393 1720 attinet,
417 1651 531 1708 certum
553 1651 618 1716 est,
641 1661 729 1705 uem
752 1643 834 1722 ejus,
864 1645 949 1726 cujus
972 1642 1120 1725 aequabili
1144 1648 1176 1705 et
1198 1640 1412 1726 aequidistauti
1445 1641 1611 1706 directione

271 1735 340 1796 anni
383 1743 521 1813 tempora
554 1732 721 1794 efficiuntur
756 1731 787 1794 in
817 1733 937 1813 punctis
967 1730 1187 1806 cardinalibus,
1218 1731 1350 1810 ineptum
1378 1749 1445 1794 esse
1470 1732 1609 1796 adhaec

271 1821 460 1886 librationem
483 1830 514 1883 et
535 1821 574 1884 ad
597 1821 762 1902 aphelium,
787 1840 854 1883 curn
876 1822 959 1885 Solis
983 1839 1149 1902 apogaeum
1166 1820 1214 1882 vel
1230 1821 1340 1882 Terrae
1360 1820 1507 1900 aphelium
1522 1821 1611 1884 bodie

198 1991 202 1997 ,
270 1929 347 1993 pene
376 1910 526 1974 coincidet
554 1909 760 1990 compunctis
792 1912 1017 1985 solstitialibus,
1046 1929 1105 1972 non
1138 1928 1208 1971 vero
1235 1927 1302 1976 oum
1333 1907 1609 1990 aequinoctialibus,

273 2001 354 2082 qued
375 2000 463 2064 nobis
486 2008 569 2062 esset
591 2005 804 2079 opportunum
832 2019 888 2062 neo
915 2001 1060 2062 manserit
1082 1999 1114 2061 in
1136 1997 1242 2060 eadem
1264 1997 1429 2064 remotione
1452 2019 1471 2060 a
1492 1999 1611 2081 punctis

250 2089 484 2155 'cardinalibus
531 2086 649 2160 Quodsi
669 2089 719 2150 hic
742 2088 808 2151 axis
831 2108 891 2151 non
913 2097 962 2150 est
983 2090 1116 2162 idonens,
1140 2086 1238 2150 nullus
1260 2085 1289 2149 in
1313 2095 1378 2150 toto
1397 2087 1526 2150 Telluris
1541 2107 1610 2151 cor-

271 2198 346 2261 pore
367 2179 491 2253 idoneus
514 2197 583 2241 esse
605 2176 732 2253 videtur,
755 2195 822 2238 cum
844 2178 943 2246 nullus
967 2179 1032 2257 ejus
1054 2185 1172 2240 tractus
1185 2177 1235 2248 sit,
1259 2175 1308 2258 qui
1322 2177 1475 2258 quiescat
1466 2197 1497 2240 ιιι
1506 2178 1611 2240 eodem

273 2269 348 2344 situ,
377 2274 443 2331 toto
467 2267 548 2348 globi
570 2283 694 2346 corpore
717 2266 798 2328 circa
819 2265 948 2346 priorem
971 2267 1063 2336 illum
1077 2283 1164 2328 axem
1187 2265 1293 2326 diurna
1315 2275 1347 2326 et
1368 2266 1530 2347 irrequieta
1552 2285 1610 2348 gy-

272 2357 389 2422 ratione
411 2351 633 2420 circumvoluta.
678 2355 725 2418 At
745 2375 831 2429 vero,
861 2355 887 2417 si
910 2356 993 2418 nulla
1014 2355 1102 2435 plane
1125 2353 1291 2418 materialis
1314 2363 1345 2415 et
1367 2354 1538 2435 magnetica
1561 2356 1610 2417 la-

272 2447 371 2510 cnltas
394 2447 551 2510 absolvere
573 2450 675 2524 potest
696 2444 797 2506 munia
817 2444 873 2506 illa
894 2444 1024 2523 planetis
1046 2443 1184 2548 privatim
1208 2441 1377 2519 commisse,
1401 2445 1438 2506 ob
1462 2445 1610 2507 delectum

271 2535 449 2611 mediorum,
478 2533 604 2596 idoneae
634 2532 750 2595 seilicet
778 2533 915 2595 diametri
938 2533 1081 2612 corporis,
1104 2531 1233 2612 sibiipsi
1251 2531 1282 2593 in
1298 2531 1520 2596 circumlatione
1538 2553 1610 2614 per·

270 2632 362 2705 petuo
384 2623 627 2704 aequidistantis,
653 2622 702 2702 qni
726 2621 861 2685 defectus
879 2622 944 2703 jam
966 2623 996 2684 in
1020 2641 1077 2684 uno
1099 2621 1305 2703 planetarum,
1329 2622 1360 2684 in
1382 2619 1471 2702 glob'o
1495 2623 1611 2685 scilicet

269 2711 398 2777 Telluris
421 2712 572 2795 appamit:
597 2718 768 2774 acoematnr
790 2729 862 2790 ergo
886 2708 1041 2787 meus,*)
1065 2728 1140 2792 quae
1163 2718 1197 2772 ut
1219 2727 1285 2790 cap.
1308 2710 1460 2775 XXXIX.
1485 2712 1606 2786 dictum,

256 2823 311 2865 .ex
341 2802 591 2884 contemplatione
623 2801 762 2863 diametri
785 2799 868 2863 Solis
898 2801 1062 2864 crescentis
1088 2800 1118 2861 in
1143 2798 1342 2879 cognitionem
1364 2802 1468 2863 veniat
1489 2802 1609 2864 distan-

271 2892 390 2968 tiarum,
414 2911 489 2972 quas
511 2890 644 2966 conficit3
673 2899 706 2952 et
725 2890 901 2970 praesideat
936 2888 1075 2952 facultati
1098 2908 1151 2951 seu
1183 2890 1304 2951 animali
1327 2908 1380 2953 seu
1408 2889 1539 2953 naturali
1565 2892 1608 2953 sio

271 2980 515 3052 accommodanti
538 2979 585 3042 sui
605 2980 687 3059 globi
708 2978 739 3041 in
763 2980 822 3040 situ
844 2979 1010 3059 parallelo,
1043 2986 1079 3041 ut
1100 2978 1200 3041 debito
1224 2978 1312 3039 modo
1336 2999 1355 3041 a
1377 2978 1477 3043 Solari
1499 2980 1610 3043 virtute

270 3069 441 3152 impellatur
464 3079 497 3132 et
517 3076 656 3149 respectu
678 3067 760 3131 Solis
782 3066 905 3131 libretur
928 3067 1027 3141 (mens
1051 3067 1129 3129 enim
1150 3066 1230 3130 nuda
1250 3074 1282 3127 et
1296 3067 1439 3129 facultate
1458 3068 1610 3131 inferioris

270 3159 384 3240 gradus
416 3159 563 3222 destituta
584 3176 619 3219 eo
642 3156 708 3237 ipso
730 3176 790 3219 non
811 3164 917 3236 posset
941 3158 1098 3237 quicquam
1119 3155 1150 3217 in
1173 3160 1295 3236 eorpus)
1319 3156 1463 3237 simulque
1482 3156 1608 3221 consilio

271 3256 375 3313 utatur
397 3249 435 3310 ad
458 3247 628 3310 librationis
651 3256 787 3326 tempora
808 3246 993 3307 restitutioni
1014 3244 1183 3325 periodicae
1206 3262 1264 3305 non
1286 3244 1375 3325 plane
1399 3247 1555 3325 aequanda
1576 3254 1610 3309 et

271 3338 317 3402 sic
354 3338 394 3399 ad
437 3335 662 3399 transferendas
704 3334 836 3414 apsidas.
878 3332 1035 3406 ¹Quarum
1075 3352 1172 3397 rerum
1210 3334 1481 3398 verisimilitudines
1517 3354 1609 3416 supra

271 3446 337 3507 cap.
360 3426 511 3490 XXXIX.
536 3432 607 3487 sunt
627 3423 805 3504 explicatae.

364 3516 493 3591 Restat,
519 3522 553 3577 ut
575 3513 644 3594 quia
666 3531 705 3574 ex
726 3510 984 3574 observationibus
1003 3510 1068 3591 jam
1095 3518 1230 3573 tenemus
1253 3511 1337 3590 leges
1359 3518 1392 3573 et
1413 3512 1610 3593 quantitatem

276 3604 367 3686 hujus
389 3601 572 3679 librationis,
595 3621 653 3683 qua
675 3600 813 3661 diametri
835 3599 917 3661 Solis
940 3608 1079 3680 aspectus
1101 3600 1248 3669 variatur,
1272 3618 1345 3679 quas
1368 3619 1434 3681 cap.
1457 3600 1609 3667 XXXJX.

275 3694 373 3757 adhuc
394 3694 648 3773 ignoraveramus,
665 3690 730 3770 jam
751 3689 914 3762 videamus,
939 3708 977 3749 an
999 3689 1068 3751 illae
1091 3688 1175 3768 leges
1197 3689 1275 3751 tales
1297 3689 1373 3763 sint,
1395 3696 1430 3751 ut
1444 3691 1609 3769 'vensimile

276 3782 331 3858 sit,
361 3802 415 3845 eas
442 3781 628 3845 innotescere
651 3780 799 3860 planetae.
846 3778 945 3856 Leges
968 3777 1137 3839 librationis
1160 3786 1246 3841 erant
1267 3776 1362 3851 istae,
1387 3786 1421 3840 ut
1443 3781 1609 3843 anomaliae

276 3872 407 3934 eccentri
433 3871 517 3933 sinus
544 3887 651 3930 versus
681 3868 836 3931 metiretur
866 3875 984 3948 partem
1017 3866 1185 3929 librationis
1217 3867 1394 3935 conlectam.
1438 3870 1514 3931 Dico
1538 3889 1609 3949 ergo

273 3959 378 4023 initio:
411 3959 483 4022 dato
510 3966 542 4021 et
569 3973 713 4020 concesso
742 3957 813 4029 illo,
845 3956 882 4017 de
912 3975 969 4037 quo
999 3961 1151 4017 testantur
1179 3956 1423 4032 observationes,
1456 3959 1608 4037 planetam

274 4048 391 4112 scilicet
412 4056 484 4130 post
513 4046 654 4128 aequales
681 4065 769 4109 arcus
795 4044 926 4107 eccentri
953 4044 1078 4107 inveniri
1100 4045 1131 4107 in
1154 4044 1248 4124 signis
1270 4067 1293 4124 p,
1318 4068 1343 4119 ιι,
1365 4068 1396 4123 μ,
1421 4041 1524 4122 Ctrlg.
1543 4054 1608 4119 ιιι)

275 4157 335 4201 non
366 4158 437 4200 vero
466 4137 497 4200 in
528 4135 623 4215 siguis
645 4159 669 4217 y,
692 4161 711 4211 s,
734 4137 762 4210 λ,
785 4130 815 4211 ζ,
849 4140 920 4195 tnnc
952 4133 1088 4195 diametri
1111 4133 1192 4196 Solis
1223 4134 1437 4200 incrementum
1468 4135 1608 4199 exhibere

275 4227 438 4307 legitimam
460 4244 629 4288 mensuram
653 4223 736 4287 sinus
758 4222 840 4299 versi
869 4222 1039 4291 anomaliae
1068 4230 1264 4305 coaequatae,
1295 4242 1352 4285 non
1384 4224 1481 4287 minus
1517 4232 1607 4306 atque

277 4318 398 4391 scimus,
421 4315 587 4378 anomaliae
611 4313 741 4377 eccentri
762 4312 845 4375 sinus
867 4329 971 4375 versos
995 4330 1065 4375 esse
1086 4328 1254 4375 mensuram
1275 4311 1515 4400 librationis**)

363 4470 392 4545 ⁶)
412 4476 516 4531 Vereor
535 4477 623 4532 dicere
643 4472 825 4539 rationali,
851 4490 886 4527 ne
907 4472 1042 4529 discursus
1061 4472 1176 4529 rationis
1196 4473 1429 4546 subintelligatur.

351 4585 557 4665 &mammet
576 4553 760 4700 anomaliaeq
805 4553 939 4608 ‘misi
1001 4587 1075 4643 ,im
1102 4605 1196 4644 ,erm
1247 4555 1433 4611 Librationem
1453 4555 1594 4615 Planetae,

780 4652 812 4688 ⁰⁰
813 4640 950 4707 “lum
1247 4636 1433 4706 Augmentum
1482 4637 1608 4693 damam

1247 4714 1327 4779 Solis,
1348 4722 1380 4770 nt
1393 4732 1428 4772 ea
1446 4718 1609 4811 apparitura
