3517 5525
317 422 382 491 232
482 428 487 437 ·
797 422 838 475 cs
855 422 963 475 mossur
982 420 1076 475 astu
1093 422 1182 476 uua

405 602 570 669 Osteusum
605 598 708 684 itaque
736 609 799 681 est,
829 603 923 665 etiam
951 602 1142 687 Tyohonicae
1170 598 1356 665 restitutioni
1378 598 1514 663 accidere
1535 596 1595 663 hoo
1616 598 1670 663 in·

316 692 483 770 commodi,
510 700 545 756 ut
572 690 636 755 alia
663 692 873 757 ecceutricitas
904 692 1064 757 eoceutrici
1092 690 1221 775 prodeat
1248 708 1287 754 en
1310 689 1512 777 acrouychiis,
1543 688 1606 753 aha
1628 706 1671 751 ex

317 782 441 866 reliquis
464 780 736 845 observationibus.

403 872 529 935 Interim
565 870 658 935 etiam
696 870 728 932 in
758 870 816 934 heo
857 870 1047 935 restitutione
1085 871 1258 957 'tychonius
1295 868 1592 932 observationes
1629 865 1673 928 ad

314 961 512 1026 bisoctionem
533 960 615 1023 viam
635 968 790 1041 praeeunt
836 960 990 1043 'l'ychonis
1013 958 1092 1023 enim
1114 960 1324 1025 ecceutricitas
1345 967 1414 1022 tota
1434 958 1537 1040 puncti
1552 974 1671 1039 aequa-

314 1051 388 1115 tcrii
410 1058 460 1114 est
480 1046 600 1125 20100,
622 1050 778 1113 dimidium
803 1046 920 1123 10080,
942 1051 992 1113 vel
1014 1051 1045 1113 in
1068 1051 1226 1133 aequantia
1248 1047 1426 1113 Ptolemaiei
1449 1048 1546 1110 forma
1568 1040 1670 1111 9882

254 1145 259 1153 ’
315 1141 359 1204 Et
379 1140 429 1204 hic
451 1140 618 1203 invenimus
644 1136 760 1218 10312,
784 1139 863 1221 quod
887 1140 1010 1221 propius
1032 1142 1072 1203 ad
1085 1141 1163 1203 hanc
1177 1139 1416 1203 dimidiationem
1434 1135 1562 1199 accedit
1599 1134 1671 1201 Ac-

315 1231 405 1293 cedet
435 1236 536 1293 autem
566 1229 661 1291 multo
692 1229 816 1311 propius
845 1235 878 1291 et
908 1229 988 1291 infra
1017 1229 1096 1293 hanc
1122 1229 1286 1293 descendet
1315 1230 1436 1309 (nempe
1468 1225 1507 1288 ad
1526 1224 1671 1306 justissi-

313 1338 396 1383 mam
428 1315 550 1394 9282):
582 1317 634 1381 ubi
657 1318 715 1383 Ac
741 1316 867 1399 majoris
892 1318 1068 1395 schematis,
1096 1320 1154 1383 hoc
1184 1327 1232 1381 est
1252 1319 1296 1381 BI
1324 1317 1450 1381 minoris
1479 1322 1513 1377 et
1540 1313 1671 1389 sinistri,

316 1417 348 1472 et
370 1429 437 1473 cum
460 1428 498 1471 ea
518 1409 577 1472 AB
599 1408 648 1470 rel
672 1406 717 1471 GI
740 1406 902 1484 (distantia
917 1410 1068 1489 apogaea)
1083 1409 1173 1471 luerit
1190 1408 1323 1484 minuta3
1345 1406 1482 1471 vicissim
1496 1405 1554 1469 ΔΕ
1569 1402 1674 1465 dextri

314 1498 479 1563 schematis
506 1498 631 1580 ejusque
659 1496 794 1579 aequalis
822 1503 854 1559 et
881 1495 997 1559 vicaria
1019 1499 1074 1561 DF
1104 1497 1219 1561 sinistri
1249 1504 1281 1559 et
1310 1516 1437 1559 cumea
1457 1492 1517 1558 AD
1540 1493 1590 1555 vel
1611 1492 1673 1555 HF

314 1588 477 1663 (distantia
498 1588 658 1669 perigaca)
681 1587 774 1650 tuerit
795 1592 894 1648 aucta.
940 1587 1052 1651 Minori
1074 1588 1153 1651 euim
1167 1595 1253 1669 parte
1268 1594 1367 1663 aucta,
1389 1585 1497 1665 majori
1509 1584 1671 1658 diminuta,

311 1677 484 1741 fflfferentia
504 1677 648 1739 minuitur
669 1675 748 1737 inter
770 1684 937 1757 utramque.

402 1765 533 1847 Culpam
555 1772 656 1827 auteur
677 1764 767 1845 hujus
798 1763 1021 1846 discrepantiae
1042 1764 1120 1826 inter
1143 1764 1280 1827 diversos
1303 1763 1408 1827 modos
1432 1760 1671 1825 eceentrr'oitetis

313 1854 502 1939 quaerendae
526 1856 575 1931 (ut
596 1855 676 1917 idem
698 1854 860 1917 memoriae
883 1874 976 1916 causa
996 1854 1117 1935 saepius
1132 1857 1281 1936 repetam)
1301 1854 1431 1918 sustinet
1449 1852 1546 1915 solum
1559 1851 1671 1915 vitium

313 1944 541 2020 assumtionem,
566 1964 641 2027 quae
663 1943 737 2007 mihi
759 1942 843 2008 fuere
865 1943 1004 2006 consulto
1028 1961 1095 2005 cum
1117 1944 1258 2025 Tychone
1281 1951 1312 2005 et
1334 1940 1499 2006 artificibus
1512 1943 1669 2023 hucusque

312 2052 494 2098 communes.
539 2034 620 2097 Nam
641 2033 712 2096 hinc
734 2042 818 2096 certo
840 2031 1039 2108 concluditur,
1062 2052 1123 2097 nou
1146 2051 1214 2095 esse
1238 2040 1352 2096 certum
1374 2040 1407 2095 st
1419 2034 1510 2097 linum
1524 2036 1671 2113 punctum

283 2203 286 2207 ι
310 2124 343 2187 in
370 2122 538 2187 eccentrico
565 2123 721 2204 planetae,
752 2124 833 2187 eirca
862 2122 941 2205 quod
967 2120 1091 2203 planeta
1112 2128 1257 2211 perpetuo
1281 2120 1456 2203 aequalibus
1479 2118 1669 2203 temporibus

311 2213 456 2296 aequales
479 2210 607 2293 angulos
630 2213 778 2275 conficiat
814 2213 895 2275 Nam
909 2210 984 2273 illud
1000 2212 1119 2274 omniuo
1139 2211 1303 2293 (siquidem
1320 2212 1449 2275 alterum
1464 2218 1669 2273 assumtornm

311 2303 350 2364 de
372 2302 512 2365 circulari
535 2301 634 2364 orbita
656 2302 765 2365 sideris
786 2300 999 2375 retineremus)
1027 2299 1198 2363 librandum
1220 2302 1307 2364 uobis
1330 2308 1414 2363 esset
1434 2301 1465 2363 in
1483 2300 1565 2363 linea
1578 2299 1669 2383 apsi-

312 2392 383 2454 dum
406 2410 525 2455 sursum
547 2390 704 2468 deorsum,
736 2392 815 2473 quod
844 2389 993 2472 quomodo
1017 2408 1084 2453 cum
1105 2390 1274 2455 rationibus
1296 2389 1485 2454 naturalibus
1507 2388 1668 2453 conciliari

311 2480 420 2563 possit,
444 2500 504 2544 nou
525 2479 625 2543 rideo.
813 2515 816 2518 ·

401 2570 468 2633 Im0
490 2588 562 2632 vero
585 2576 617 2631 et
638 2567 766 2632 alterum
788 2574 990 2631 assumtornm
1011 2567 1091 2631 infra
1113 2586 1178 2649 cap.
1201 2568 1317 2633 XLIV.
1341 2568 1529 2646 destruetur,
1555 2584 1667 2649 nempe

313 2658 444 2721 orbitam
474 2657 583 2723 sideris
613 2674 674 2721 nou
706 2677 774 2721 esse
796 2653 962 2740 perlectum
985 2658 1144 2733 circulum,
1168 2659 1222 2721 sed
1245 2659 1377 2723 evalem:
1402 2666 1434 2723 et
1456 2658 1668 2740 longissimam

313 2748 446 2812 omnium
476 2767 545 2812 esse
577 2746 755 2812 diametrum
786 2746 925 2829 apsidum
931 2767 942 2825 ;
974 2744 1183 2812 brevissimam
1215 2768 1302 2826 vero,
1338 2767 1415 2832 qnae
1446 2766 1500 2832 per
1528 2754 1667 2812 centrum

312 2839 427 2920 tigurae
449 2838 561 2901 transit
583 2838 614 2902 iu
628 2837 866 2918 longitudinibus
884 2835 1002 2900 mediis.
1041 2838 1152 2902 Mirum
1172 2838 1272 2920 itaque
1286 2857 1346 2902 non
1361 2847 1419 2916 est,
1435 2837 1666 2902 observationes

312 2929 447 3011 reliquas
462 2936 550 2990 extra
564 2927 784 3010 oppositionem
797 2945 864 2989 cum
879 2927 953 2990 Sole
962 2945 1022 2990 uon
1032 2928 1200 2991 consentire
1213 2927 1283 2990 huic
1292 2925 1453 3012 hypothesi
1466 2927 1565 3009 capite
1571 2925 1665 2992 XVI.

313 3017 508 3094 constitutae,
532 3035 599 3082 cum
619 3017 679 3079 duo
701 3017 783 3080 falsa
802 3016 835 3080 iu
859 3035 926 3079 eam
949 3017 1189 3080 assumserimus.

860 3423 982 3527 Caput
1006 3423 1115 3502 XXI.

478 3581 1501 3672 Oumwsulectypotben'soerwsprodutetquuteauci

399 3725 496 3790 Porro
521 3726 592 3808 quia
614 3745 671 3808 ego
694 3729 814 3792 axioma
835 3729 895 3793 hoc
917 3729 1159 3803 dialecticorum,
1190 3749 1235 3792 ex
1265 3730 1363 3793 salso
1385 3749 1511 3794 verum
1531 3735 1665 3816 sequi,

311 3813 503 3878 vehementer
530 3815 596 3889 odi,
627 3826 788 3898 propterea
816 3820 897 3902 quod
925 3836 961 3881 eo
985 3818 1145 3902 Cepernici
1174 3820 1276 3902 (quem
1299 3837 1409 3902 aequor
1430 3819 1609 3902 magistrum
1632 3823 1666 3886 iu
1701 3827 1705 3836 '

310 3903 527 3987 hypothesibus
551 3905 816 3971 universalioribus
839 3909 1016 3990 systematis
1038 3903 1197 3987 mundani)
1221 3909 1359 3990 jugulum
1389 3917 1527 3990 petatur:
1553 3929 1665 3993 operae

309 3992 440 4075 pretium
461 3993 584 4076 putavi,
607 3995 716 4058 lectori
738 3997 907 4073 ostendere,
931 3997 1080 4080 quomodo
1102 3997 1152 4060 hic
1175 4015 1213 4060 ex
1235 3998 1314 4062 salso
1338 4017 1440 4062 verum
1463 4007 1615 4082 sequatur.

398 4083 532 4148 Primum
548 4084 614 4165 jam
636 4083 751 4163 vidisti,
773 4107 836 4151 nou
855 4087 947 4170 plane
969 4103 1072 4150 verum
1094 4087 1187 4170 sequi.
1235 4087 1311 4152 Gum
1340 4087 1420 4152 euim
1441 4088 1499 4153 iter
1520 4091 1663 4172 planetae

310 4188 365 4253 per
395 4191 486 4236 uuum
509 4173 669 4236 ecceutrici
695 4175 818 4258 planum
841 4176 957 4242 duobus
979 4175 1077 4239 modis
1100 4176 1321 4253 consideretur,
1350 4196 1455 4260 nempe
1484 4185 1517 4242 et
1542 4179 1662 4244 ratione

310 4258 507 4341 longitudinis
537 4262 593 4325 suh
621 4262 711 4328 certis
733 4265 876 4346 gradibus
905 4272 937 4327 et
958 4265 1082 4329 minutis
1104 4265 1221 4328 zodiaci
1243 4264 1362 4342 circuli,
1392 4267 1563 4332 erratione
1586 4269 1662 4332 alti-

310 4349 424 4412 tudinis
456 4369 510 4414 seu
541 4349 706 4416 distantiae
738 4373 757 4416 a
788 4363 892 4418 centro
923 4354 1026 4417 mundi
1055 4354 1134 4436 quod
1157 4354 1311 4431 circumit,
1342 4374 1430 4439 quam
1453 4357 1523 4420 aliis
1545 4359 1664 4424 zodiaci

311 4438 387 4502 locis
411 4438 533 4503 exhibet
555 4441 663 4504 aliam:
688 4449 793 4506 nostra
816 4444 895 4507 falsa
918 4443 1086 4526 suppositio
1109 4445 1225 4508 invexit
1247 4443 1367 4528 quidem
1381 4445 1535 4527 planetam
1549 4447 1663 4512 debitis

311 4527 498 4610 temporibus
519 4529 551 4591 iu
574 4530 677 4594 debita
698 4531 768 4596 loca
789 4531 1003 4613 longitudinis,
1035 4541 1068 4597 at
1089 4543 1148 4596 nou
1170 4534 1303 4597 debitam
1326 4533 1354 4594 ei
1375 4535 1531 4615 praestitit
1551 4536 1662 4600 altitu-

312 4617 422 4682 dinem.
467 4617 538 4680 Nou
560 4615 651 4699 igitur
671 4619 762 4702 plane
784 4638 888 4686 verum
911 4622 1090 4703 sequebatur
1112 4639 1150 4684 ex
1172 4623 1251 4688 falsa
1271 4623 1329 4686 hae
1342 4622 1512 4705 hypothesi
1543 4625 1664 4690 Deinde

311 4727 372 4769 uon
394 4707 462 4770 ideo
484 4705 564 4768 idern
587 4715 636 4771 est
656 4709 781 4774 effectus
803 4711 901 4786 (circa
923 4711 1021 4774 solam
1044 4712 1137 4774 etiam
1158 4711 1390 4792 longitudinem)
1409 4719 1441 4776 et
1457 4731 1548 4776 verae
1561 4713 1662 4800 hypo·

311 4795 435 4861 theseos
463 4794 562 4860 adhuc
592 4797 762 4880 incognitae
795 4807 828 4862 et
858 4801 955 4864 falsae
987 4819 1007 4864 a
1037 4801 1125 4866 nobis
1154 4809 1328 4879 assumtae,
1360 4801 1440 4884 quod
1469 4803 1510 4868 cd
1539 4823 1663 4871 semum

313 4885 439 4948 effectus
454 4885 550 5038 ⁸iopam
581 4886 708 4952 ridetur.
753 4891 864 4955 Potest
885 4890 964 4954 enim
984 4888 1138 4956 minimum
1160 4891 1275 4975 aliquid
1296 4891 1422 4968 deesse,
1451 4893 1531 4976 quod
1552 4913 1664 4965 sursus

312 4990 373 5036 nou
396 4992 483 5056 capra
