3517 5525
681 462 819 527 manoe.
1177 509 1180 517 «
1326 452 1331 461 Δ
1363 460 1471 539 845

174 650 257 731 Ergo
279 670 387 733 perse
406 659 541 716 centrum
557 652 717 715 eccantrioi
732 650 884 714 describat
906 654 1030 731 liguram
1051 650 1170 733 *ovalem
1194 650 1274 713 circa
1296 656 1430 713 centrum

85 742 199 803 'l'errae
221 744 305 803 motu
327 741 464 823 apogaei,
489 740 534 803 ita
556 750 590 803 ut
611 741 758 804 diameter
780 742 916 803 virtuosa
939 758 997 803 non
1020 740 1073 814 eit,
1099 740 1154 801 sed
1177 741 1274 803 solum
1297 748 1431 803 centrum

84 829 208 891 Tenue.
256 828 370 894 Contra
393 829 481 905 lacit,
511 825 590 911 quod
612 831 688 893 haec
711 828 912 911 inaequalitas
936 849 955 890 a
978 846 1049 891 varo
1072 828 1139 891 loco
1163 829 1245 892 Solis
1267 830 1379 909 pendet
1401 836 1433 891 et

1 924 2 930 ’
33 971 39 981 .
85 919 166 1001 quod
189 938 268 980 nova
290 936 344 999 pro
368 920 537 981 octandbus
561 928 645 981 esset
667 919 863 999 confingenda
886 918 973 979 ratio.
1019 918 1100 998 Ergo
1125 918 1162 980 de
1185 918 1333 1001 prioribus
1356 936 1432 981 con·

85 1007 236 1090 sulaotur⁸
249 1007 458 1085 dimensiones,
482 1030 519 1071 an
544 1009 634 1070 etiam
658 1015 794 1072 ocmntes
817 1006 1063 1089 complectantur.
1087 1088 1090 1094 Ι

173 1117 297 1170 Ponatur
327 1122 451 1173 centrum
480 1118 508 1176 in
541 1118 674 1173 diametro
704 1114 751 1187 (Θ
781 1111 821 1185 ὁ)
849 1119 938 1173 altum
964 1113 1049 1173 4930.
1099 1118 1215 1173 Maneat
1249 1116 1357 1171 interea
1394 1116 1434 1171 ibi

86 1193 166 1263 (nam
185 1196 233 1251 vix
256 1190 292 1250 13
313 1198 357 1251 vel
382 1192 417 1251 15
439 1196 625 1253 lunationibus
646 1198 785 1268 periodum
807 1195 953 1262 absolvit),
980 1200 1060 1252 Luna
1084 1213 1149 1252 vero
1170 1199 1207 1252 ab
1228 1213 1355 1269 apogaeo
1375 1196 1435 1251 vol·

85 1283 172 1331 vatur
191 1276 220 1331 in
239 1277 315 1347 long.
336 1277 450 1332 mediam
471 1285 502 1333 et
521 1282 713 1349 quadraturas.
742 1277 771 1333 si
791 1278 878 1332 virtus
896 1285 1021 1333 nraneret
1041 1280 1144 1343 eadem,
1166 1278 1297 1349 aequatio
1317 1279 1437 1331 secunda

86 1364 167 1411 esset
187 1348 221 1411 2·
241 1351 343 1418 29¹!s‘:
370 1356 430 1427 jam
457 1368 502 1413 est
528 1352 562 1413 4ο
583 1353 685 1423 5801·
707 1375 774 1432 ergo
804 1355 843 1414 90
861 1358 931 1413 radii
960 1358 1094 1428 paulatim
1123 1374 1141 1412 a
1167 1358 1300 1413 diametro
1327 1352 1375 1426 (Θ
1396 1350 1436 1427 ὃ)

85 1436 215 1510 elongati
235 1442 266 1490 et
286 1438 421 1508 paulatim
441 1431 588 1511 longiores,
611 1445 675 1494 sunt
689 1456 739 1509 per
753 1431 788 1493 2⁰
799 1432 885 1499 29“1ι’
907 1439 1050 1503 tardiores,
1072 1455 1153 1510 quam
1168 1439 1280 1495 totidem
1294 1447 1437 1493 manentes

86 1520 118 1573 in
138 1517 273 1571 diametro
293 1524 323 1573 et
342 1518 495 1590 longiores,
522 1526 551 1574 et
571 1536 622 1591 per
642 1513 676 1573 4ο
695 1513 782 1580 58²t‘
803 1520 951 1583 tardiores,
981 1536 1061 1590 qnam
1082 1516 1121 1573 90
1141 1519 1235 1583 medii,
1262 1518 1438 1590 egredientes

86 1598 226 1671 paulatim
246 1614 265 1652 a
284 1598 417 1653 diametro
438 1598 466 1654 in
486 1603 680 1670 quadraturas.
718 1602 798 1667 (Nota
815 1606 918 1671 Keplerl
936 1607 961 1655 in
979 1610 1107 1672 margines
1126 1606 1188 1667 „boa
1207 1604 1347 1669 dubium“.)
1374 1598 1439 1653 *Sed

89 1676 132 1735 90
151 1678 232 1732 medii
252 1678 428 1751 egredientes
451 1698 467 1733 e
491 1680 624 1736 diametro
650 1680 676 1735 in
704 1682 887 1751 quadraturas
914 1679 1028 1735 volvunt
1049 1674 1115 1745 90⁰,
1143 1696 1211 1751 ergo
1238 1677 1277 1735 90
1303 1678 1439 1750 paulatim

15 1799 18 1806 .
88 1758 232 1829 longiores
252 1760 372 1839 suntad
394 1755 434 1814 90
452 1760 568 1826 medios,
597 1768 629 1816 ut
649 1756 695 1817 94.
717 1752 789 1821 tat.
812 1763 847 1815 ad
869 1757 917 1825 90,
942 1766 973 1813 et
993 1756 1032 1815 90
1052 1758 1384 1815 sinus'eccentricitatum
1405 1760 1440 1814 ad

89 1835 133 1893 90
151 1837 243 1893 radios
265 1846 330 1893 sunt
347 1844 379 1892 nt
394 1838 421 1893 4.
437 1834 508 1901 58οι
524 1844 559 1895 ad
577 1838 622 1895 90.
651 1842 695 1895 lta
715 1836 754 1896 90
774 1840 849 1895 sinus
871 1836 910 1895 90
929 1840 1165 1895 eccentricitaturn
1186 1842 1305 1895 suntad
1326 1838 1440 1903 radium,

89 1913 347 1978 nertstert.
375 1919 428 1973 Sed
450 1915 489 1974 90
509 1922 603 1975 ordine
624 1922 699 1977 sinus
719 1929 785 1975 sunt
804 1924 840 1976 ad
853 1919 968 1984 radium,
989 1926 1021 1975 ut
1040 1927 1158 1993 tangens
1179 1920 1322 1975 semiradio
1343 1926 1440 1974 auctus

88 2002 128 2067 ad
148 1998 254 2053 radium
279 2000 352 2063 iere,
381 2015 450 2070 ergo
475 1991 508 2055 ut
528 1996 615 2064 ort..
638 2003 673 2056 ad
695 1993 722 2055 1.
762 2002 838 2073 Ergo
860 1998 899 2057 90
920 2000 1002 2055 sinus
1015 2001 1067 2055 toti
1088 2000 1301 2055 eocedtricitatis
1322 2006 1387 2053 snut
1408 2000 1442 2053 ad

90 2075 133 2133 90
153 2079 203 2133 sin.
225 2086 299 2133 totos
321 2078 470 2149 simplices,
497 2088 527 2135 et
552 2099 602 2151 per
628 2098 796 2151 consequens
819 2079 1010 2137 eccentricitas
1032 2083 1067 2135 ad
1088 2081 1193 2137 radium
1213 2088 1246 2137 ιιι
1266 2080 1293 2135 4.
1315 2074 1384 2141 58²1.
1408 2081 1443 2133 ad

90 2153 189 2221 571ιι.
231 2160 284 2213 Est
303 2159 397 2231 itaque
420 2154 524 2226 inm,
553 2162 660 2216 ratione
682 2161 799 2218 virtutis.
840 2162 916 2233 Ergo
938 2161 960 2215 si
982 2168 1109 2217 censetur
1132 2156 1233 2227 ¹l=r¹¹¹¹.
1262 2160 1316 2215 erit
1336 2158 1443 2215 censita
1552 2154 1559 2175 ⁸

88 2256 143 2310 pro
165 2233 251 2301 9091,
272 2239 393 2311 qualium
413 2240 505 2295 radius
529 2237 660 2304 100000;
682 2242 730 2295 sed
751 2242 799 2306 ita,
821 2248 854 2295 ut
873 2258 967 2299 ornnes
987 2241 1055 2296 radii
1078 2239 1313 2297 eccentricitatum
1333 2240 1442 2295 ratium

88 2320 203 2375 virtutis
224 2320 282 2373 sint
294 2318 513 2391 proportionales
528 2320 584 2377 suis
599 2320 824 2394 longitudinibus,
846 2325 919 2395 quod
940 2328 1031 2377 tarum
1052 2340 1106 2377 non
1127 2330 1179 2377 est.
1210 2322 1281 2377 Nam
1301 2321 1441 2393 longiores

90 2401 158 2471 plus
178 2400 286 2455 habent
305 2398 431 2465 virtutis,
454 2418 513 2455 cum
533 2402 590 2457 sint
608 2402 751 2473 propiores
771 2402 913 2457 diametro.

181 2480 258 2552 Ergo
279 2480 369 2537 aliter.
410 2482 477 2537 dum
498 2498 654 2555 apogaeum
675 2488 720 2540 est
745 2482 773 2538 in
802 2486 987 2555 quadratura,
1018 2482 1086 2538 nihil
1112 2483 1202 2539 dinem
1225 2500 1306 2539 verns
1327 2484 1403 2537 locus
1425 2498 1444 2537 a

90 2560 190 2615 medio.
231 2562 297 2617 lude
318 2559 357 2619 90
377 2560 470 2615 ordine
490 2563 559 2617 radii
580 2562 701 2635 apogaei
729 2564 755 2618 iu
782 2563 958 2635 quadraturis
984 2571 1049 2617 sunt
1068 2580 1152 2619 causa
1172 2563 1285 2635 uirtutis¹
1302 2563 1442 2637 longiores

91 2638 134 2697 90
154 2640 248 2695 ordine
268 2640 351 2695 radiis
373 2643 508 2713 apogaeis
529 2643 557 2702 irs
577 2643 710 2699 diametm
738 2639 814 2711 (nam
836 2643 881 2699 bic
902 2643 1074 2713 respicimus,
1102 2643 1149 2699 ubi
1176 2650 1299 2699 centrum
1322 2644 1442 2707 habitet,

91 2739 155 2778 cum
175 2720 262 2777 vireu·
282 2738 321 2776 ex
341 2722 459 2778 metrali
479 2724 554 2778 linea
574 2741 628 2779 non
648 2719 757 2793 veniat)
784 2741 834 2795 per
855 2718 882 2779 2.
906 2714 990 2783 29¹i.
1031 2723 1146 2780 Faciunt
1171 2741 1238 2797 ergo
1267 2723 1307 2780 illi
1335 2730 1442 2794 tempus
1505 2785 1509 2798 ,

91 2800 143 2860 94.
163 2797 250 2868 589,
281 2802 309 2856 hi
337 2803 443 2858 iaciunt
469 2811 577 2874 tempus
603 2800 651 2860 92.
675 2800 759 2866 299..
801 2809 841 2860 At
870 2807 940 2875 quod
970 2804 1033 2859 illos
1061 2805 1238 2860 obtunsione
1269 2805 1371 2868 efficit,
1401 2809 1444 2858 ast
1485 2849 1494 2878 ,

92 2883 231 2938 distantia
250 2873 277 2944 J)
293 2899 318 2960 ‘a
337 2883 471 2959 Terrajn
493 2885 669 2955 quadraturis
690 2887 772 2950 (Nota
789 2893 822 2944 K.
843 2893 869 2944 ln
887 2893 1016 2958 unumne:
1051 2893 1115 2952 ,llic
1142 2906 1182 2942 ms
1203 2892 1284 2956 ipsum
1301 2891 1401 2942 contudi
1419 2897 1445 2942 st

94 2970 204 3020 namsi
220 2969 413 3040 heterogeaeam
430 2959 627 3035 bypotbmin“.),
648 2981 736 3035 eaque
757 2965 892 3037 nonagies
913 2967 948 3018 ab
972 2981 1108 3038 apogaeo.
1139 2967 1215 3037 Ergo
1236 2964 1260 3018 si
1280 2961 1320 3019 90
1339 2964 1444 3023 disten·

92 3044 155 3098 tiae
176 3045 213 3099 ab
234 3059 362 3116 apogaeo
382 3044 409 3098 in
430 3045 604 3115 quadraturis
625 3047 693 3099 dant
714 3039 741 3099 2.
765 3039 852 3108 tal..
874 3045 937 3116 quid
958 3061 1014 3100 una
1033 3046 1196 3101 mediocris?
1217 3039 1300 3113 (iacit
1323 3038 1383 3109 'im
1405 3061 1443 3102 sc.

95 3118 198 3178 1‘so¹‘
219 3129 346 3178 utente.
375 3125 465 3179 Tanto
487 3125 590 3179 tardior
610 3131 687 3179 esset
708 3116 734 3186 )
756 3124 784 3179 in
799 3115 859 3193 U.)
892 3128 971 3180 Haeo
991 3125 1131 3182 subtiliter
1151 3129 1343 3196 computentur
1363 3125 1444 3181 alias.

1 3205 2 3209 ’
91 3205 159 3260 Jam
178 3203 203 3259 si
222 3199 262 3257 90
281 3206 348 3258 dant
368 3197 396 3258 2.
419 3199 506 3269 299,
529 3205 592 3275 quid
616 3199 643 3270 1,
669 3223 706 3260 sc.
727 3205 894 3260 mediatore
916 3207 988 3261 inter
1008 3206 1184 3262 remotionem
1205 3204 1393 3278 longissimam
1414 3210 1444 3259 et

93 3287 274 3356 apogaeaml
296 3283 421 3356 sequitur
443 3278 473 3347 Ἰ.
495 3286 618 3356 scrupuli
640 3287 712 3350 fere,
733 3286 791 3341 sire
815 3279 841 3340 ι’
863 3282 933 3343 40”.

184 3365 281 3436 ltaque
295 3365 376 3420 Luna
397 3365 424 3420 in
443 3382 499 3420 uno
519 3369 749 3437 quadraturarum
763 3369 853 3438 gradu
867 3367 971 3441 tardior
990 3373 1034 3422 est
1054 3381 1104 3438 per
1120 3361 1146 3420 l‘
1162 3360 1220 3422 40⁰
1241 3368 1275 3420 de
1291 3359 1363 3422 300ο
1375 3371 1445 3420 tem·

91 3461 163 3516 pore
182 3443 361 3500 revolutionis
381 3461 462 3509 suae,
485 3462 565 3517 quam
587 3446 614 3501 in
636 3446 788 3511 diametra,
811 3464 895 3520 quare
917 3465 966 3518 per
987 3442 1045 3503 50⁴¹
1067 3445 1182 3512 tardior,
1207 3452 1236 3502 et
1256 3445 1284 3500 in
1304 3445 1445 3501 diametria

93 3519 157 3581 50”
177 3525 298 3580 velocior
312 3525 400 3595 justo.
442 3527 504 3596 Jam
525 3525 608 3582 l'acile
628 3526 781 3598 computari
808 3534 916 3598 potest,
946 3532 1078 3599 quantum
1105 3527 1132 3583 in
1154 3533 1280 3582 octantes
1300 3527 1443 3590 redundet.

92 3605 187 3662 Primo
207 3605 373 3682 diminuatur
393 3602 565 3675 (secumtatis
586 3602 686 3677 cauea)
706 3608 836 3677 temporis
862 3607 1040 3664 revolutionis
1059 3608 1156 3662 Lunae
1178 3614 1278 3663 octava
1304 3623 1370 3678 para
1395 3621 1446 3677 per

96 3681 125 3742 1¹
142 3682 200 3741 40⁴¹
216 3687 381 3757 quadragies
396 3687 547 3758 quinquies.
575 3687 682 3742 Deinde
699 3688 868 3759 colligantur
888 3687 962 3742 sinae
983 3704 1076 3744 omnes
1097 3690 1133 3743 ab
1154 3705 1207 3744 uno
1228 3689 1318 3760 gradu
1340 3688 1374 3741 sd
1396 3681 1444 3764 45.

94 3767 135 3822 Et
155 3766 213 3820 dic:
243 3765 267 3820 si
287 3771 362 3820 totus
383 3768 459 3820 valet
483 3763 570 3832 100“,
596 3767 660 3839 quid
681 3768 757 3823 valet
778 3783 883 3822 summa
903 3764 940 3824 45
962 3768 1068 3824 sinuum
1089 3769 1237 3830 minorum
1264 3769 1334 3840 quod
1354 3765 1447 3838 prodit
1474 3769 1481 3778 '

93 3853 204 3918 tempus
225 3861 332 3901 norsum
352 3846 476 3902 addatur.
517 3848 594 3919 Ergo
615 3856 648 3902 ut
667 3844 706 3903 45
726 3846 844 3904 minores
864 3849 899 3902 ad
920 3843 957 3906 45
981 3856 1069 3914 totos,
1091 3849 1131 3904 sio
1151 3849 1271 3919 tardatio
1292 3849 1328 3902 ad
1348 3843 1445 3902 incita·

93 3928 216 3991 aonam,
244 3932 276 3980 ut
295 3926 383 3998 igitur
401 3943 532 3982 excessus
554 3924 592 3983 45
613 3934 733 3984 totorum
753 3945 838 3999 super
858 3923 898 3987 45
917 3928 1051 3995 minores,
1078 3929 1117 3985 sic
1137 3929 1261 3985 incitatio
1283 3917 1309 3990 )
1331 3941 1444 3984 manens

95 4010 131 4064 ad
152 4007 339 4063 incitationem
363 4001 390 4061 l‘
411 4000 469 4063 40¹⁴
490 4008 658 4080 quadragies
678 4008 830 4080 quinquies.

185 4087 293 4160 Collige
314 4103 443 4142 summam
464 4089 581 4147 omnium
602 4088 709 4144 sinuum
726 4091 761 4144 ad
774 4090 880 4160 gradus
901 4088 1034 4162 integros,
1056 4089 1188 4162 incipiens
1210 4081 1283 4145 ιι“0ο
1303 4105 1390 4163 usque
1410 4089 1446 4144 ad

46 4225 49 4228 .
95 4161 159 4228 45⁰,
180 4175 210 4224 et
231 4167 321 4238 abjice
343 4162 381 4236 (ai
401 4166 420 4223 7
441 4168 552 4238 cyphris
572 4163 676 4238 utaris)
696 4171 802 4243 dgnrae
823 4165 840 4223 5
862 4171 1055 4242 posteriores..
1073 4170 1210 4226 Relictam
1230 4175 1295 4224 sunt
1314 4170 1448 4241 scrupula

95 4251 231 4314 aecsmda,
259 4264 329 4319 quae
349 4250 431 4303 reduc
451 4251 487 4302 ad
507 4248 596 4318 prima
615 4256 647 4304 et
664 4253 786 4322 gradm,
814 4255 845 4305 et
870 4267 993 4307 acerra.
1034 4251 1139 4306 Deinde
1161 4249 1317 4321 multiplica
1339 4244 1366 4305 1‘
1387 4247 1444 4306 to‘

94 4346 149 4403 per
167 4323 229 4387 45⁰.
251 4327 372 4400 prodibit
396 4344 501 4384 summa
523 4328 630 4399 majore
660 4330 739 4385 acles
764 4329 849 4402 igitur
874 4332 945 4402 quod
970 4329 1045 4402 prius
1071 4331 1188 4386 serrasti
1209 4331 1246 4386 ab
1267 4331 1320 4386 bac
1340 4345 1446 4386 summa

94 4409 205 4478 majori,
227 4417 257 4464 et
276 4409 346 4474 ride,
368 4424 404 4462 an
424 4415 557 4465 mmeant
577 4409 686 4464 circiter
705 4405 754 4467 45’
774 4409 871 4480 prima

185 4488 324 4544 Dimeusio
345 4489 428 4559 pla'ue
449 4489 583 4545 convenit.
624 4491 694 4546 Nam
715 4492 786 4562 quod
806 4490 833 4544 iu
854 4496 979 4545 aetantes
1006 4493 1160 4546 redundant
1181 4485 1268 4557 db'is,
1296 4493 1443 4563 perpende,

96 4570 169 4642 quod
191 4586 283 4625 omnes
304 4568 495 4640 elongationes
509 4569 616 4626 alinea
629 4571 739 4626 virtutis
754 4570 927 4625 assumserim
941 4571 1026 4640 paulo
1039 4571 1187 4642 longiores,
1210 4589 1248 4630 sc.
1265 4578 1322 4628 tam
1335 4573 1444 4642 longas,
1472 4570 1477 4578 “

96 4666 180 4724 quam
200 4651 287 4721 longa
307 4655 352 4702 est
371 4649 505 4704 distantia
524 4641 551 4712 )
573 4642 597 4715 ὃ
620 4652 647 4705 in
668 4651 729 4706 loco
749 4651 821 4706 iuter
842 4665 999 4724 apogaeum
1015 4659 1045 4708 et
1058 4653 1134 4725 long.
1148 4653 1262 4724 mediam
1277 4651 1443 4708 intermedio.

95 4731 126 4786 Si
143 4730 238 4802 justas
258 4745 425 4794 assumsero,
447 4730 532 4800 paulo
552 4731 638 4784 minor
658 4732 768 4785 evadet.

185 4809 348 4873 Dubitatur,
369 4810 393 4863 si
413 4811 488 4870 aolus
508 4810 703 4866 distantiarum
723 4827 853 4866 excessus
875 4828 894 4867 a
913 4812 1090 4869 mediocribus
1111 4813 1196 4868 efficit
1216 4804 1291 4876 203,
1312 4813 1445 4883 quomodo

95 4892 226 4963 integrae
253 4889 403 4944 distem
431 4896 539 4946 tantum
567 4888 617 4946 46’
638 4891 765 4947 iaciant?
805 4893 910 4964 Nempe
938 4892 986 4948 ille
1011 4909 1142 4951 excessus
1162 4892 1351 4949 consideratur
1369 4901 1445 4948 totas
1479 4922 1481 4928 ι

95 4972 126 5026 ia
146 4969 339 5043 quadraturis,
366 4970 516 5028 distendas
536 4988 601 5029 vero
622 4972 828 5030 considerautur
848 4990 904 5029 non
930 4978 1026 5040 totae,
1054 4977 1109 5032 aad.
1123 4979 1254 5048 quantum
1274 4963 1301 5036 )
1324 4973 1408 5028 distet
1428 4989 1448 5027 a
1504 4993 1506 5000 ·
