3517 5525
268 396 311 467 80
691 400 793 453 Literae
811 396 914 466 Keplert
932 394 1083 465 sitammam
1100 401 1202 453 ιιιιιιιιιο

265 580 348 661 pium
370 584 520 685 petentes.
566 578 601 641 ld
625 576 733 659 proba,
766 578 846 641 male
875 578 986 642 hahere
1004 596 1107 641 meam
1129 574 1366 642 eccentricitatis
1387 507 1621 695 ordinationem,

266 668 470 733 destruetis
451 690 498 745 us,
522 668 630 749 quibus
652 668 756 731 videas
780 668 1070 749 superaedificatam.
1176 729 1179 736 ,

355 759 402 820 De
438 756 738 843 aequipollentia
774 758 1037 841 hypotheseon
1068 756 1166 821 sentio
1198 754 1354 839 plagam
1344 774 1375 818 ιι
1403 754 1499 836 digito
1530 752 1623 836 pedis

260 847 400 911 minimo.
453 850 580 921 Fateor,
619 847 770 911 minimum
803 847 915 927 aliquid
948 846 1122 909 mutandum
1155 845 1204 907 est
1235 844 1265 908 in
1298 844 1550 918 dimensionibus.
1583 850 1625 907 ιιι

265 956 401 1018 aequans
424 936 626 1000 Ptolomeicus
650 945 682 997 ιι
704 936 879 1019 epicyeliom
903 934 1142 1017 Oopernicannm
1164 934 1250 1015 paria
1273 933 1398 997 iaciant.
1442 933 1598 1014 Neque
1571 953 1623 1000 sm
1691 970 1694 976 ν

268 1034 371 1089 tamen
395 1026 484 1107 plane
507 1024 760 1106 aequipollehunt,
783 1026 892 1107 siquis
910 1025 989 1089 inira
1001 1024 1134 1088 secunda
1148 1024 1289 1104 scrupula
1301 1031 1407 1107 posset
1423 1023 1621 1087 descendere.

268 1113 400 1199 Causam
423 1134 550 1196 quaeres
581 1115 614 1179 iu
638 1113 819 1198 (inpernicn,
852 1114 903 1177 uhi
936 1116 972 1178 de
1000 1115 1091 1180 trium
1121 1114 1308 1195 superiorum
1337 1112 1555 1197 inaequalitate
1586 1110 1623 1177 in

284 1225 372 1269 suere
397 1204 470 1285 agit.

263 1225 283 1291 g
293 1295 399 1356 De
421 1292 662 1365 miraculosa,
684 1292 800 1369 uteie,
825 1293 959 1357 Martis
982 1292 1184 1386 latitudine
1216 1290 1380 1355 identidem
1414 1290 1470 1355 tibi
1500 1297 1622 1372 repeto,

262 1384 335 1448 nihil
357 1402 405 1450 me
429 1402 467 1445 ex
488 1402 556 1447 mea
578 1381 738 1465 hypothesi
761 1383 889 1459 dixisse,
918 1383 1051 1466 adeoque
1083 1378 1123 1446 ue
1154 1382 1272 1464 quidem
1304 1388 1470 1457 tentasse,
1490 1381 1546 1444 sed
1577 1398 1624 1444 ex

187 1527 188 1536 ,
262 1472 422 1556 ipsissimis
446 1471 705 1535 observationibus
728 1490 795 1535 cum
818 1479 902 1535 esset
923 1471 1041 1537 Mers
1032 1493 1061 1535 ιι
1085 1478 1125 1545 Ι.
1150 1503 1191 1515 -

250 1630 251 1638 ἵ
348 1552 489 1627 Revocai
511 1580 559 1623 me
576 1566 621 1631 (ιι
645 1568 765 1621 herne.
786 1566 853 1633 1111.
872 1566 957 1631 ren.)
985 1562 1024 1625 ad
1052 1561 1200 1625 theoriam
1222 1559 1342 1624 Martis.
1388 1556 1488 1643 Supra
1509 1556 1623 1623 multa.

262 1651 378 1734 Sequar
415 1658 446 1713 te
482 1659 595 1714 tamen.
641 1647 773 1713 Causam
808 1652 889 1731 petis
926 1651 1129 1731 prohabilem,
1169 1670 1240 1725 cur,
1276 1656 1438 1731 postquam
1472 1646 1624 1711 constitui

262 1739 443 1822 acreuyehia
474 1738 634 1803 eenentrici
662 1740 730 1802 loca
758 1760 813 1821 per
846 1748 960 1803 certam
999 1740 1271 1815 ecceutricitatem,
1305 1738 1344 1800 ab
1381 1758 1419 1800 ea
1446 1744 1556 1817 postea
1584 1736 1623 1801 in

262 1829 440 1913 quaerendis
471 1826 678 1909 parallaxihns
707 1828 820 1911 aliquid
853 1831 994 1893 demam?
1034 1830 1237 1910 Respondeo:
1270 1828 1376 1891 vitium
1399 1846 1486 1890 omne
1509 1846 1547 1893 ue
1571 1826 1623 1891 sic

261 1920 380 2002 quidem
407 1918 515 1994 abest,
549 1937 616 1981 eum
644 1926 735 1981 aucta
758 1928 826 1983 utar
849 1919 1093 1996 eceentrioitate,
1124 1938 1180 1983 ιιι
1207 1918 1297 1999 plane
1320 1918 1393 1986 ,loca
1420 1918 1459 1979 ad
1486 1935 1622 1996 unguem

260 2009 345 2073 reddi
382 2015 525 2089 possunt,
565 2006 591 2069 si
624 2007 700 2070 libet
731 2008 946 2089 derelictores:
990 2009 1044 2072 sed
1081 2016 1165 2071 esset
1200 2008 1343 2072 utendum
1378 2006 1467 2087 justa
1505 2025 1622 2069 eccen÷

259 2099 410 2173 trinitate,
446 2098 502 2159 sed
537 2115 592 2176 per
627 2098 832 2177 operationem
861 2098 945 2180 plani
981 2098 1130 2179 ellipoidis
1157 2118 1212 2159 seo
1246 2095 1433 2177 metopoidis.
1483 2096 1530 2159 At
1559 2113 1622 2175 per

260 2187 403 2251 vinariam
432 2194 465 2249 ιι
501 2195 620 2249 anetam
657 2188 912 2251 eccentricitatem
948 2187 1188 2268 compendiosius
1218 2193 1251 2248 et
1281 2186 1363 2249 intra
1396 2204 1504 2249 seusus
1536 2186 1619 2248 sub-
1712 2220 1719 2230 ·

263 2276 408 2341 tilitatem
431 2275 633 2338 descenditur.
678 2277 895 2359 Aequipollent
918 2276 996 2339 enim
1025 2277 1189 2341 seeundum
1216 2274 1313 2356 magis
1336 2282 1369 2337 et
1389 2274 1487 2349 minus
1510 2274 1621 2338 variae

261 2364 458 2450 hypotheses.
504 2364 653 2439 Primum,
677 2365 703 2427 si
727 2367 821 2429 otan'e
849 2366 1068 2445 immanissime
1095 2365 1335 2441 eecentricitate,
1368 2360 1593 2427 nihilominus'
1581 2384 1621 2429 ur

261 2472 400 2539 apogaeo
425 2461 457 2515 et
478 2454 620 2535 perigaeo
644 2412 712 2520 ioca
734 2464 905 2547 aeqpeutur,
931 2439 1089 2518 dnmmodo
1109 2454 1235 2557 apogaei
1259 2455 1342 2517 locus
1366 2461 1398 2515 et
1417 2451 1619 2535 revolutionis

260 2554 381 2626 tempus
412 2560 514 2605 verum
546 2542 699 2607 habeatur.
746 2545 879 2627 Reliqua
907 2546 982 2607 loca
1006 2546 1108 2607 omnia
1137 2544 1246 2608 vitiose
1276 2540 1449 2623 prodibunt
1495 2542 1619 2609 Deinde

257 2654 313 2717 per
335 2630 592 2696 scceotrieitatem
615 2634 741 2697 totalem
765 2643 892 2717 quatuor
915 2612 1014 2699 loesi
1004 2654 1035 2697 ιι
1057 2652 1211 2714 apogaeo,
1241 2633 1402 2713 perigaeo,
1426 2630 1621 2695 intermediis

260 2723 430 2788 constitues
460 2740 545 2797 vere,
579 2721 676 2786 deerit
708 2724 819 2806 aliquid
849 2725 925 2788 locis
955 2724 1064 2787 ceteris
1092 2723 1245 2787 omuibus.
1277 2722 1322 2786 sio
1349 2730 1451 2784 tamen
1473 2729 1508 2784 ut
1538 2714 1621 2786 nihil

258 2807 397 2893 impediti
420 2811 533 2876 fuerint
555 2820 674 2876 veteres
698 2813 755 2876 hoc
780 2814 887 2894 exiguo
911 2813 1062 2876 defectu
1053 2833 1083 2888 ιι
1100 2814 1205 2878 Lunae
1227 2812 1359 2878 motibus
1382 2810 1617 2899 investigandis.

258 2904 294 2967 Iu
319 2910 345 2974 0¹
368 2899 468 2964 adhue
489 2898 589 2980 major
612 2903 823 2968 eeceutrioitas
847 2902 929 2966 Solis
957 2921 1101 2984 magnum
1120 2904 1151 2966 ιι
1180 2900 1352 2965 octantibus
1376 2900 1451 2964 iacit
1473 2920 1621 2966 errorem.

379 3061 385 3074 ,
579 2989 659 3055 Nam
688 2992 714 3054 si
736 2993 795 3056 BA
824 2999 914 3056 tanta
945 2992 1173 3063 ecoeutricitas;
1204 2999 1348 3074 quautam
1377 2989 1503 3070 requirit
1523 2987 1619 3055 BDA

358 3061 420 3164 ἧι
435 3057 478 3110 ²¹·
580 3081 707 3162 angulus
732 3082 920 3163 aequationis
943 3080 1107 3158 maximae,
1136 3090 1207 3145 tnnc
1230 3081 1256 3144 si
1278 3077 1347 3156 BG,
1370 3077 1428 3144 BD
1452 3078 1515 3151 sint
1534 3079 1618 3143 radii

526 3213 544 3262 α
579 3177 611 3232 et
625 3168 710 3234 GBG
729 3171 858 3254 simplex
872 3173 1033 3248 anomalia,
1057 3131 1212 3234 caditAG
1235 3190 1328 3234 numus
1338 3188 1368 3232 ιι
1384 3169 1615 3250 consequentia,

579 3260 698 3324 etiamsi
721 3259 793 3337 AG,
816 3261 877 3324 AD
901 3262 1029 3324 officinm
1062 3262 1186 3324 iaciant.
1231 3261 1276 3324 Ut
1304 3277 1377 3340 ergo
1405 3266 1438 3322 ct
1459 3257 1517 3324 AG
1540 3259 1614 3340 plus

408 3422 413 3435 x
577 3349 608 3412 iu
623 3351 835 3414 antecedentia
849 3352 1014 3414 seeundum
1033 3351 1212 3430 requisitum
1228 3349 1500 3412 observationum
1491 3347 1614 3411 mueni-

433 3488 438 3499 .
553 3447 655 3519 satur,
680 3447 799 3520 oportet
822 3440 929 3502 ducere
944 3441 1000 3504 AF
1014 3448 1046 3503 et
1064 3448 1164 3503 ιιιιιι
1186 3453 1308 3502 manere
1324 3435 1408 3500 GBG
1427 3437 1615 3517 anomalia-m

578 3528 743 3607 simplicem
767 3545 820 3590 eeu
847 3547 1018 3592 mensuram
1046 3528 1258 3609 aequalitatis3
1294 3545 1366 3608 ergo
1389 3526 1432 3590 sit
1458 3527 1554 3592 sectio
1577 3528 1612 3590 in

576 3617 611 3686 F,
636 3635 727 3696 quare
752 3618 802 3678 FB
826 3617 922 3680 minor
952 3637 1041 3720 qoam
1066 3617 1134 3688 CB,
1165 3618 1207 3681 sit
1237 3634 1309 3697 ergo
1340 3617 1443 3695 aliqua
1472 3617 1612 3699 aequalis

399 3697 401 3706 '
509 3710 528 3793 ’,ᾗ
577 3701 630 3766 OB
653 3705 703 3766 vel
727 3703 780 3770 DB
815 3705 918 3778 radio,
955 3707 997 3768 sit
1017 3707 1088 3785 Fls,
1131 3707 1174 3770 sic
1205 3714 1239 3770 ut
1260 3706 1332 3780 Fa,
1369 3705 1465 3768 EB'
1452 3725 1517 3788 Jam
1545 3708 1614 3772 sint
1673 3717 1687 3728 “

575 3794 882 3874 aequalea.1taqne
915 3804 983 3858 ecto
1016 3795 1126 3859 locis
1117 3816 1149 3857 ιι
1180 3792 1316 3863 ordinem
1346 3787 1480 3858 redactis
1508 3803 1608 3878 patet,

503 3885 520 3931 1
575 3882 788 3964 qualiscunque
816 3883 992 3966 hypothesis
1020 3904 1093 3947 vera
1116 3885 1171 3955 sit,
1201 3886 1276 3947 haec
1300 3895 1401 3947 tamen
1429 3885 1611 3989 hypothesis

574 3992 633 4034 ona
657 3971 784 4036 officium
808 3973 895 4047 feeit,
920 3975 978 4038 etsi
1004 3975 1138 4038 nonnihil
1166 3975 1367 4044 reclamarent
1388 3974 1506 4052 adhue,
1529 3995 1610 4081 quae

255 4059 341 4124 inter
365 4060 421 4124 Gr
448 4069 480 4124 et
517 4080 593 4144 quae
629 4061 708 4124 inter
744 4063 812 4137 ΕΙ),
849 4062 875 4124 si
912 4064 1007 4144 major
1043 4073 1127 4126 esset
1158 4063 1377 4128 eecentricitas.
1428 4065 1474 4126 At
1509 4073 1544 4128 ut
1575 4066 1637 4128 in-

238 4149 329 4215 ⁴Sole
353 4150 450 4214 loeus
462 4149 497 4226 G,
522 4152 656 4216 referens
685 4160 810 4232 quatuor
839 4152 907 4216 lnce
928 4173 967 4215 ex
989 4155 1118 4233 simplici
1138 4155 1198 4218 BA
1226 4153 1463 4229 eccentrieitate,
1486 4150 1608 4218 nonnisi

257 4233 332 4324 1¹l,
356 4240 512 4317 reclamat,
537 4241 582 4304 ita
600 4241 666 4320 jam
690 4241 720 4303 in
734 4243 834 4306 Marte
859 4243 990 4306 sedecim
1013 4245 1080 4308 loca
1103 4243 1280 4307 intermedie
1301 4242 1398 4306 miuus
1420 4243 1605 4307 reclamant:
1648 4237 1655 4244 ⁷
1699 4319 1703 4322 ⁴

254 4329 391 4410 quamvis
420 4350 475 4392 uec
507 4330 590 4410 prius
614 4329 712 4405 Solis,
743 4352 797 4394 ιιι
829 4333 895 4412 jam
922 4333 1033 4399 Martis
1069 4332 1244 4417 hypothesis
1273 4351 1346 4402 vera
1374 4332 1424 4396 sit.
1471 4331 1522 4396 Sit
1538 4334 1608 4418 jam

249 4427 321 4496 (rig.
346 4425 392 4490 ιι)
417 4419 535 4484 INKO
568 4419 721 4501 periectos
754 4421 882 4484 circulus
905 4422 1017 4485 Martis
1048 4432 1081 4485 et
1107 4424 1163 4486 ΗΡ
1190 4442 1263 4484 vera
1295 4421 1515 4494 eccentricitas.
1560 4423 1607 4486 m

253 4509 334 4592 quia
347 4529 385 4572 ex
408 4509 507 4572 causis
530 4509 663 4591 physicis
686 4509 731 4572 ΠΙ
754 4518 804 4572 ιιι
827 4511 944 4590 longior
966 4531 1055 4592 qoam
1077 4512 1134 4586 ΡΙ,
1159 4511 1265 4574 tardus
1292 4507 1386 4591 igitur
1408 4521 1457 4576 est
1478 4510 1605 4596 planeta

253 4601 283 4663 in
306 4599 323 4662 I
346 4606 428 4662 motu
452 4599 532 4662 eirca
547 4596 665 4672 Solem3
690 4599 855 4681 aequa'hilis
880 4609 951 4663 vero
975 4609 1024 4666 est
1037 4610 1136 4666 motus
1158 4601 1189 4664 in
1205 4601 1348 4683 epicyclo,
1372 4620 1429 4682 quo
1448 4607 1604 4666 aceessum
1628 4661 1632 4668 .

253 4687 293 4754 ad
316 4687 419 4752 Solem
442 4687 562 4750 conficit
589 4689 672 4768 (quia
699 4688 749 4752 ille
773 4708 811 4752 ex
830 4688 907 4752 Sole
935 4691 1050 4754 alienus
1073 4691 1175 4755 ethic
1200 4692 1338 4771 proprius
1360 4700 1424 4765 est,
1455 4691 1505 4755 ille
1530 4712 1549 4753 a
1570 4693 1603 4757 vi

251 4797 306 4862 per
329 4779 460 4858 spatium
488 4785 615 4842 extensa
642 4779 738 4858 magis
766 4779 921 4860 magisque
950 4788 1123 4856 attenuata,
1155 4779 1205 4844 hic
1227 4780 1312 4842 nutui
1342 4779 1468 4844 similior
1489 4780 1626 4854 nullam'

252 4868 376 4952 capiens
399 4867 597 4936 intensionem
621 4887 714 4932 causa
737 4869 843 4949 spatii,
867 4869 939 4953 quia
960 4869 1081 4952 inipso
1108 4871 1234 4951 planeta
1260 4875 1410 4954 semper),
1434 4873 1605 4952 praeemrit
