3517 5525
284 417 349 492 389
461 441 464 444 ’
764 426 804 478 Da
820 425 932 480 Motibus
950 423 1044 478 Stellae
1061 423 1152 478 Martis

280 605 433 687 longiores
462 611 549 668 erant
577 605 609 668 iu
630 605 738 668 mediis
761 605 1015 688 longitudinibus,
1046 625 1136 688 quam
1159 605 1354 668 observatae:
1386 603 1435 668 Iric
1458 603 1633 680 distantiae,

281 715 357 776 quas
380 695 555 778 hypothesis
578 695 632 756 illa
655 696 758 772 efficit,
782 716 858 777 quae
883 697 999 758 ovalem
1023 697 1164 776 planetae
1188 695 1317 757 orbitam
1340 695 1451 770 efficit,
1479 693 1635 758 breviores

281 785 364 846 hunt.
417 785 500 864 Er'go
530 792 631 865 patet,
661 785 741 848 viam
767 787 908 866 planetae
937 805 1032 867 neque
1062 785 1205 848 circulum
1237 804 1321 859 esse,
1352 803 1447 866 neque
1476 791 1635 847 tantuma

281 874 392 936 circulo
414 871 530 953 ingredi
554 873 592 935 ad
616 875 723 946 latera,
745 883 890 956 quantum
913 875 1011 938 ovalis
1034 874 1166 948 illa‚·er
1189 892 1254 954 cap.
1279 871 1379 936 XLV.
1406 873 1543 954 opinione
1568 880 1635 936 orta

281 972 315 1024 ct
335 983 401 1044 cap.
424 962 541 1026 XLVI.
566 963 727 1044 descripta,
750 964 926 1045 ingreditur,
952 965 1005 1028 sed
1028 965 1128 1026 media
1149 963 1288 1025 incedere
1314 963 1373 1024 via.
1424 963 1466 1026 Ει
1488 961 1634 1038 vicissim,

280 1053 435 1133 usurpatis
459 1051 614 1114 distantiis
637 1072 704 1134 cap.
728 1055 829 1127 XLV,
853 1055 879 1115 si
904 1054 1123 1133 computaveris
1147 1053 1215 1114 loca
1231 1047 1304 1114 visa‘
1313 1051 1433 1128 Martis,
1457 1050 1635 1131 praesertim

278 1141 343 1214 illa,
366 1160 442 1223 quae
466 1161 531 1222 cap.
556 1140 640 1205 LIII.
665 1143 780 1205 eminus
803 1142 1024 1222 oppositionem
1047 1142 1260 1216 circumstant,
1292 1141 1381 1210 cadet
1402 1139 1458 1204 tibi
1481 1147 1552 1203 ante
1576 1160 1633 1220 op-

278 1231 458 1312 positionem
479 1232 603 1311 planeta
625 1227 715 1293 nimis
737 1233 768 1292 in
791 1233 1014 1314 consequentia,
1038 1238 1109 1312 post
1136 1229 1356 1312 oppositionem
1377 1231 1467 1292 nimis
1490 1229 1520 1292 in
1544 1237 1634 1293 ante·

279 1320 426 1383 cedentia.
481 1321 583 1400 Atque
613 1321 645 1382 id
676 1341 753 1384 anuo
789 1319 872 1385 1589
907 1329 938 1384 et
972 1319 1088 1385 1591
1079 1341 1110 1382 ιιι
1134 1319 1335 1382 descendente
1359 1319 1567 1394 semicirculo,
1602 1326 1635 1382 ct

280 1429 359 1472 anno
386 1405 479 1485 1582,
506 1406 620 1473 1595”
612 1431 643 1471 ιιι
666 1411 863 1485 ascendente,
893 1418 943 1472 est
965 1409 1230 1472 evidentissimum.
1277 1406 1357 1472 Nam
1380 1408 1422 1471 ihi
1445 1408 1504 1471 loci
1527 1414 1635 1490 peccat

279 1498 378 1561 cvalis
400 1499 462 1561 ista
483 1516 550 1579 cap.
574 1499 675 1563 XLV
701 1495 766 1562 660
779 1500 961 1602 particulis'
952 1521 982 1562 ιιι
997 1499 1128 1574 deiectu,
1150 1505 1184 1560 ιιι
1197 1498 1327 1562 circulus
1340 1499 1494 1578 perfectus
1507 1498 1635 1560 totidem

277 1587 416 1668 peccat'
406 1608 438 1649 ιιι
462 1607 612 1655 excessu:
630 1607 705 1670 qnae
729 1597 855 1669 possunt
876 1589 909 1650 in
932 1590 1109 1670 apparentia
1132 1589 1251 1650 efficere
1269 1583 1322 1649 20
1346 1587 1528 1668 etamplius.
1566 1586 1634 1648 Ita-

180 1716 183 1722 ·
279 1697 336 1759 que
363 1686 395 1740 et
412 1676 515 1740 David
536 1677 692 1740 Fabricius
721 1697 759 1738 ex
787 1679 850 1740 suis
878 1678 1048 1741 observatis
1079 1677 1259 1759 hypothesin
1281 1693 1379 1738 meam
1402 1675 1512 1756 capitis
1534 1675 1634 1749 XLV,

281 1785 369 1847 quam
392 1766 452 1846 ipsi
474 1784 529 1845 pro
552 1785 625 1828 vera
647 1768 945 1843 communicaveram,
971 1766 1081 1828 erroris
1104 1767 1203 1846 hujus,
1227 1765 1316 1826 nimis
1339 1763 1635 1827 cumarum-distan-

281 1853 392 1917 tiarum
414 1857 445 1917 in
467 1855 577 1917 mediis
599 1855 853 1935 longitudinibus,
880 1874 1043 1938 coarguere
1066 1858 1182 1936 potuit,
1207 1873 1241 1918 eo
1265 1853 1332 1934 ipso
1356 1862 1490 1935 tempore
1514 1853 1636 1933 scriptis

172 1986 178 1996 ‚
211 1989 216 1999 .
278 1943 395 2020 literis,
430 1963 488 2025 qno
521 1962 590 2023 ego
623 1944 654 2006 iu
685 1945 861 2024 inquirenda
892 1965 965 2008 vera
1002 1944 1178 2027 hypothesi,
1210 1943 1342 2024 repetita
1369 1963 1457 2018 cura,
1490 1941 1635 2005 laboravi.

278 2033 366 2096 Adeo
399 2051 504 2114 parum
535 2033 648 2108 abfuit,
683 2035 752 2116 quin
785 2034 837 2096 ille
867 2055 915 2097 me
938 2035 969 2096 in
992 2034 1243 2114 deprehendenda
1265 2033 1394 2094 veritate
1417 2037 1635 2115 praeverteret.

278 2126 376 2195 (comp.
407 2141 432 2191 l·
453 2126 509 2189 95),
558 2122 691 2206 Cumque
722 2124 873 2202 perfectus
898 2125 1027 2188 circulus
1051 2124 1229 2186 tantundem
1251 2131 1357 2202 peccet
1386 2122 1415 2184 iu
1444 2121 1635 2197 contrarium,

277 2209 349 2276 hinc
372 2218 615 2290 argumentamur
638 2221 739 2286 recte,
764 2214 922 2275 veritatem
947 2233 1017 2274 esse
1037 2213 1069 2276 in
1091 2213 1245 2293 utriusque
1267 2211 1376 2274 medio.

369 2301 471 2381 Atque
513 2299 593 2362 idem
625 2301 717 2363 etiam
747 2302 895 2383 capitibus
927 2303 1043 2365 XLIX.
1076 2304 1112 2365 L.
1145 2301 1337 2366 testabantur
1369 2298 1566 2381 aequatiuues
1598 2317 1637 2360 ex

278 2388 379 2452 causis
410 2388 544 2472 physicis
576 2398 783 2471 computatae3
827 2391 960 2459 lunulam
991 2411 1113 2472 nempe,
1143 2411 1219 2472 quae
1247 2389 1423 2471 aperiecto
1447 2387 1635 2452 semicirculo

278 2486 451 2552 resecatur,
483 2478 591 2541 debere
630 2480 740 2542 saltem
770 2479 923 2542 dimidiam
950 2481 1063 2544 habere
1086 2481 1277 2543 latitudinem
1301 2480 1383 2559 ejus,
1422 2497 1512 2561 quam
1534 2475 1634 2559 opinio

279 2585 346 2646 cap.
368 2566 468 2629 XLV.
493 2576 619 2631 resecat
665 2569 773 2650 Itaque
795 2570 870 2631 nihil
893 2590 948 2632 nos
972 2569 1110 2650 impedit,
1135 2569 1205 2651 quin
1228 2588 1291 2631 rem
1314 2568 1483 2632 certissime
1507 2567 1634 2630 demon-

280 2662 409 2719 stratam
432 2675 501 2718 esse
524 2658 677 2720 dicamus:
702 2657 872 2739 opinionem
892 2659 1009 2724 scilicet
1037 2678 1103 2740 cap.
1127 2659 1228 2732 XLV,
1253 2659 1324 2723 dum
1346 2655 1485 2720 excessui
1507 2655 1635 2737 perfecti

279 2745 383 2808 circuli
406 2745 596 2823 medetur,
588 2768 619 2809 ιιι
642 2748 824 2811 contrarium
846 2749 997 2813 delectum
1020 2749 1160 2811 incidere.
1211 2748 1317 2831 Itaque
1355 2766 1464 2811 causae
1491 2744 1634 2845 physicas

279 2853 346 2915 cap.
372 2834 503 2899 vass
495 2856 526 2899 ιιι
546 2838 645 2899 fumos
669 2837 789 2901 abeunt.

860 3068 1044 3078 ..-——----

829 3247 950 3346 Caput
985 3244 1079 3320 LVI.

281 3408 525 3472 Demonstratio
553 3408 883 3472 concrepationibus
914 3416 988 3471 onte
1016 3408 1144 3489 ροιίιίι,
1178 3403 1348 3469 ἆίιιαιιιίαε
1369 3402 1491 3468 Martia
1511 3424 1533 3468 o
1556 3405 1632 3470 Sole

548 3496 759 3559 decernendos
779 3516 847 3605 ease
869 3498 964 3579 quoni
986 3498 1035 3561 eto*
1049 3496 1202 3560 discreto
1225 3492 1367 3578 epinycla’.
1416 3573 1422 3588 Ι

366 3637 494 3715 quenta
525 3636 576 3697 est
607 3655 698 3718 snpra
729 3658 794 3718 cap.
817 3638 934 3701 XLVI.
958 3636 1086 3700 latitudo
1109 3637 1247 3712 lunulae,
1286 3656 1375 3718 quam
1404 3636 1523 3718 peperit
1545 3636 1633 3701 nobis
1701 3650 1702 3653 ’

281 3723 380 3808 opinio
418 3746 486 3807 cap.
519 3725 625 3803 XLV,
663 3728 822 3809 docuitque
858 3729 1055 3791 resecandam
1092 3726 1339 3801 asemicirculo;
1377 3726 1469 3802 haec,
1502 3724 1632 3807 inquam,
1696 3770 1699 3779 ,

279 3819 402 3882 inventa
438 3824 487 3878 est
521 3814 652 3894 partium
689 3812 771 3893 858,
828 3819 965 3899 qualium
1002 3816 1105 3878 circuli
1141 3811 1361 3879 semidiamctcr
1403 3824 1451 3877 est
1494 3811 1632 3882 100000

234 3912 238 3925 ’
280 3884 357 3975 ilum
378 3906 472 3985 igitur
494 3904 611 3969 duobus
632 3907 829 3992 argumentis,
852 3926 928 3998 quae
952 3926 1016 3985 cap.
1041 3906 1158 3970 XLIX.
1182 3906 1219 3967 L.
1244 3914 1276 3967 et
1297 3905 1365 3968 LV.
1391 3902 1551 3984 praemisi,
1574 3924 1632 3967 non

279 3995 406 4059 obscure
429 3995 618 4076 colligerem,
642 3994 760 4056 lunulae
783 3995 866 4059 illius
890 3995 1080 4059 latitudinem
1103 3994 1258 4056 dimidiam
1277 4001 1394 4056 tantum
1410 3995 1631 4069 assumendam,

281 4083 399 4146 scilicet
419 4079 494 4160 429,
519 4082 682 4147 correctius
705 4078 780 4159 432,
805 4093 836 4147 ct
858 4070 889 4148 in
912 4085 1106 4159 dimensione,
1130 4084 1261 4165 qualium
1285 4082 1509 4148 semidiameter
1522 4082 1631 4145 Martis

131 4152 135 4160 ¹
179 4205 186 4218 .
280 4180 329 4237 est
354 4168 500 4247 152350,
521 4172 598 4235 fere
622 4167 701 4235 660:
735 4175 821 4253 coepi
853 4176 891 4236 de
924 4175 1023 4237 causis
1047 4180 1079 4234 et
1100 4172 1189 4237 modo
1191 4172 1364 4266 cogitare,
1399 4171 1505 4253 quibus
1528 4178 1631 4259 tantae

281 4256 451 4328 latitudiuis
469 4262 577 4326 lunula
599 4262 784 4325 rescinderet
771 4272 855 4327 t.·ur

369 4348 475 4421 Qua
467 4372 497 4413 ru
527 4351 710 4433 cogitatione
739 4353 810 4415 dum
840 4370 946 4415 versor
969 4350 1073 4425 anxie,
1106 4348 1175 4413 dum
1197 4356 1302 4430 reputo
1325 4368 1391 4430 cap.
1415 4346 1516 4414 XLV.
1541 4311 1630 4430 plebe

279 4439 356 4505 nihil
385 4437 498 4502 dictum
526 4459 609 4517 esse,
642 4444 811 4522 itaqnet
765 4444 811 4505 fut
811 4443 885 4503 ilem
904 4440 997 4503 fnisse
1019 4458 1119 4506 meum
1141 4440 1177 4509 de
1201 4440 1300 4502 Marte
1322 4440 1522 4521 triumphum,
1550 4440 1628 4502 forte

281 4528 406 4594 fortuito
437 4528 576 4591 incido
568 4551 599 4595 ιιι
626 4540 780 4594 secantem
809 4530 911 4611 anguli
940 4526 978 4594 5ο
1010 4527 1078 4605 181,
1107 4548 1183 4611 qnae
1207 4538 1255 4593 est
1275 4549 1418 4594 mensura
1441 4526 1630 4610 aequationis

282 4620 400 4703 optione
423 4618 580 4681 maximae.
620 4620 725 4704 ¹Quem
748 4637 812 4683 cum
835 4621 968 4683 viderem
992 4638 1059 4681 esse
1085 4614 1224 4693 100429,
1247 4618 1295 4679 hic
1319 4619 1404 4700 quasi
1422 4638 1438 4679 e
1453 4636 1556 4680 somno
1574 4635 1630 4679 ex·
1680 4701 1682 4705 Ι

282 4709 484 4791 pergeiactus,
507 4716 539 4779 ct
560 4728 669 4771 novam
692 4710 788 4771 lucem
811 4708 945 4784 intuitus,
970 4710 1014 4771 sic
1037 4708 1123 4788 coepi
1144 4708 1327 4771 ratiocinari.
1375 4708 1411 4770 Iu
1432 4707 1630 4787 longitudini-

282 4800 339 4862 bus
360 4796 467 4862 mediis
501 4798 688 4878 aequationis
717 4816 789 4878 pars
817 4798 921 4878 optica'
946 4800 980 4859 lit
1007 4797 1146 4860 maxima.
1182 4798 1227 4860 ‘In
1257 4795 1493 4877 longitudinibus
1521 4794 1629 4861 mediis

282 4886 384 4951 lunula
407 4905 462 4951 seu
484 4885 611 4949 curtatis
633 4886 843 4949 distantiarum
866 4894 914 4949 est
935 4886 1082 4961 maxima,
1107 4894 1211 4968 estque
1234 4893 1329 4960 tanta,
1354 4894 1483 4968 quantus
1506 4892 1555 4948 est
1573 4903 1628 4947 ex-

284 4994 388 5042 cessus
410 4976 544 5043 secantis
567 4976 754 5058 aequationis
778 4975 896 5056 optione
919 4974 1067 5038 maximae
1094 4972 1220 5041 100429
1244 4994 1335 5057 supra
1356 4975 1472 5038 radium
1489 4970 1627 5039 100000.
