3517 5525
362 598 439 654 Unde
459 596 561 671 globos
581 604 687 671 septem
707 605 841 671 septem
861 618 900 654 ex
921 597 1014 655 ordine
1034 606 1148 665 manus,

414 680 590 751 Octavusque
610 680 717 737 animus
737 683 771 736 de
790 687 873 752 patre
893 680 966 746 Sole,
987 681 1107 735 vehunt:

362 761 665 833 Innumerabilibusque
685 768 770 817 vacat
787 768 891 818 nmura
910 760 1022 827 volutis,

411 840 451 895 Et
469 849 589 913 pereunt
608 843 712 909 novies,
732 845 766 896 de
786 858 884 915 grege,
906 842 1024 915 quinque
1044 840 1106 898 Dei.

360 921 441 977 reue
461 922 557 992 'lycho
577 922 654 977 denis
674 922 817 986 rationem,
838 922 908 977 falle
928 922 1056 978 minutis:

415 1000 503 1067 Quae,
523 1001 577 1057 nisi
597 1003 647 1067 lh,
669 1008 795 1058 numeret
813 1019 909 1066 nemo;
931 1019 967 1057 ea
986 1011 1086 1060 cuneta
1105 1011 1194 1061 ruent.

362 1082 385 1137 O
407 1098 488 1137 curas
507 1082 654 1148 homiuum,
675 1101 693 1137 c
713 1089 844 1156 wantum
864 1089 909 1139 est
929 1082 957 1136 iu
976 1085 1058 1139 rebus
1080 1084 1178 1141 inane!

415 1162 557 1228 Quondam
577 1180 633 1219 non
652 1162 711 1219 alia
730 1162 754 1218 si
774 1162 830 1219 itur
851 1164 887 1218 ad
907 1170 987 1219 astru
1007 1164 1059 1221 via.

310 1328 467 1417 mdccc
488 1332 691 1417 epicaenum·
705 1330 745 1393 de
766 1330 885 1395 studiis
908 1329 1071 1417 'Pythonis
1092 1330 1226 1395 Bruta.
1266 1418 1268 1425 Ι

360 1454 490 1511 lixarum
510 1456 606 1529 'lycho
626 1455 772 1527 descripsit
790 1456 916 1529 Solisque
937 1462 1060 1521 meatus;

412 1536 511 1593 Lunae
530 1536 693 1593 curriculum
709 1536 816 1607 junxit,
836 1545 867 1591 et
886 1538 1021 1593 occubuit

360 1616 503 1673 Luciferae
522 1616 669 1673 Phaethon
689 1618 765 1672 dolet
785 1618 941 1673 ascendisse
962 1616 1127 1689 quadrigam

414 1698 461 1753 Nil
482 1699 575 1753 nocuit
594 1699 692 1753 sollers
712 1699 784 1753 haec
803 1698 855 1753 tihi
874 1714 943 1753 cura
962 1697 1074 1770 Tycha:

361 1781 513 1834 Aeternum
531 1776 685 1850 Endymion
705 1777 798 1835 Trivia
817 1778 981 1834 obdormivit
1001 1786 1113 1841 amata;

413 1863 565 1915 Aeternum
584 1859 694 1917 Triviae
713 1865 743 1915 tc
763 1876 871 1932 quoque
893 1858 967 1931 sopit
986 1862 1079 1915 Amor.

704 2042 836 2053 -n-

615 2168 926 2243 Lectori

752 2289 786 2355 S.

184 2396 326 2461 Plunbus
348 2404 379 2459 te
403 2396 514 2478 ulloqui
547 2395 739 2460 decreveram
763 2398 920 2473 (Lector),
952 2398 1009 2461 nisi
1034 2404 1066 2461 at
1088 2397 1316 2479 occupationum
1338 2398 1445 2479 politi-

93 2506 198 2549 carum
221 2486 328 2562 moles,
352 2485 460 2568 quibus
479 2484 562 2549 hisce
585 2486 690 2549 diebus
712 2487 780 2568 plus
803 2488 893 2550 solito
917 2487 1062 2551 distineor
1082 2496 1114 2549 et
1127 2505 1344 2569 praeproperus
1359 2487 1445 2567 Kep-

93 2577 151 2639 leri
175 2575 284 2652 nostri
307 2575 365 2653 hqc
386 2576 454 2657 ipso
477 2584 628 2639 momento
648 2576 877 2640 francofurtum
897 2575 978 2654 ituri,
1003 2578 1155 2641 discessus
1175 2578 1226 2639 vix
1248 2577 1325 2639 hauc
1348 2595 1446 2657 quan-

95 2666 309 2747 tulamcunque
332 2664 404 2727 mihi
426 2664 578 2729 scribendi
601 2664 774 2747 reliquisset
802 2666 1001 2731 occasionem.
1047 2666 1155 2749 Itaque
1179 2666 1274 2729 tribus
1298 2666 1447 2729 duntaxat

93 2755 197 2818 verbis
220 2763 253 2818 te
276 2754 455 2820 monendum
479 2754 593 2826 censui,
616 2775 654 2818 ue
677 2763 709 2818 te
731 2765 855 2820 moveat
875 2755 1001 2839 Kepleri
1024 2755 1235 2840 ineliquibus,
1258 2755 1446 2836 potissimum

94 2864 167 2908 uero
183 2844 320 2928 physicis
343 2845 652 2924 argumentationibus
666 2866 686 2907 a
700 2845 821 2909 Braheo
844 2846 1053 2910 dissentientis
1068 2846 1203 2922 libertae,
1228 2844 1447 2909 Tabularum

93 2933 396 3016 Rudolphesrum
419 2931 512 3016 Operi
535 2934 732 3017 nequicquam
754 2936 989 3012 incommodatos,
1013 2944 1045 2998 et
1063 2935 1200 2998 omuibus
1224 2935 1292 2999 iude
1315 2934 1353 2997 ab
1375 2935 1446 2998 orbe
1557 2975 1563 2986 ·

91 3023 216 3086 condito
238 3022 430 3104 Philosophia
458 3023 625 3087 familiaris.
677 3022 819 3088 Ceterum
843 3045 881 3086 ex
905 3025 1003 3106 Opere
1026 3025 1092 3106 ipso
1116 3025 1271 3099 rescisces,
1296 3025 1393 3106 ipsum
1417 3025 1445 3085 in

92 3113 185 3177 iundo
207 3113 346 3190 Erebeis
360 3113 392 3176 id
414 3119 463 3175 est
486 3131 577 3194 super
602 3113 696 3192 ipsius
728 3114 920 3176 restitutione
950 3115 1075 3185 fixarum
1098 3122 1131 3176 et
1155 3113 1236 3176 Solis
1260 3113 1445 3188 aedificasse,

92 3201 314 3284 materiamque
338 3221 456 3264 omnem
472 3200 716 3275 (observationes
738 3201 892 3277 nimirum)
906 3202 1018 3266 Brahei
1033 3221 1125 3284 opera
1144 3204 1236 3266 fuisse
1260 3213 1445 3282 congestam.

92 3291 221 3356 iuterim
243 3292 302 3354 huc
325 3291 436 3371 insigni
457 3289 582 3372 Kepleri
605 3289 706 3373 Opere
736 3293 814 3354 iuter
837 3293 893 3354 hos
924 3291 1117 3354 rebellionum
1142 3300 1174 3353 et
1196 3292 1342 3354 bellorum
1371 3293 1445 3354 sub-

92 3381 163 3444 inde
186 3381 433 3461 repullulantium
455 3381 619 3458 tumultus,
650 3381 718 3443 dum
742 3400 790 3443 res
813 3381 949 3444 literaria
971 3380 1059 3461 Reip.
1084 3381 1278 3463 compatitur,
1301 3387 1445 3483 tququam

93 3469 278 3534 Tabularum
302 3479 333 3534 et
355 3478 428 3551 pest
450 3469 519 3532 illus
542 3469 797 3535 Observationum
827 3471 945 3534 tardius
968 3472 1023 3534 hoc
1054 3471 1172 3535 nomine
1195 3469 1226 3531 iu
1254 3469 1351 3532 lucem
1373 3488 1444 3550 pro-

92 3559 251 3623 deuntium
265 3559 430 3624 Prodromo
453 3559 572 3636 fruere;
595 3567 629 3622 et
647 3560 808 3625 alacriores
831 3561 1034 3642 inposterum
1057 3561 1156 3642 operis
1178 3567 1337 3638 untopsre
1361 3559 1445 3623 desi·

92 3649 195 3713 derati
219 3667 409 3731 progressus,
434 3657 466 3710 et
487 3656 627 3730 tempora
649 3650 803 3713 foeliciora
826 3670 846 3713 a
867 3651 933 3713 Deo
948 3649 1071 3732 Optimo
1089 3651 1174 3712 Max.
1197 3647 1351 3711 nobiscum
1368 3668 1446 3728 pre·
1476 3669 1484 3686 ·

92 3754 173 3802 caro.
1509 3768 1515 3778 ·

572 3828 769 3892 mamae
791 3828 939 3891 (lamuel
963 3825 1145 3910 wamel
1165 3828 1202 3889 io
1225 3826 1356 3908 Oampp.

687 3916 756 3979 ‘Sw
783 3915 841 3980 0⁸0
869 3917 936 3979 Mus
965 3914 1172 3978 Conciliarius.
1190 3912 1231 3989 ¹⁰)
