3517 5525
296 412 338 481 78
716 411 816 463 thsrso
834 408 935 477 Ksplorl
953 403 1103 478 odiorumque
1118 415 1221 463 munte

295 594 409 677 quales,
434 598 466 655 et
483 592 581 655 lineae
595 588 665 665 HG,
682 590 733 651 ΤΕ
747 590 801 653 luc.
827 590 978 670 aequales,
1001 588 1166 671 ubicunque
1182 585 1237 651 Sol
1252 589 1316 652 sive
1330 588 1426 650 Terra
1439 586 1470 650 iu
1493 604 1548 649 suo
1570 586 1642 650 orbo

296 683 428 747 consitat
451 683 539 761 longe
562 681 611 742 vel
634 696 738 760 prope.
784 678 863 741 Sunt
887 687 989 759 antem
1011 679 1079 754 HL,
1098 679 1150 741 'l'L
1170 680 1224 741 lue.
1249 697 1352 742 omues
1374 676 1549 757 parallelae,
1573 676 1645 757 quia

205 762 208 769 ’
294 792 461 856 apogaeum
483 768 697 832 insensibiliter
720 768 837 831 iute'rea
859 768 1005 849 procedit
1049 767 1156 850 Neque
1178 776 1296 831 tautum
1311 766 1382 843 GH,
1402 766 1519 830 Fuso.
1545 764 1643 829 lineae

290 864 418 943 aquales
442 866 543 936 eruut,
575 859 630 921 sed
657 856 746 920 etism
771 858 797 919 sl
820 875 857 919 ex
881 858 991 921 Martis
1014 857 1090 919 locis
1112 856 1142 919 iu
1167 857 1296 921 medium
1318 854 1401 920 Solis
1423 856 1522 919 locum
1545 854 1643 917 lineae

294 954 488 1031 ducerentur;
512 949 590 1030 quod
613 947 706 1022 addo,
739 966 777 1009 ue
802 946 857 1009 tibi
880 947 1081 1029 suspicionem
1104 955 1240 1021 moveat,
1272 944 1409 1029 quamvis
1431 945 1508 1006 baec
1530 944 1642 1007 mentio

294 1060 360 1103 meo
384 1039 525 1102 instituto
549 1057 607 1100 non
631 1037 672 1099 sit
694 1037 878 1099 necessaria.
926 1036 1029 1099 Tertio
1054 1056 1092 1099 ex
1121 1035 1236 1098 calculo
1259 1034 1410 1117 Tyohouis
1439 1033 1548 1096 dautur
1570 1053 1644 1096 vera

293 1130 361 1195 loca
384 1130 528 1193 linearum
550 1126 620 1203 ΑΗ,
643 1125 700 1189 AT
724 1127 788 1191 irc..
803 1127 858 1187 sub
882 1126 957 1201 fixis,
983 1146 1075 1207 quare
1098 1132 1131 1187 et
1153 1125 1256 1206 auguli
1277 1125 1378 1199 HAT,
1407 1124 1490 1186 TAE
1514 1124 1569 1185 duc.
1593 1124 1644 1187 vel
1758 1186 1759 1189 ,

294 1220 325 1283 in
356 1216 522 1299 Gopemioo
553 1220 659 1294 don,
679 1238 745 1293 ηαι
776 1216 829 1277 buc.
859 1221 1161 1289 (fipadcapmm
1215 1213 1332 1285 Quarto
1364 1232 1403 1275 ex
1431 1212 1643 1277 observatione

295 1310 405 1371 dautur
428 1305 596 1370 certissima
618 1306 685 1367 loca
708 1304 854 1367 linearum
874 1304 946 1379 AG,
965 1304 1021 1367 AF
1036 1306 1090 1367 luc.
1115 1304 1170 1366 sub
1193 1304 1261 1366 lixis
1284 1304 1322 1365 ad
1346 1301 1446 1365 omnia
1467 1303 1536 1365 loce
1549 1300 1642 1365 Solis.

294 1396 408 1470 Quinto
430 1400 464 1473 θ,
489 1418 515 1473 η,
540 1418 564 1470 s,
588 1391 675 1469 ivel
696 1395 735 1470 Η,
760 1395 796 1470 Τ,
819 1393 856 1471 Ε,
882 1394 905 1457 S
937 1392 1168 1476 praesupposita
1196 1400 1268 1455 sunt
1299 1412 1367 1455 esse
1401 1391 1584 1455 sensibiliter
1610 1393 1644 1455 in
1755 1457 1758 1465 ,

293 1506 351 1553 uno
375 1486 495 1549 circulo.
533 1483 635 1556 Quare
654 1483 701 1545 his
715 1485 803 1563 plane
823 1484 979 1558 assumtis,
1003 1502 1063 1547 uon
1077 1483 1210 1561 pluribus
1234 1500 1292 1545 nou
1306 1480 1642 1563 paucioribus,·ueces-

293 1577 385 1639 sitato
410 1572 587 1654 triangulari
611 1574 700 1635 datur
721 1573 875 1653 proportio
899 1572 1029 1636 omnium
1047 1572 1116 1647 ΑΗ,
1136 1572 1193 1637 AT
1206 1573 1259 1634 luc.
1283 1572 1323 1633 ad
1345 1569 1416 1646 HG,
1439 1570 1491 1633 ΤΡ
1513 1571 1567 1633 loc.
1605 1572 1645 1635 Id

294 1666 386 1728 etiam
408 1663 526 1727 tentavi
549 1662 647 1724 ductis
670 1663 761 1723 rectis
785 1682 823 1723 ex
846 1670 871 1733 d
895 1662 925 1725 iu
948 1662 1046 1724 locum
1068 1659 1150 1724 Solis
1174 1657 1319 1735 medium,
1344 1660 1508 1723 secundum
1531 1678 1643 1723 ecceu-

294 1755 461 1818 tricitatem
484 1748 581 1817 3600.
627 1750 707 1813 Nam
731 1752 870 1813 inventus
903 1760 952 1813 est
974 1752 1025 1813 ille
1048 1750 1163 1813 medius
1187 1749 1242 1813 Sol
1265 1748 1463 1832 inaequaliter
1486 1748 1599 1813 distare
1622 1771 1646 1811 a

296 1844 390 1909 Terra
412 1843 538 1923 ideoque
561 1859 619 1903 uon
642 1856 713 1903 vere
738 1860 805 1905 esse
829 1841 944 1903 medius
967 1838 1031 1905 Sol.

378 1932 472 1996 Porro
496 1949 534 1993 ex
557 1928 637 1991 datis
660 1929 894 2009 longitudinibus
908 1929 977 2006 ΑΗ,
993 1930 1050 1992 AT
1064 1930 1118 1992 bc.
1138 1928 1182 1991 sic
1197 1926 1403 1991 ordinaturum
1417 1926 1507 2007 plane
1530 1946 1642 1991 neces·

292 2021 372 2087 serio
396 2020 530 2102 sequitur
552 2027 637 2081 certa
660 2019 760 2101 aliqua
783 2020 994 2083 ecceutricitas
1026 2039 1120 2101 eaque
1147 2016 1232 2082 1800
1263 2016 1408 2098 pmxime,
1432 2016 1521 2096 plane
1543 2024 1578 2079 ut
1608 2025 1645 2079 et

294 2112 371 2177 ratio
394 2108 542 2173 naturalis
565 2108 682 2171 suadet.
729 2110 787 2171 Hie
810 2118 851 2193 te,
874 2109 1011 2185 Fabrici,
1042 2108 1136 2171 vimm
1157 2115 1283 2188 praesta
1306 2112 1338 2167 et
1360 2124 1419 2166 uon
1441 2105 1494 2168 illa
1517 2103 1643 2169 Christ-

291 2200 451 2265 mauniaua
467 2198 694 2279 argumentandi
715 2198 810 2260 lerina
823 2218 869 2261 me
887 2218 1041 2281 oppugnes
1055 2204 1146 2272 (comp.
1164 2205 1221 2255 vot
1234 2204 1268 2263 11,
1287 2218 1346 2271 pag.
1365 2199 1440 2270 431),
1464 2214 1532 2258 oum
1554 2196 1642 2276 prin.

292 2290 372 2371 cipia
393 2288 498 2351 videas
521 2288 559 2349 ob
582 2288 697 2363 oculos,
720 2288 827 2371 quibus
851 2284 1007 2351 dissolutis
1029 2296 1097 2349 ruet
1115 2288 1193 2367 quod
1208 2284 1465 2366 superaedificavi,
1488 2284 1642 2348 stantibus

220 2394 229 2411 ‘
290 2378 387 2443 stabit
418 2385 524 2440 contre
555 2394 656 2439 omues
680 2377 811 2440 Martiae
844 2378 1047 2460 hypotheseos
1079 2378 1204 2439 furores.
1250 2374 1330 2437 Nam
1352 2383 1386 2436 ut
1410 2374 1475 2454 jam
1505 2394 1645 2457 pergam,

293 2467 446 2531 stantibus
470 2466 518 2528 his
542 2464 696 2529 stabilitur
720 2487 779 2529 nun
801 2466 885 2531 locus
918 2466 1015 2529 lineae
1037 2464 1098 2528 HG
1127 2465 1182 2527 sub
1209 2465 1277 2527 lixis
1301 2463 1452 2545 (quamvis
1474 2463 1523 2527 hic
1547 2464 1644 2529 etiam

170 2582 171 2587 ¹
291 2579 330 2621 ex
352 2556 563 2619 observatione
586 2554 690 2617 haberi
712 2554 825 2635 possit,
854 2556 880 2619 si
903 2558 1001 2619 alters
1024 2554 1130 2617 erbis
1153 2552 1174 2617 l
1197 2552 1459 2617 observationibus
1481 2552 1523 2614 sit
1544 2552 1643 2633 dvpo÷
1735 2574 1739 2579 ’

289 2669 397 2729 scyros,
421 2644 471 2707 ubi
492 2645 577 2707 Mers
601 2644 718 2709 exuitur
740 2647 890 2725 perallaxi
913 2655 946 2707 et
968 2651 1125 2726 spectatur
1146 2645 1176 2706 iu
1200 2664 1254 2705 suo
1278 2663 1348 2705 vero
1372 2643 1437 2705 loco
1460 2642 1641 2719 ecceutrico,

289 2738 320 2801 iu
344 2754 401 2816 quo
426 2734 517 2798 etiam
540 2740 681 2815 est'post
704 2736 838 2815 integras
858 2736 1070 2809 revolutiones,
1095 2733 1260 2815 ubicunque
1284 2744 1347 2797 tum
1370 2731 1424 2796 Sol
1448 2732 1515 2808 sit),
1539 2732 1642 2795 stabi-

290 2827 362 2888 litur
385 2824 477 2886 ctiam
500 2826 652 2906 proportio
678 2823 737 2888 GH
761 2826 800 2886 ad
824 2845 1026 2906 quamcunque
1050 2844 1089 2885 ex
1109 2824 1193 2898 A(o)
1225 2825 1264 2886 ad
1287 2823 1402 2886 radium
1434 2823 1499 2903 ejus
1527 2820 1641 2898 circuli,

290 2915 320 2977 in
344 2933 401 2995 quo
425 2921 495 2977 sunt
518 2931 620 2976 omnes
634 2913 674 2989 H,
689 2914 725 2989 T,
740 2913 777 2987 Ε,
792 2913 815 2976 S
840 2916 888 2977 vel
911 2935 1013 2978 omnes
1031 2917 1066 2988 θ,
1079 2935 1107 2992 η,
1121 2936 1145 2985 a,
1161 2908 1185 2987 ζ.
1224 2911 1379 2976 Consimili
1393 2913 1482 2992 plane
1497 2911 1642 2976 methodo

292 3003 443 3068 iuvenitur
465 3003 571 3065 cadem
595 3003 741 3068 distentia
756 3011 782 3074 0¹
798 3001 849 3082 Θ,
873 3005 901 3068 si
916 3012 942 3075 d
956 3006 998 3067 sit
1016 3003 1096 3066 circe
1110 3022 1286 3083 apogaeum,
1310 3009 1341 3064 et
1355 3002 1380 3062 si
1396 3001 1438 3063 sit
1453 3001 1534 3064 circa
1556 3002 1642 3082 peri-

293 3111 401 3174 gseum
425 3099 456 3154 et
478 3092 505 3154 si
527 3091 607 3154 circa
630 3092 833 3172 longitudines
856 3096 982 3157 medias.
1017 3091 1249 3174 comparatione
1271 3092 1363 3174 igitur
1387 3090 1470 3153 fucta
1491 3091 1645 3154 iuvenitur

290 3179 360 3260 ΕΘ
386 3180 594 3246 ecceutricitas
618 3180 658 3244 et'
672 3181 733 3244 HG
756 3184 893 3264 longior,
917 3203 1006 3266 quam
1029 3190 1062 3245 ut
1085 3183 1133 3244 vel
1161 3182 1190 3245 iu
1212 3183 1269 3244 hoc
1292 3181 1341 3243 vel
1363 3181 1393 3242 iu
1417 3181 1513 3244 altero
1544 3180 1642 3244 semi-

290 3270 401 3336 circulo
423 3278 506 3336 stare
530 3271 637 3352 possit.
684 3273 770 3336 Unde
794 3274 937 3348 discitur,
961 3273 1077 3353 Martis
1102 3279 1215 3335 motum
1252 3291 1319 3333 esse
1351 3271 1476 3351 liguram
1510 3270 1641 3348 evalem,

290 3362 367 3444 quod
391 3379 508 3425 rursum
529 3359 661 3444 physicis
686 3361 850 3426 rationibus
875 3363 1008 3444 apprime
1033 3370 1266 3424 cousentaneum
1285 3368 1342 3423 est.
1380 3356 1482 3432 Quare
1496 3359 1523 3423 si
1538 3365 1643 3424 motus

173 3522 176 3528 ,
289 3449 455 3514 intenditur
470 3469 537 3511 cum
551 3451 838 3533 appropinquatione
853 3459 878 3522 d
893 3463 925 3513 et
940 3449 992 3529 Θ,
1014 3452 1119 3514 statim
1136 3449 1280 3532 sequitur,
1305 3457 1338 3512 ut
1355 3449 1501 3514 haetenus
1521 3450 1645 3531 quidem

289 3539 455 3621 geometria
477 3539 535 3601 fuit
557 3541 692 3614 exculta,
717 3547 743 3609 d
767 3540 864 3602 locum
889 3541 1086 3603 ecceutricum
1108 3538 1278 3618 computari
1300 3556 1358 3601 uon
1381 3557 1472 3618 posse
1495 3558 1643 3620 compen-

290 3629 384 3692 diose.
431 3625 593 3699 Quaeritur
616 3646 686 3708 ergo
709 3637 850 3708 puuctum
874 3629 955 3692 circa
976 3629 1012 3703 B,
1046 3629 1126 3693 circs
1155 3628 1234 3710 quod
1263 3629 1399 3708 quamvis
1431 3628 1643 3708 imaginarium

291 3717 425 3781 calculus
449 3716 658 3797 compendiose
681 3719 834 3797 procedat.
880 3719 917 3780 Id
940 3726 1042 3780 autem
1065 3736 1208 3800 quaerere
1231 3736 1356 3780 necesse
1379 3737 1440 3780 uon
1465 3726 1523 3780 est.
1569 3717 1644 3782 Jam

290 3805 369 3869 euim
391 3807 543 3868 inventum
567 3805 625 3875 det.
648 3825 716 3870 curu
738 3807 988 3896 acrouychisrum
1002 3806 1246 3871 observationum
1259 3807 1392 3872 calculus
1406 3827 1461 3888 per
1475 3816 1642 3889 quaternus

290 3895 517 3960 observationes
539 3894 755 3960 institueretur.

378 3984 459 4056 Quid
481 3984 540 4061 hic,
563 4003 685 4068 quaeso,
710 3985 819 4067 duplex
842 3985 923 4050 Solis
954 3985 1196 4049 ecceutricitas‘l·
1226 3985 1294 4067 Age
1325 3985 1479 4067 paciscere
1512 4004 1643 4063 mecum,

291 4084 375 4137 utere
399 4074 571 4156 Tychouica
604 4075 728 4155 antique
758 4076 919 4160 hypothesi
942 4075 1202 4158 acronycbiemm,
1235 4094 1311 4156 quae
1343 4077 1479 4138 omuibus
1502 4075 1577 4138 locis
1601 4077 1644 4140 sd

245 4180 253 4206 ‘
290 4161 322 4225 'l‘
354 4163 472 4226 circiter
503 4162 656 4226 satisfecit
688 4163 876 4228 dissimulato
908 4166 965 4227 hoc
997 4166 1155 4228 errorculo.
1201 4165 1316 4229 Postea
1346 4165 1518 4228 uterehsc
1541 4167 1642 4230 forma

291 4251 569 4328 demonstrationis,
594 4251 632 4314 ¹et
663 4253 703 4316 sit
734 4253 789 4316 tibi
812 4256 842 4317 H
865 4256 949 4318 locus
972 4253 1054 4317 Solis
1076 4256 1191 4317 medius
1215 4263 1247 4318 et
1268 4254 1356 4317 HAT
1378 4255 1426 4316 vel
1448 4259 1513 4333 dury
1536 4256 1643 4338 auguli

290 4360 329 4404 ex
356 4341 464 4406 mediis
498 4341 629 4404 motibus
659 4341 740 4406 Solis
772 4345 935 4425 prodeant,
968 4344 1103 4407 iuvenies
1126 4342 1315 4407 nihilominus
1338 4343 1408 4418 ΑΗ,
1431 4343 1489 4406 ΔΤ
1512 4345 1565 4408 dcc.
1589 4345 1641 4409 iu-

290 4431 433 4513 cequales
462 4439 494 4493 et
523 4433 779 4496 ecceutricitatem
814 4430 908 4505 1800,
942 4453 1009 4496 cum
1031 4435 1101 4496 illas
1123 4434 1284 4515 aequales,
1315 4433 1394 4496 haue
1426 4432 1539 4497 nullam
1570 4454 1642 4498 esse

291 4519 434 4582 decuerit.
481 4521 619 4583 Invenies
642 4519 711 4600 ΕΘ
737 4523 994 4586 ecceutricitatem
1017 4523 1176 4585 ecceutrici
1205 4523 1293 4601 louge
1322 4523 1414 4585 aliam
1442 4523 1580 4604 (saepius
1608 4533 1644 4590 et

290 4609 319 4672 iu
343 4607 426 4672 vario
452 4616 478 4680 cl
500 4607 570 4682 situ,
593 4611 623 4672 iu
647 4631 791 4694 apogseo,
815 4612 967 4693 perigteo,
990 4611 1225 4694 longitudinibus
1246 4611 1352 4676 mediis
1376 4613 1458 4674 exB
1480 4612 1641 4694 oppositis,

290 4700 403 4762 iterata
416 4707 482 4762 tote
495 4699 680 4780 pragmatio.)
696 4721 784 4783 quam
797 4701 954 4765 habiturus
965 4723 1005 4764 es
1019 4703 1047 4764 in
1063 4700 1223 4786 hypothesi
1235 4702 1491 4784 acrouychiarum‚
1505 4702 1642 4768 iuvenies
1691 4777 1694 4780 ,

290 4791 366 4852 duas
399 4797 425 4860 0¹
457 4810 477 4850 e
498 4789 525 4852 B
549 4789 712 4853 distantias
736 4792 765 4852 iu
788 4789 895 4854 mediis
918 4791 1152 4873 longitudinibus
1176 4790 1340 4872 oppositis,
1373 4791 1526 4856 breviores
1550 4812 1643 4875 quam

291 4885 340 4942 est
354 4875 472 4954 HG(.).
509 4877 554 4940 At
577 4876 647 4962 quia
665 4882 766 4943 omnis
789 4881 827 4942 ad
850 4880 979 4943 medium
1001 4888 1113 4944 motum
1127 4877 1209 4942 Solis
1230 4878 1388 4958 reduxisti,
1411 4882 1546 4946 iuvenies
1569 4883 1641 4946 lou-

291 4968 391 5050 giores
413 4969 443 5031 in
467 4967 563 5030 allero
588 4968 783 5046 semicirculo,
809 4971 945 5052 quamvis
969 4970 1135 5051 acqualiter
1152 4969 1191 5031 sb
1210 4988 1345 5051 apogaeo
1360 4971 1485 5035 distem.
1521 4969 1642 5036 Etslia
