3517 5525
286 407 351 476 322
768 403 934 457 nonense·
954 402 1047 456 esua
1063 401 1160 479 rraar.¹

288 587 439 663 eccentri,
473 585 557 666 cujus
591 584 730 666 aequatio
762 584 863 665 optica
895 590 943 648 est
972 581 1099 662 angulus
1130 579 1230 647 BGA.
1284 581 1367 663 Ergo
1402 581 1522 646 residua
1554 599 1638 654 area,

289 676 433 758 trianguli
463 675 581 737 scilicet
601 672 709 750 BGA,
741 682 789 737 est
820 693 968 762 exoesenq
988 672 1171 746 (barloco)
1202 672 1370 735 anomaliae
1400 671 1515 734 mediae
1546 689 1640 751 supra

292 764 474 830 anomaliam
499 765 647 838 euoentri3
671 771 703 826 et
726 764 861 844 ejusdem
888 761 1031 842 trianguli
1063 761 1191 841 angulus
1212 759 1303 824 BGA
1326 769 1374 824 est
1396 780 1538 824 excessus
1561 778 1640 822 ano-
1687 781 1691 787 ·

289 855 398 921 malias
432 852 563 916 carenni
586 850 671 918 OBG
700 872 792 933 supra
821 859 1019 934 coaequatam
1045 848 1143 914 OAG.
1188 849 1332 930 Ejusdem
1363 851 1465 933 itaque
1494 847 1640 928 trianguli

291 942 422 1025 cognitio
464 951 622 1021 utramque
660 950 779 1025 partem
815 939 1023 1023 aequatione«
1047 939 1165 1021 prodit,
1201 940 1432 1020 respondentem
1472 937 1639 1001 anomaliae

290 1039 476 1114 coaequatae
501 1029 598 1094 GAO.

379 1122 482 1202 Atque
504 1120 574 1182 hinc
598 1119 690 1184 etiam
712 1137 805 1181 causa
827 1126 925 1199 patet,
958 1138 1010 1181 cnr
1033 1137 1123 1199 supra
1145 1117 1243 1197 capite
1265 1117 1370 1182 XXX.
1389 1116 1509 1180 XXXI.
1537 1123 1640 1197 partes

292 1210 480 1294 aequationis
504 1209 630 1274 dixerim
661 1208 692 1271 in
726 1208 844 1271 theoria
867 1206 950 1272 Solis
977 1228 1065 1289 quam
1096 1207 1229 1288 proxime
1262 1206 1413 1287 aequales.
1458 1205 1538 1269 Nam
1569 1205 1641 1286 qnia

291 1300 456 1384 quemlibet
485 1317 588 1362 arcum
620 1298 705 1379 eique
737 1306 961 1378 superstantem
992 1297 1131 1376 angulum
1163 1297 1202 1358 ad
1233 1305 1367 1359 centrum
1390 1297 1439 1370 (ιιι
1469 1296 1552 1374 prins
1575 1292 1641 1358 GG

294 1397 325 1453 et
349 1387 458 1462 GBG)
481 1388 605 1451 metitur
618 1407 691 1449 area
710 1407 774 1463 sna,
798 1386 848 1468 qui
871 1395 972 1448 sector
987 1387 1103 1461 dicitur,
1128 1393 1161 1448 ut
1178 1405 1251 1448 area
1273 1383 1382 1460 CBG,
1406 1385 1553 1448 collocato
1566 1403 1641 1463 ergo

293 1480 369 1560 pede
393 1477 496 1540 circini
518 1477 550 1539 in
570 1475 646 1539 Get
668 1475 849 1538 diastemate
874 1473 936 1537 GB
960 1494 1048 1539 arum
1071 1475 1327 1538 circumferentiae
1350 1475 1506 1549 scribatur,
1532 1492 1643 1536 secans

294 1567 354 1632 GA
380 1567 410 1629 in
434 1565 472 1629 Ο.
519 1566 616 1645 Igitur
647 1573 681 1627 ut
713 1583 785 1627 area
808 1563 902 1627 GBO
931 1563 970 1625 ad
1001 1565 1144 1646 angulum
1168 1563 1278 1640 GBO,
1311 1562 1355 1624 sic
1385 1584 1458 1626 area
1479 1561 1579 1626 BGO
1603 1563 1644 1626 ad

292 1657 433 1736 angulum
455 1653 565 1718 BGO.
611 1654 674 1719 Sed
706 1655 832 1734 angulus
859 1651 957 1716 BGO
986 1661 1131 1734 estpars
1168 1652 1354 1734 aequationis
1386 1654 1508 1734 optica,
1538 1653 1644 1734 itaque

293 1766 365 1811 area
389 1743 487 1808 GOB
510 1763 565 1826 per
592 1741 823 1825 duplicationem
850 1743 1039 1823 aequationis
1070 1742 1167 1825 partis
1195 1742 1335 1805 metietur
1364 1751 1480 1824 partem
1511 1743 1643 1824 cpticam

174 1875 176 1880 ·
294 1833 492 1916 aequationis,
515 1852 585 1896 cnm
606 1833 635 1895 in
659 1841 763 1896 nostro
786 1832 902 1895 calculo
924 1832 1007 1913 prius
1031 1832 1181 1912 explicato
1204 1833 1272 1912 ipsa
1293 1851 1365 1893 area
1391 1839 1458 1894 tota
1481 1828 1577 1895 GBA
1601 1830 1646 1894 sit

293 1930 416 2008 propter
438 1930 557 2006 partem
572 1921 760 2001 aequationis
782 1921 938 2004 physicam
952 1921 1144 1985 consulenda.
1181 1919 1365 1999 Etsi‘igitnr
1386 1919 1489 1996 AGB,
1513 1920 1646 2001 genuina

294 2031 435 2078 mensura
448 2011 545 2093 partis
559 2010 747 2093 aequationis
761 2011 917 2092 physicae,
940 2011 1061 2074 excedit
1079 2009 1177 2085 OGB,
1201 2010 1334 2072 oblatam
1353 2029 1523 2072 mensuram
1543 2008 1645 2089 partis

299 2102 428 2184 opticse,
443 2101 573 2182 spatiolo
589 2120 641 2163 sen
657 2119 728 2161 area
747 2098 832 2163 OAB
847 2103 895 2174 (et
907 2119 1014 2162 versus
1028 2093 1200 2181 perigaeum
1214 2099 1383 2179 hujusmodi
1399 2099 1498 2180 aliquo
1513 2098 1646 2178 spatiolo

297 2191 433 2254 vicissim
447 2191 485 2252 ab
504 2209 540 2252 eo
555 2191 745 2270 superatur):
769 2190 799 2251 in
817 2207 912 2268 parva
933 2197 1035 2252 tamen
1050 2189 1282 2263 eccentricitate,
1306 2187 1472 2268 cujusmodi
1495 2197 1542 2250 est
1562 2185 1646 2250 Solis

298 2281 345 2343 val
360 2279 481 2354 Terrae,
505 2277 536 2340 in
551 2297 609 2360 qua
631 2297 785 2340 versamur
800 2278 857 2340 hac
871 2277 963 2342 tertia
975 2287 1072 2359 parte,
1089 2279 1145 2340 hoc
1163 2297 1222 2341 non
1236 2285 1284 2340 est
1297 2277 1449 2340 sensibile.
1488 2277 1568 2339 Nam
1586 2295 1647 2358 quo

295 2369 418 2453 propius
433 2368 542 2430 lineam
557 2367 693 2447 apsidum
708 2367 834 2440 venitur,
857 2366 914 2430 hoc
929 2367 1036 2430 exilius
1050 2367 1084 2430 fit
1104 2375 1201 2430 totum
1216 2365 1399 2447 triangulum
1419 2364 1530 2440 AGB,
1552 2383 1646 2448 quare

296 2469 329 2522 et
351 2457 499 2539 particula
522 2457 587 2537 ejus
609 2454 723 2531 AOB,
748 2457 937 2537 quantumvis
960 2464 1113 2520 crescente
1135 2465 1206 2519 tunc
1221 2455 1286 2536 'ejus
1305 2455 1463 2518 altitudine
1486 2453 1563 2517 AO.
1609 2456 1646 2518 In

298 2543 531 2626 longitudinibus
544 2564 615 2608 vero
633 2545 739 2608 mediis
761 2545 856 2609 ΒΕΑ
879 2547 1008 2628 angulus
1021 2565 1087 2608 curn
1110 2553 1226 2608 sectore
1248 2565 1304 2608 suo
1319 2545 1429 2608 alicubi
1451 2545 1539 2624 plane
1558 2563 1646 2606 men-

297 2644 416 2702 suratur
438 2635 476 2696 ab
490 2653 563 2697 area
584 2633 690 2705 ΒΕΑ,
714 2642 746 2696 et
769 2653 911 2698 excessus
934 2655 1000 2697 cum
1023 2633 1190 2697 defectibus
1213 2633 1359 2715 incipiunt
1378 2634 1551 2716 permutari.

385 2725 492 2806 Itaque
515 2742 631 2789 summa
646 2723 823 2799 differentia,
849 2743 924 2804 quae
948 2725 1121 2805 contingere
1144 2731 1255 2805 potest,
1279 2723 1310 2787 in
1333 2731 1471 2788 octantes
1494 2742 1548 2786 seu
1578 2722 1649 2786 loca

297 2816 376 2878 inter
399 2814 520 2895 apsides
545 2822 577 2877 et
599 2815 780 2896 quadranter
804 2814 983 2877 intermedia
1005 2813 1224 2877 accumulatur:
1257 2833 1333 2894 quae
1361 2821 1474 2895 quanta
1496 2814 1550 2889 sit,
1580 2814 1648 2894 jam

297 2904 430 2987 patefiet.
478 2902 554 2967 (lum
577 2902 655 2965 enim
678 2902 710 2965 in
732 2903 849 2967 theoria
870 2904 981 2967 Martis
1003 2902 1186 2984 aliquamdiu
1209 2904 1313 2965 eadem
1337 2923 1409 2966 nsua
1432 2902 1536 2965 inerim
1559 2920 1646 2967 com-

300 2992 426 3076 putandi
449 2992 546 3055 forma
566 3010 620 3075 per
644 3012 745 3067 areas,
778 2994 959 3073 ncn'potuit
980 2993 1056 3055 haec
1079 2992 1249 3057 differentia
1270 2992 1383 3073 negligi
1413 3000 1535 3074 propter
1557 3010 1649 3073 mag-

299 3102 370 3145 nam
392 3082 532 3162 planetae
547 3082 810 3145 eccentricitatem.
849 3083 915 3146 Nec
934 3082 1096 3164 duplicatio
1119 3082 1215 3163 partis
1229 3080 1417 3163 aequationis
1434 3081 1553 3161 opticae
1568 3081 1649 3144 citra

303 3170 475 3235 sensibilem
499 3190 629 3234 errorem
653 3172 718 3235 fuir.
765 3170 865 3242 Quare
894 3171 1080 3254 exploranda
1110 3172 1167 3235 fuit
1188 3170 1331 3252 planities
1359 3170 1502 3250 trianguli
1531 3190 1648 3253 aequa-

301 3260 380 3325 torii.
425 3259 534 3323 Potest
555 3262 587 3323 id
608 3262 671 3324 fieri
694 3260 786 3323 variis
809 3260 926 3335 mediis,
949 3262 1004 3325 sod
1025 3260 1350 3341 compendiosissimam
1371 3258 1551 3325 adscribam.

188 3408 193 3420 “
302 3422 437 3487 Notum
468 3428 543 3484 est:
581 3420 778 3503 aeqoealta
814 3421 1006 3502 triangula
1036 3440 1121 3483 esse
1150 3420 1185 3482 in
1220 3420 1457 3501 proportione
1491 3418 1648 3501 basium,

421 3508 505 3573 dico
529 3516 568 3571 et
589 3510 818 3589 aeqnebasia
842 3528 924 3572 esse
947 3512 984 3573 in
1006 3510 1247 3592 proportione
1275 3509 1526 3573 altitudinum.

393 3616 466 3681 Sint
487 3613 586 3692 AGB,
609 3615 697 3679 ΑΗΒ
726 3638 823 3701 cuper
851 3617 960 3681 eodem
991 3620 1061 3682 bosi
1081 3618 1149 3692 AB,
1173 3616 1355 3681 conducero
1381 3617 1419 3682 ia
1441 3615 1476 3680 0.
1521 3615 1650 3703 Apama·

303 3728 343 3771 erc
367 3703 398 3768 G
419 3714 507 3770 racto
530 3703 589 3768 GN
607 3703 786 3789 parallelos
809 3709 966 3771 commune·
986 3708 1056 3770 daei
1077 3705 1151 3780 AB,
1173 3726 1283 3770 secam
1304 3706 1360 3769 ΗΒ
1383 3708 1418 3769 ia
1439 3707 1485 3783 N,
1516 3715 1547 3773 et
1568 3727 1648 3771 coa-

303 3802 447 3866 aectotur
468 3796 499 3858 N
521 3814 592 3857 cam
609 3795 651 3870 A,
675 3804 704 3859 et
726 3814 766 3860 ec
787 3798 885 3860 triam
905 3794 1137 3879 ermenoara
1157 3795 1324 3860 reticibar
1347 3794 1386 3871 G,
1401 3794 1441 3873 H,
1457 3796 1488 3859 N
1508 3804 1648 3879 apaamr

301 3880 639 3969 perpendicularem
668 3886 759 3949 tonia
782 3883 855 3961 GM,
878 3886 943 3962 HL,
967 3886 1032 3961 NP,
1056 3886 1295 3949 amaremus
1314 3883 1546 3968 orospedam
1567 3885 1646 3949 olri-

303 3974 439 4041 tuda'aes.
479 3971 559 4037 Oum
581 3992 653 4055 erpo
677 3970 737 4038 GN
756 3983 786 4038 et
802 3974 864 4038 ΜΡ
877 3977 941 4039 aiat
956 3973 1121 4059 paralleli,
1140 3982 1170 4039 et
1185 3971 1258 4049 GM,
1279 3974 1337 4036 NP
1353 3972 1645 4058 perperrdr'culom,

304 4070 397 4128 mat
417 4063 518 4146 igitur
541 4059 614 4132 GM,
638 4061 693 4125 NP
715 4063 871 4147 aequales.
918 4062 986 4128 Sed
1008 4062 1072 4128 GM
1094 4072 1140 4128 est
1161 4062 1295 4129 obiada
1316 4062 1471 4146 trianguli
1491 4063 1592 4140 AGB,
1616 4072 1648 4129 et

304 4154 359 4216 NP
382 4160 427 4215 eat
448 4150 583 4217 altr'tado
605 4150 759 4235 nicapoli
771 4153 866 4217 ANB.
906 4152 1086 4237 mapula
1100 4155 1199 4235 icitur
1211 4152 1308 4229 ANB,
1324 4150 1412 4217 AGB
1434 4161 1508 4219 mar
1530 4175 1645 4239 aegru-

305 4238 395 4317 otm-
418 4248 447 4305 et
468 4242 547 4325 pain
568 4238 663 4305 simol
684 4262 779 4327 super
800 4243 911 4307 eudem
932 4244 1002 4306 basi
1014 4243 1082 4319 AB,
1104 4250 1178 4307 acret
1198 4243 1298 4325 spinas·
1319 4241 1476 4325 aequata.
1514 4242 1561 4308 Et
1575 4264 1647 4308 cum

305 4328 392 4397 ANB
414 4330 457 4393 sit
473 4350 555 4412 pare
577 4332 616 4395 de
637 4330 733 4407 ΑΗΒ,
757 4340 785 4395 et
807 4335 979 4397 commeares
1000 4330 1085 4396 liaeo
1107 4332 1230 4395 basiam
1251 4330 1307 4394 HB
1330 4337 1361 4395 et
1381 4335 1554 4397 commmoda
1573 4354 1645 4397 uer-

305 4430 359 4485 reo
380 4417 420 4491 A,
444 4418 609 4501 btcnpala
628 4420 728 4503 igitar
749 4421 846 4496 NAB,
869 4422 956 4485 HAB
979 4430 1051 4485 earet
1072 4420 1247 4502 oequeoltu.
1294 4420 1404 4501 Quare
1425 4430 1461 4485 at
1481 4422 1567 4489 basia
1587 4422 1644 4486 NB

240 4582 242 4590 s
306 4508 351 4573 od
373 4506 431 4573 BH
457 4509 505 4571 sic
530 4507 617 4571 NAB
640 4510 685 4573 ad
706 4508 802 4573 HAB.
847 4510 915 4574 Sed
944 4510 1030 4573 NAB
1053 4518 1083 4575 et
1106 4508 1193 4573 GAB
1217 4510 1356 4592 probaro
1382 4518 1456 4575 aava
1484 4508 1643 4593 aequon

306 4594 1038 4682 HrporrtNBodBHaicGABodHAB.
1080 4598 1648 4664 UtueroBNodBHer'cNPod

307 4686 375 4763 HL,
400 4706 434 4749 co
458 4684 543 4769 quod
564 4684 646 4750 NBP
664 4694 693 4753 et
707 4686 791 4751 HBL
812 4688 934 4753 similia
955 4688 1126 4773 bianpulo.
1163 4688 1253 4773 Ergo
1275 4688 1371 4752 etiarn
1392 4697 1427 4753 ar
1447 4689 1504 4753 NP
1524 4690 1570 4753 od
1587 4690 1648 4754 HL

309 4778 356 4842 sic
379 4772 465 4841 GAB
488 4772 533 4837 od
553 4773 650 4840 HAB.
696 4776 764 4843 Seu
793 4776 848 4841 NP
875 4787 906 4844 et
928 4776 993 4841 GM
1021 4776 1179 4861 cepadea
1223 4778 1312 4862 Ergo
1344 4786 1379 4843 ut
1408 4776 1474 4843 GM
1502 4780 1548 4843 ud
1576 4778 1645 4855 HL,

312 4864 447 5021 ἓιιίιιιιιο
476 4864 536 5021 apd
552 4862 768 4944 amonim,
798 4868 846 4933 etc
874 4866 962 4933 GAB
993 4886 1071 4932 orec
1099 4868 1146 4931 od
1172 4866 1258 4933 HAB
1289 4887 1407 4939 aream.
1455 4869 1550 4953 Quod
1576 4877 1648 4940 erat

337 4964 492 5024 membro
535 4975 597 5021 arra
