3517 5525
702 419 863 493 mppuaua.
1212 414 1214 417 ’
1385 401 1451 474 540

209 595 427 682 Albategnius,
460 605 577 663 retecta
607 602 775 685 quantitate
803 598 990 686 aequationis
1010 598 1113 682 hujus,
1138 597 1210 663 nihil
1233 595 1324 658 etiam
1347 587 1378 653 iu
1401 605 1456 650 ec-

124 687 312 751 oentricitate
335 695 448 754 mutare
470 691 576 770 potuit.

164 774 392 858 Oopernicus
416 781 552 857 exiguum
576 781 686 856 aliquid
710 779 828 846 demsit.
867 779 945 842 Nam
969 778 1033 864 ejus
1056 776 1195 858 aequatio
1214 772 1344 836 maxima
1358 787 1452 848 copu-

120 866 230 929 laris'
222 885 252 928 m
281 866 412 950 syzygiis
443 863 481 931 ιο
512 865 565 933 56'
600 867 666 934 20”
701 867 833 931 ostendit
863 869 1113 930 ccceutricitatem
1137 861 1234 929 8610.
1279 865 1380 940 Atque
1405 859 1452 920 hic

120 956 227 1020 modus
250 964 298 1017 est
319 953 547 1036 investigandae
570 958 802 1020 ccceutricitatia
824 959 927 1020 Lunae
950 957 1028 1018 idem
1052 957 1129 1034 apud
1152 973 1264 1016 omues.

209 1043 303 1124 Atqui
331 1063 390 1106 nou
417 1065 507 1109 unum
534 1055 594 1122 est,
625 1048 738 1127 quod'
730 1066 759 1110 ιι
783 1047 839 1110 hae
861 1047 978 1108 ratione
1001 1046 1178 1107 desiderem.
1225 1041 1354 1104 Primum
1377 1037 1454 1099 euim

118 1133 213 1196 innixi
236 1139 305 1195 suut
326 1133 471 1215 principio
499 1135 700 1200 insufficienti.
746 1136 814 1198 Nou
838 1135 916 1197 euim
939 1135 1033 1196 omnis
1055 1134 1166 1210 uariati
1192 1140 1289 1193 motus
1312 1129 1456 1206 inaequa-

120 1221 193 1285 litas
230 1240 267 1283 ex
286 1222 415 1284 -lallaeia
441 1223 524 1286 visus
548 1225 656 1304 oritur:
696 1223 808 1305 aliquid
830 1224 888 1303 ipsi
913 1225 1002 1286 etiam
1025 1224 1139 1299 Luuae,
1172 1241 1230 1284 nou
1248 1219 1345 1281 minus
1369 1233 1456 1297 quam

120 1311 230 1374 ceteris
267 1329 299 1372 re
328 1329 401 1373 vera
437 1313 518 1396 inest
547 1313 686 1394 planetis.
748 1311 1001 1384 Quemadmodum
1038 1313 1116 1375 enim
1148 1310 1263 1373 illorum
1296 1314 1393 1368 motus
1426 1309 1459 1363 et

120 1401 293 1462 lentescunt
318 1418 403 1470 vere,
432 1420 540 1482 cuma
564 1401 635 1465 Sole
663 1401 868 1482 digrediuntur
892 1410 924 1464 et
945 1402 1103 1464 contrahi
1095 1421 1125 1463 ru
1140 1397 1456 1479 angustumvidentur‚

121 1491 160 1552 ob
187 1489 360 1552 discessum·
385 1510 404 1550 a
426 1509 509 1566 vrsu
534 1490 630 1574 idque
659 1491 844 1594 aequalibus
859 1492 1071 1572 propemodum
1093 1490 1226 1571 utrisque
1250 1483 1458 1557 decrementis,

121 1597 160 1640 ex
183 1597 240 1659 quo
264 1579 372 1649 evenit,
395 1587 429 1642 ut
452 1580 535 1643 sinus
558 1581 744 1662 aequationis
766 1581 913 1642 maximae
935 1599 995 1643 nou
1018 1589 1109 1654 totus,
1133 1579 1188 1653 sed
1206 1587 1291 1658 parte
1306 1593 1351 1636 ιιι
1344 1571 1456 1634 dimi·

124 1667 177 1729 dia
199 1666 340 1730 metiatur
363 1669 625 1744 ccceutricitatem,
650 1670 767 1749 quade
790 1689 822 1731 re
845 1670 914 1733 uide
937 1670 1121 1750 praeludium
1139 1669 1204 1730 loco
1219 1685 1310 1747 supra
1327 1663 1459 1739 allegato

123 1754 195 1836 ope.
217 1773 248 1834 p.
274 1752 353 1834 336,
384 1757 587 1837 plenissimam
617 1777 691 1820 vero
721 1759 1005 1821 demonstrationem
1037 1757 1266 1824 Commentariis
1291 1756 1327 1816 de
1350 1752 1457 1822 Marte,

122 1864 187 1926 cup.
196 1845 285 1908 XVI.
310 1845 360 1907 Ad
370 1846 495 1912 eundem
505 1849 623 1909 mudum
634 1857 665 1908 et
673 1848 703 1908 in
714 1849 799 1910 Luna
810 1866 857 1909 res
868 1848 968 1922 habet,
982 1856 1017 1910 ut
1026 1846 1238 1918 semicirculus,
1254 1843 1303 1925 qui
1314 1839 1458 1902 alelluia

121 1933 243 2014 lougius
279 1933 383 2006 abest,
416 1953 472 1996 uon
503 1943 620 2000 tantum
648 1938 744 1998 minor
775 1937 851 1998 visui
882 1937 1019 1998 videatur
1042 1937 1079 1998 ob
1101 1935 1294 1999 remotionem
1316 1931 1458 2009 majorem

126 2043 145 2084 a
167 2041 244 2097 vasu
269 2023 322 2084 sed
346 2025 436 2085 etiam
458 2026 568 2088 leutius
592 2035 623 2088 et
649 2025 776 2105 longiori
800 2025 934 2105 tempore
964 2026 1102 2101 asidere
1132 2026 1271 2086 decurrat
1258 2031 1315 2085 tur.
1371 2016 1457 2088 Quae

125 2113 202 2174 duae
233 2129 342 2173 causae
366 2115 549 2192 compositae
578 2133 643 2176 curn
671 2115 827 2177 conficiant
854 2113 1063 2195 aequationem
1089 2114 1247 2177 maximam
1277 2109 1457 2230 copularem,

126 2207 159 2261 ut
182 2218 272 2279 supra
294 2200 413 2275 dictum,
438 2199 485 2271 5⁰,
509 2203 659 2306 quaelibet
680 2204 771 2282 igitur
793 2221 848 2282 per
871 2222 904 2263 se
928 2203 1099 2266 causabitur
1121 2202 1273 2264 dimidium
1294 2192 1378 2281 ιιι*
1398 2196 1460 2258 cir-

125 2287 220 2352 citer:
245 2289 342 2350 etsie
365 2291 582 2353 ccceutricitati
605 2291 685 2354 orbis
707 2292 811 2353 Lunae
841 2292 1021 2374 (epicyolum
1048 2292 1127 2354 euim
1149 2299 1280 2353 veterum
1305 2295 1460 2350 auctorum

126 2395 182 2458 ego
213 2377 245 2438 in
272 2378 469 2442 ecoeutrioum
497 2387 659 2455 commuto,
697 2389 731 2443 ut
754 2380 892 2443 similium
919 2401 1018 2443 rerum
1034 2382 1163 2448 similes
1191 2380 1281 2442 etiam
1303 2378 1364 2440 siut
1387 2392 1460 2437 cou-

126 2467 247 2570 ceptus)
269 2467 445 2547 relinquitur
460 2487 518 2532 nou
539 2470 607 2550 plus
630 2489 718 2552 quam
739 2465 836 2544 4365,
861 2470 1014 2532 dimidium
1036 2490 1078 2533 sc.
1101 2472 1140 2533 de
1155 2469 1357 2532 Ptolemaica.
1382 2461 1460 2546 quod

125 2555 277 2618 minimum
293 2554 382 2618 abest
396 2558 435 2620 ab
458 2573 509 2633 eo,
533 2559 610 2641 quod
633 2578 670 2621 ex
680 2559 905 2662 apparentibus
927 2558 1083 2622 diametris
1106 2579 1196 2640 supra
1218 2559 1396 2620 inveneram.

216 2643 330 2725 Siquis
353 2663 391 2706 ex
413 2665 460 2726 me
482 2655 616 2728 quaerat,
639 2648 688 2729 qui
706 2648 838 2728 probem,
860 2646 939 2710 idem
962 2649 1080 2711 evenire
1095 2649 1208 2722 Lunae,
1232 2646 1310 2728 quod
1330 2639 1462 2726 planetis

128 2733 254 2809 ceteris,
277 2741 464 2817 metuatque,
497 2751 533 2799 ne
564 2737 634 2819 quid
664 2736 933 2799 indemonstratum
954 2737 1068 2818 irrepat
1090 2737 1168 2799 iuter
1191 2737 1291 2799 initia:
1314 2734 1383 2797 huic
1391 2751 1461 2811 ego

128 2825 155 2886 si
185 2782 354 2903 analogiam
376 2825 512 2906 ¹allegem
536 2826 726 2907 planetarum
759 2826 888 2887 omnium
918 2826 1071 2907 ipsiusque
1107 2827 1182 2888 adeo
1218 2824 1300 2888 Solis
1336 2824 1461 2897 (Terrae

130 2912 313 2991 Cuperoico)
339 2932 503 2996 causasque
534 2916 692 2997 physicas,
729 2914 835 2995 quibus
848 2936 850 2944 ’
865 2916 1007 2994 planetae
1037 2915 1162 2997 ipsaque
1184 2915 1271 2977 Luna
1293 2913 1408 2975 cientur
1431 2911 1462 2973 iu

129 3020 226 3064 vacuo
249 3001 371 3063 aethere
393 3002 483 3065 nullis
502 3004 629 3066 revincti
645 3003 773 3077 orbibus,
798 3023 920 3084 quarum
936 3004 1094 3082 ,ingenium
1114 3005 1170 3067 hoc
1184 3011 1241 3078 est,
1266 3010 1299 3064 ut
1318 3018 1463 3063 concessa

129 3088 297 3153 variatione
320 3090 472 3153 intervalli
500 3092 594 3173 (quod
623 3091 653 3153 iu
676 3093 763 3154 Luna
783 3095 870 3154 ἰιιιο
902 3093 1001 3171 arguit
1022 3093 1174 3155 mutabilis
1196 3090 1372 3172 apparentia
1393 3090 1461 3151 dia·

128 3178 233 3254 metri)
256 3181 424 3243 necessario
448 3188 479 3242 et
500 3182 624 3264 physica
646 3189 743 3243 motus
765 3181 891 3244 intentio
913 3189 946 3242 et
965 3180 1103 3243 remissio
1126 3189 1283 3264 sequatur.
1315 3178 1420 3241 haec
1413 3197 1461 3239 ru-

129 3288 219 3352 quam
242 3267 269 3329 si
292 3268 428 3348 allegem,
457 3269 626 3372 repudiabit
646 3270 718 3333 talis
741 3259 848 3351 aliquis
870 3268 905 3332 ιιι
925 3268 1052 3371 plrysica
1073 3285 1109 3331 ao
1126 3270 1249 3351 proinde
1266 3276 1409 3329 extranea
1424 3266 1462 3328 ab

130 3356 334 3424 astronomia:
357 3358 481 3437 perinde
505 3378 540 3421 ao
563 3359 589 3420 si
612 3359 792 3422 contrarium
813 3358 882 3421 huic
904 3359 1023 3421 axioma
1044 3360 1083 3421 de
1105 3367 1236 3421 motuum
1250 3354 1462 3457 aequabilitate

129 3466 190 3511 nou
222 3446 263 3507 sit
298 3464 390 3527 aeque
416 3448 591 3532 physicum,
622 3448 701 3530 quod
728 3456 829 3511 tamen
856 3456 1002 3531 usurpant
1022 3456 1139 3511 veteres
1161 3448 1241 3510 iuter
1262 3445 1462 3510 astronomiae

129 3534 285 3618 principia.
332 3533 431 3606 Quare
455 3545 488 3599 nt
509 3538 591 3600 litem
609 3538 848 3616 intempestivam
872 3539 1025 3612 differam,
1061 3539 1180 3600 remitto
1207 3545 1404 3618 opponentem
1430 3534 1462 3596 in

130 3626 298 3690 Commeat.
328 3624 454 3701 Martis,
484 3626 536 3691 ubi
567 3626 604 3688 de
633 3627 719 3691 Luna
745 3627 894 3705 peculiare
916 3636 1006 3708 caput
1027 3628 1100 3689 Nro.
1123 3624 1292 3691 XXXVII.
1322 3624 1462 3686 inveniet

51 3712 54 3715 ’
128 3716 168 3778 'In
191 3713 364 3793 praeseutia
386 3714 462 3777 satis
485 3723 542 3789 est,
567 3714 658 3778 coiise
680 3715 766 3777 nobis
789 3716 845 3778 duo
869 3724 1107 3797 argumentorum
1131 3732 1242 3796 genera
1262 3715 1293 3777 in
1316 3712 1463 3775 ccceutri-

47 3824 49 3827 ·
131 3802 256 3867 citatem
278 3803 490 3954 pffifflum
512 3805 646 3879 eandem,
670 3824 792 3885 quorum
814 3804 862 3867 vel
876 3806 1042 3869 solitarium
1058 3805 1233 3871 alterutrum
1247 3803 1402 3888 probando
1416 3802 1463 3864 in-

131 3890 240 3956 stituto
262 3910 296 3951 su
331 3890 373 3953 cit

214 3978 378 4055 Braheus,
415 3980 551 4060 adjutore
580 3980 752 4045 Christiano
780 3978 917 4057 Serqriui
945 3982 1221 4061 (Lougomoutauo)
1252 3998 1317 4042 cum
1339 3977 1466 4053 videret,

135 4088 246 4133 causas
270 4069 479 4150 aequationum
502 4088 539 4131 ex
561 4070 682 4133 dimidio
706 4090 773 4133 esse
795 4070 945 4152 physicas,
968 4070 1055 4155 tQue
1078 4070 1195 4135 mihim
1210 4068 1281 4131 Sole
1296 4069 1471 4160 succedere

133 4156 305 4222 introduxit
322 4157 417 4220 etiam
445 4158 474 4219 ιι
498 4150 615 4221 Lunam
636 4159 732 4221 simile
754 4158 834 4247 quid,
857 4177 939 4221 more
961 4167 1061 4222 tamen
1082 4178 1155 4234 suo,
1185 4166 1220 4221 ut
1241 4158 1291 4239 qui
1312 4176 1378 4221 cum
1402 4117 1471 4221 Co-

132 4246 257 4331 peruito
271 4245 514 4328 inaequalitatem
529 4254 772 4328 motusperosus,
797 4254 958 4329 aequantes
969 4248 1167 4311 Ptolemaicos
1189 4267 1243 4309 seu
1258 4267 1339 4309 meas
1358 4266 1466 4309 causas

132 4336 275 4420 physicas
297 4344 434 4427 speraret
456 4336 569 4399 duobus
593 4337 744 4419 epicycliis
760 4335 883 4417 exprimi
897 4342 929 4397 ct
940 4337 1160 4415 repraesentari
1175 4355 1228 4398 seu
1242 4336 1353 4400 salvari
1365 4354 1464 4417 posse.

131 4428 245 4506 Igitur,
269 4413 489 4487 ecceritrioitate
518 4426 715 4501 Ptolemaios,
747 4424 835 4490 8700
855 4426 981 4487 rotundo
996 4444 1124 4500 numero,
1149 4445 1186 4486 ex
1207 4426 1274 4488 sinu
1288 4426 1316 4489 io
1335 4434 1464 4503 tangen-

134 4526 199 4578 tem
220 4533 365 4576 conversa
379 4513 486 4576 relicta
501 4516 685 4595 quantitate,
706 4531 761 4596 pro
779 4514 954 4595 aequatione
977 4509 1016 4576 5⁰
1041 4512 1069 4577 ι’
1091 4515 1233 4576 assumsit
1256 4510 1296 4576 ιιι
1318 4512 1372 4577 58¹
1390 4510 1464 4587 20¹,

134 4611 281 4687 quantum
304 4602 439 4667 exhibuit
460 4622 598 4674 numetis
619 4563 707 4667 8700
723 4624 763 4667 ιιι
775 4604 880 4667 tabula
893 4611 1075 4683 tangentum
1105 4604 1208 4685 quue
1222 4612 1304 4666 secto
1319 4604 1350 4665 in
1363 4607 1465 4681 partes

133 4702 219 4767 tres,'·
234 4693 310 4773 quod
332 4690 419 4756 8700
442 4693 471 4753 iu
494 4695 554 4755 tria
576 4692 664 4755 facile
687 4693 877 4767 divideretur,
902 4692 1137 4760 etcircellorum
1156 4693 1244 4755 alteri
1267 4691 1345 4754 datis
1368 4687 1464 4763 5800,

135 4782 252 4865 reliquo
276 4776 372 4857 2900,
396 4779 494 4845 efficit
516 4790 549 4845 ut
566 4780 682 4843 Luna'
674 4801 702 4842 rn
726 4800 859 4863 apogaeo
881 4781 929 4842 ιιι
951 4781 1090 4862 perigaeo
1105 4792 1244 4845 versante
1260 4779 1466 4842 ccceutricitas

139 4879 226 4934 esset
248 4890 306 4935 uon
328 4871 425 4953 major
448 4890 533 4952 quam
557 4867 660 4960 2900
684 4870 873 4950 quodetiam
897 4869 926 4931 in
940 4869 1319 4951 parallaxibustractandis
1337 4867 1394 4929 sibi
1409 4886 1465 4948 op-

135 4940 297 5049 portuuudi
332 4978 402 5024 esse
431 4962 589 5043 credebat·
632 4918 712 5023 liide
740 4956 779 5023 de
807 4959 862 5023 boo
892 4965 923 5021 et
950 4967 1067 5050 partem
1086 4961 1215 5045 primam
1237 4959 1403 5024 Commeat
1427 4957 1465 5028 de
