3517 5525
324 386 390 467 680
603 356 606 367 ⁸
697 368 704 381 '
926 382 966 447 12·
989 381 1069 450 tae

324 577 482 642 retinenda
504 584 552 639 eet
575 572 784 637 eccentricitas
808 570 906 647 4362,
931 584 969 636 et·
985 573 1148 635 distantiae
1172 572 1212 635 ad
1234 594 1361 655 unguem
1382 574 1504 639 eaedem
1524 598 1546 639 a
1566 573 1676 653 Terra,

325 689 400 749 quas
433 666 545 747 reperit
567 664 701 726 Braneus
725 664 756 725 in
780 664 917 743 quadris,
951 664 1109 725 sciliceta
1133 658 1174 727 59
1203 665 1233 726 in
1255 661 1297 728 tl
1322 664 1427 727 aemid.
1454 666 1576 729 Terrae.
1627 666 1678 731 Sit

323 757 417 837 igitur
432 756 491 836 ᾼΗ
515 754 594 815 linea
617 760 713 815 motus
733 753 758 825 h
776 771 868 834 prope
893 752 966 825 veri,
982 760 1012 813 et
1027 752 1116 814 ΒΑΗ
1140 753 1264 831 angulus
1288 754 1458 817 anomaliae
1476 764 1676 838 coaequatae,

325 857 357 908 et
371 846 455 909 DFH
478 842 629 905 anomalia
653 840 791 916 ecceutri,
817 841 969 921 quaeritur
983 840 1091 902 media.
1130 839 1245 913 Quodsi
1269 844 1395 924 simplex
1413 853 1496 905 esset
1516 846 1674 926 aequatio,

325 952 500 1016 quaererem
523 950 624 994 aream
646 930 761 995 DFHA
783 948 837 1011 per
863 941 966 1010 partes
998 950 1068 993 suaa
1090 928 1193 1005 DHB,
1217 931 1313 995 HBA.
1359 930 1423 995 Sed
1452 934 1521 1012 quia
1556 936 1676 997 accedi

325 1031 478 1087 menstrua
509 1020 666 1100 aequatio,
701 1020 784 1081 iilam
814 1019 910 1081 habeo
942 1021 971 1081 in
1002 1040 1073 1080 area
1097 1014 1184 1080 CHA
1214 1022 1380 1102 adjicienda
1402 1022 1443 1082 ad
1467 1022 1602 1097 DFHA,
1633 1024 1675 1085 ita

323 1113 478 1175 conficitur
502 1108 653 1171 anomalia
675 1108 787 1182 media,
813 1110 998 1187 respondens
1022 1110 1130 1189 angulo
1156 1108 1259 1187 ΒΑΗ,
1283 1129 1351 1173 cum
1378 1110 1459 1173 inter
1482 1112 1624 1190 apsidum
1644 1120 1675 1174 et

324 1202 496 1283 copularum
520 1198 616 1259 lineas
641 1207 690 1258 est
713 1197 760 1258 hic
784 1198 911 1277 angulus
935 1196 1028 1259 ΒΑΕ.

411 1290 488 1351 Esto
511 1288 599 1350 Luna
622 1287 650 1347 in
674 1288 720 1362 K,
750 1286 851 1367 anguli
874 1286 976 1359 val),
1000 1286 1107 1361 DAK3
1142 1288 1335 1369 respondebit
1367 1288 1457 1369 igitur
1487 1298 1673 1369 coaequatae

325 1380 415 1443 ΒΑΚ
437 1378 546 1451 media,
571 1376 738 1454 composita
761 1395 798 1435 ex
823 1374 903 1436 areis
927 1374 1015 1438 ΑΒΚ
1038 1384 1069 1437 et
1092 1375 1188 1440 ACK.

411 1468 487 1532 Esto
509 1467 595 1529 Luna
618 1465 647 1526 in
664 1465 685 1537 1,
711 1463 827 1525 scilicet
846 1464 924 1525 inter
946 1464 1118 1546 perigaaum
1141 1464 1310 1527 solutumE
1335 1474 1366 1527 et
1387 1466 1564 1546 perigaeum
1586 1486 1672 1529 men·

323 1567 438 1621 struum
463 1554 502 1628 G,
528 1556 628 1635 anguli
653 1552 745 1625 FAD,
772 1552 856 1615 DAI.
903 1553 961 1614 Hic
984 1564 1168 1633 coaequatae
1190 1556 1265 1617 DAI
1293 1555 1527 1635 (complemento
1552 1556 1672 1636 inquam
1714 1571 1718 1584 ·

324 1648 387 1728 ejus
411 1646 449 1707 ad
472 1644 629 1716 circulum)
652 1631 815 1721 respondet
838 1642 987 1704 anomalia
1010 1643 1108 1704 media
1130 1643 1244 1716 ADKL
1269 1644 1316 1705 cni
1339 1652 1440 1705 tamen
1464 1644 1608 1707 ademtae
1630 1646 1671 1707 sit

323 1737 408 1798 valor
431 1753 519 1796 areae
541 1731 625 1795 Aci.
673 1732 774 1792 Porro
789 1730 934 1792 facillima
957 1739 1004 1793 est
1026 1733 1209 1812 computatio
1232 1733 1324 1795 etiam
1347 1731 1435 1813 hujus
1458 1752 1551 1795 areae
1574 1730 1669 1811 CKA,

324 1828 349 1889 si
373 1826 413 1886 ad
436 1822 537 1903 anguli
561 1819 652 1883 GAK
675 1821 771 1882 sinum
804 1818 957 1881 addideris
980 1818 1034 1884 BC
1064 1820 1093 1881 in
1118 1821 1303 1884 semicirculo
1336 1822 1480 1903 apogaei‚
1513 1823 1568 1883 uel
1596 1822 1669 1885 sub·

323 1914 452 1978 traxeris
483 1914 513 1973 in
536 1910 688 1991 opposito,
722 1927 774 1987 pro
805 1908 964 1971 altitudine
990 1908 1076 1988 justa
1104 1910 1245 1990 trianguli
1269 1908 1372 1986 cKA,
1406 1910 1484 1993 hauc
1512 1911 1546 1972 in
1576 1912 1670 1973 sinum

324 1999 533 2082 complemeuti
557 2000 650 2080 ipsius
674 1998 757 2060 FAD
783 2008 814 2059 et
837 1998 947 2059 iactum
972 1998 1000 2059 in
1023 1998 1157 2061 valorem
1185 1999 1307 2061 maximi
1334 1999 1477 2077 trianguli
1499 2018 1594 2080 super
1616 2002 1669 2063 AB

324 2088 590 2171 multiplicaveris:
620 2108 695 2168 quas
723 2086 985 2167 multiplicationes
1008 2089 1082 2149 duas
1102 2086 1188 2150 ‘toltit
1210 2088 1323 2159 additio
1350 2090 1440 2149 calca
1466 2088 1565 2151 trium
1584 2089 1669 2170 loga-

323 2181 511 2245 rithmorum.

412 2262 599 2331 variationis
623 2264 737 2329 calculo
761 2263 873 2325 servire
896 2273 1001 2341 posset
1022 2265 1071 2327 hic
1095 2264 1172 2327 idem
1195 2263 1334 2327 circellua
1355 2264 1419 2341 BL,
1444 2266 1505 2327 etsi
1528 2266 1672 2329 sanctior

324 2369 372 2423 est
395 2380 414 2421 a
437 2356 535 2419 causis
558 2354 701 2437 physicis.
749 2353 852 2415 Posito
875 2352 968 2429 euim,
998 2354 1109 2415 lineam
1130 2363 1228 2417 motus
1250 2352 1277 2425 h
1302 2370 1394 2433 prope
1427 2356 1493 2415 veri
1516 2374 1589 2419 esse
1613 2356 1668 2417 ab

326 2451 405 2523 (sine
429 2453 566 2527 respectu
590 2443 742 2523 apogaei),
767 2461 842 2522 quae
865 2451 950 2503 secet
973 2444 1122 2505 circellum
1146 2444 1176 2505 in
1198 2444 1242 2505 B:
1272 2442 1420 2523 quadrata
1443 2443 1565 2505 sinuum
1589 2464 1669 2507 com·

323 2540 539 2620 plemeutorum
571 2532 701 2595 omnium
732 2551 826 2611 usque
854 2531 893 2591 ad
923 2528 1019 2593 sinum
1051 2530 1107 2595 CA
1141 2532 1170 2593 in
1203 2550 1347 2593 summam
1379 2532 1508 2595 redacta
1540 2534 1670 2595 mdimut

324 2626 490 2708 portionem
519 2619 747 2683 accelerationis
775 2620 930 2681 addendae
961 2621 998 2681 ad
1022 2620 1116 2683 ΒΑΕ.
1161 2622 1218 2683 Hic
1246 2619 1283 2681 de
1314 2621 1469 2701 quadratis
1499 2622 1623 2685 aiuunm
1643 2632 1671 2683 et

325 2734 440 2780 summa
463 2731 564 2776 corum
587 2718 762 2774 monuerunt
785 2728 831 2770 me
855 2726 964 2772 causae
993 2710 1150 2792 physicae:
1182 2716 1216 2771 at
1238 2710 1362 2774 effectus
1385 2710 1413 2773 in
1439 2712 1538 2774 forma
1563 2710 1670 2775 estad

325 2823 451 2886 unguem
475 2803 562 2876 idem,
587 2799 772 2884 qui·circelli
797 2797 991 2880 Tychoniani,
1014 2808 1097 2862 motu
1120 2799 1229 2880 duplici
1253 2799 1347 2880 ipsius
1376 2798 1542 2862 distantiae
1568 2800 1669 2863 Lunae

326 2917 345 2958 a
367 2893 448 2960 Sole.
495 2892 619 2963 Horum,
644 2889 777 2969 inquam,
808 2889 931 2948 duorum
953 2888 1164 2969 principiorum
1193 2887 1415 2951 consociatione
1445 2889 1580 2952 eflicitur
1604 2900 1669 2952 tan-

325 2985 463 3056 tundern,
489 2989 630 3061 quantum
654 2977 773 3039 circuilu
797 2976 968 3058 Tychonico
991 2976 1161 3052 libratorio,
1192 2977 1270 3060 qnod
1293 2977 1382 3038 valde
1403 2997 1451 3040 me
1475 2979 1669 3042 exhilaravit.

326 3073 361 3137 Iu
384 3071 552 3156 quantitate
577 3068 672 3130 adhuc
691 3067 794 3128 differo
814 3086 832 3126 a
851 3067 1002 3146 Tychone,
1026 3066 1075 3148 qui
1096 3066 1292 3128 variationem
1316 3067 1389 3129 lacit
1405 3062 1472 3142 lt‘,
1499 3069 1670 3130 observavit

326 3172 428 3224 tamen
451 3159 599 3221 interdum
622 3151 685 3220 to‘.
732 3153 798 3234 Ego
822 3173 893 3215 vero
918 3155 1051 3235 aptiori
1083 3156 1200 3218 invenio
1224 3153 1288 3230 51‘,
1311 3165 1344 3216 et
1365 3164 1482 3218 tantum
1510 3158 1670 3235 postulant

327 3252 418 3322 etiam
436 3248 511 3328 justi
534 3246 643 3308 horarii
667 3245 695 3306 in
720 3243 833 3322 copulis
856 3262 911 3323 pro
934 3243 1105 3324 eclipsibus,
1128 3263 1166 3305 ue
1189 3244 1362 3306 duratioues
1383 3247 1458 3306 fiant
1482 3246 1606 3308 rimiae.

415 3339 450 3400 In
472 3334 703 3418 Ephemeridum
725 3331 944 3412 prolegomenis
968 3353 1025 3394 non
1051 3353 1166 3398 summa
1188 3332 1409 3415 quadratorum,
1433 3334 1489 3395 sed
1508 3334 1582 3414 ipso
1606 3335 1669 3396 sinu

327 3425 382 3492 ΒΟ
407 3426 523 3502 utebar,
547 3424 597 3488 ubi
621 3421 718 3486 defeci
741 3442 761 3483 a
783 3420 924 3502 Tychone
948 3429 1091 3502 quantum
1113 3441 1189 3484 nunc
1213 3441 1330 3502 supero.

416 3515 525 3577 Moneo
549 3520 648 3574 autem
672 3511 777 3584 obiter,
802 3529 839 3571 ne
856 3511 1041 3572 frustraneas
1064 3511 1118 3572 tihi
1133 3510 1332 3590 cogitationes
1355 3510 1488 3585 excitem,
1513 3513 1668 3592 negotium

329 3603 504 3667 variationis
526 3621 583 3664 non
608 3601 687 3662 nuda
709 3599 861 3662 additione
885 3599 985 3679 perfici
1014 3585 1253 3674 accelerationis,
1283 3600 1336 3661 sed
1360 3600 1442 3680 prins
1466 3599 1581 3680 uliquid
1603 3620 1668 3662 ease

329 3693 562 3766 subtrahendum
587 3690 790 3771 aequabiliter.
821 3687 1052 3752 subtrahuntur
1074 3687 1199 3768 siugulis
1221 3687 1363 3770 gradibus
1386 3688 1546 3750 distmtiae
1563 3689 1667 3752 lunae

330 3807 348 3846 a
372 3783 443 3846 Sole
466 3800 557 3862 prope
581 3797 688 3854 uerae,
713 3777 828 3840 scilicet
855 3776 884 3838 i‘
907 3770 987 3860 47¹1,
997 3777 1017 3808 ‘¹
1026 3796 1036 3853 ;
1065 3777 1213 3839 adduntur
1244 3777 1394 3852 vicissim,
1417 3777 1448 3838 in
1464 3777 1535 3857 ipsa
1558 3780 1668 3858 copula

329 3873 361 3936 3⁴
376 3864 485 3953 3d²l,“
508 3867 641 3948 praecise
664 3867 795 3948 duplum,
818 3865 888 3926 iude
911 3865 1007 3927 minus
1031 3876 1062 3928 et
1077 3867 1188 3942 minus,
1211 3874 1298 3946 prout
1320 3867 1492 3930 decrescunt
1515 3868 1668 3950 quadrata

330 3963 463 4033 sinuum;
487 3961 580 4020 donec
604 3958 632 4020 in
649 3956 771 4037 quadris
793 3955 882 4035 plane
905 3954 978 4016 nihil
1001 3955 1131 4018 additur.
1168 3955 1260 4018 Itaiu
1275 3955 1397 4037 quadris
1418 3974 1467 4036 pro
1485 3975 1546 4018 uuo
1570 3959 1666 4037 gradu

331 4049 448 4121 dist)
480 4070 498 4110 a
527 4043 566 4124 Θ
595 4056 740 4128 aequatae
771 4044 817 4106 bis
859 4042 1002 4106 sumenda
1037 4054 1107 4106 suut
1142 4054 1265 4127 propter
1299 4043 1421 4106 tertiam
1450 4047 1666 4126 aequationem

332 4135 386 4202 58¹
414 4130 530 4220 13²l,‘¹,
554 4137 582 4196 in
607 4135 720 4216 copulis
743 4151 797 4213 pro
820 4150 879 4194 uno
903 4131 998 4210 gradu
1024 4129 1059 4195 1⁰
1085 4133 1112 4195 l‘
1135 4129 1254 4215 ‘1772‘st

418 4225 478 4289 Sed
512 4226 600 4286 redeo
624 4226 661 4284 ad
694 4223 820 4302 priorem
855 4221 1063 4300 aequationem
1093 4230 1292 4298 menstruam,
1323 4220 1435 4303 inqua
1450 4221 1557 4298 vides,
1589 4225 1665 4288 siB

331 4323 465 4378 centrum
495 4313 653 4376 eccentrici
677 4312 718 4372 sit
741 4310 770 4371 in
792 4309 819 4372 L
842 4311 892 4373 vel
914 4309 949 4381 P,
972 4319 1047 4390 puta
1069 4310 1098 4372 in
1121 4309 1254 4390 copulis,
1276 4310 1355 4391 quod
1382 4321 1446 4374 turc
1468 4310 1559 4390 Luna
1582 4314 1666 4376 iuH
1739 4310 1740 4345 ³

328 4405 444 4487 posita,
477 4401 617 4485 aequatio
640 4401 740 4481 optica
762 4399 804 4460 sit
827 4399 928 4460 futura
956 4400 1083 4479 angulus
1104 4396 1209 4469 Lus,
1233 4400 1288 4462 sed
1308 4399 1426 4481 physica
1451 4418 1523 4480 pars
1547 4421 1664 4486 aequa-
1739 4398 1741 4465 i

331 4493 421 4557 tionis
452 4491 632 4554 desumenda
664 4491 705 4552 sit
737 4507 775 4550 ex
807 4507 879 4550 area
905 4485 994 4550 ΒΗΑ
1025 4488 1072 4550 bis
1101 4497 1218 4563 sumta,
1248 4488 1340 4551 semel
1371 4501 1419 4569 prt
1448 4489 1664 4556 constituenda

331 4581 507 4666 aequatione
530 4577 753 4664 inaequalitatis
777 4579 907 4651 solutae,
931 4575 1003 4638 item
1026 4594 1080 4656 pro
1102 4577 1280 4658 aequatione
1301 4586 1463 4640 menstuae
1491 4578 1662 4663 inaequali-

329 4675 422 4735 tatis:
447 4671 516 4754 quia
537 4663 589 4730 BC
614 4676 683 4729 tunc
708 4665 882 4740 absumitur,
906 4663 1030 4728 redacta
1051 4667 1081 4727 in
1104 4675 1246 4747 punctum
1269 4663 1310 4741 0,
1333 4677 1367 4728 ut
1389 4675 1421 4730 st
1441 4668 1663 4750 triangulorum

330 4759 579 4843 aequaturiorum,
604 4757 689 4818 unius
712 4774 766 4838 pro
790 4753 903 4828 soluta,
928 4753 1053 4816 alterins
1076 4773 1130 4834 pro
1153 4763 1306 4818 menstrua
1336 4756 1524 4838 aequatione,
1554 4763 1662 4823 eadem

329 4851 412 4914 basis
436 4850 504 4913 AL.
550 4845 693 4910 Vicissim
716 4864 772 4928 quo
796 4861 897 4906 mense
921 4843 1098 4905 centrumB
1122 4843 1256 4906 venitin
1279 4835 1409 4927 quadr'a,
1433 4845 1477 4908 ibi
1498 4852 1660 4929 perpendi-

331 4939 441 5005 cularis
464 4955 501 5000 ex
524 4945 627 5000 centro
650 4935 732 4996 cadit
750 4933 778 4994 in
794 4933 823 4994 A
847 4938 982 4994 centrum
996 4931 1117 5008 Terrae,
1140 4931 1239 5014 itaque
1252 4932 1305 4998 illo
1322 4951 1414 4998 mene
1436 4936 1503 5008 (vel
1521 4941 1659 5020 quinidii
