3517 5525
324 492 330 505 ¹
429 429 460 479 a
478 426 665 481 maara
683 428 714 480 a
730 434 801 481 nea
817 428 905 483 mnae
923 428 1019 483 unu.
1351 430 1394 499 8³

41 602 148 678 uuo,
173 610 250 669 tota
272 607 428 671 anomalia
440 607 626 689 signiticaret
638 608 740 673 circuh
754 626 864 685 meam,
889 627 964 689 ques
978 608 1075 690 major
1088 616 1137 673 eet
1150 627 1222 673 area
1236 608 1394 692 ellipoidis,

41 694 134 774 itaque
159 694 269 758 divisa
291 697 324 759 in
348 717 450 761 aream
473 697 577 760 circuli
598 697 755 763 constituit
771 697 836 762 ΡΟ.
882 698 928 761 At
946 698 1013 777 jam
1035 716 1094 761 non
1116 704 1165 761 est
1188 698 1315 761 circulus
1339 702 1394 765 ssd

42 782 207 862 ellipoides,
233 786 336 849 miuus
359 787 479 850 conficit
500 794 533 849 et
555 786 679 852 metitur
696 794 793 851 totam
811 786 1002 863 anomaliam,
1026 805 1097 867 ergo
1111 788 1179 869 plna
1193 788 1231 849 de
1245 790 1395 853 anomalia

41 872 121 935 cedet
141 874 249 938 radio.
290 875 417 939 Duobus
438 876 530 959 igitur
552 876 718 941 nominibus
742 876 952 941 eecentricitas
974 877 1008 939 iit
1035 877 1131 939 minor
1160 896 1248 959 quam
1269 878 1300 943 iu
1321 899 1394 960 per-

42 963 110 1025 lecto
134 962 274 1034 circulo,
308 966 391 1047 cujus
421 967 592 1030 dixeramus
621 986 689 1030 esse
717 966 871 1031 dimidiam
894 965 1148 1030 eccentricitatem
1178 966 1241 1047 ejus
1265 986 1340 1047 quae
1364 970 1395 1033 iu

41 1050 155 1115 ricaria.
209 1054 296 1117 Nam
317 1056 412 1134 primo
436 1056 506 1137 quia
528 1074 567 1117 ex
589 1056 734 1119 divisione
756 1056 859 1139 prodit
880 1055 1034 1136 quantitas
1057 1055 1135 1119 radii
1156 1055 1218 1131 PL,
1236 1056 1302 1133 PX,
1326 1058 1393 1123 ideo

41 1142 82 1221 pi
100 1150 181 1203 aunt
206 1164 306 1225 supra
317 1144 372 1207 PL
394 1152 427 1207 ot
447 1146 526 1208 inira
539 1145 597 1209 PX
614 1145 774 1227 longiores,
796 1148 865 1229 plus
888 1144 1042 1209 vindicant
1064 1146 1101 1207 de
1124 1146 1290 1209 anomalico
1313 1154 1393 1211 tcm-

39 1248 111 1309 pore.
161 1232 323 1313 Tempore
345 1233 438 1314 igitur
459 1234 489 1296 in
512 1235 610 1297 medio
632 1242 792 1299 attenuato
814 1235 896 1297 eirca
916 1233 953 1309 1,
977 1235 1021 1309 Μ,
1046 1234 1255 1297 ecceotricitas
1279 1254 1393 1317 quoque

37 1319 61 1381 ir
87 1322 299 1401 proportione
332 1323 556 1399 attenuabitur,
587 1326 765 1405 praesertim
797 1344 864 1389 enm
896 1320 935 1385 ab
957 1324 974 1386 I
995 1323 1089 1386 multo
1112 1324 1213 1405 plures
1236 1334 1394 1390 occurrant

36 1409 188 1490 longiores
222 1430 316 1491 quam
339 1434 359 1473 a
380 1412 420 1476 Κ.
464 1412 582 1475 Deinde
613 1415 649 1476 dt
679 1414 820 1495 aequatio
848 1413 952 1493 optica
984 1411 1083 1485 POH,
1112 1419 1144 1474 ct
1165 1412 1250 1476 ΗΡΟ
1280 1424 1389 1491 rectus,

37 1498 166 1561 debehat
190 1498 293 1580 igitur
316 1501 344 1564 ei
367 1502 501 1582 aequalia
525 1521 593 1565 esse
616 1503 708 1577 PLH.
732 1504 782 1567 ubi
805 1504 915 1567 iterum
937 1502 1020 1565 HPL
1044 1509 1161 1577 rectus,
1194 1521 1260 1564 cunr
1291 1512 1392 1569 autem

35 1586 82 1651 ΡΟ
104 1589 166 1651 hoc
192 1596 248 1651 est
272 1590 329 1653 ΡΝ
351 1590 393 1653 sit
415 1590 531 1671 longior
553 1611 642 1673 quam
658 1592 721 1667 PL,
745 1594 804 1657 erit
824 1593 917 1673 igitur
939 1598 971 1653 et
993 1590 1049 1653 ΡΗ
1071 1590 1101 1655 in
1124 1590 1258 1673 perfecto
1282 1592 1392 1656 circulo

34 1677 147 1759 lmgior
171 1697 274 1759 qnam
295 1680 353 1743 PH
374 1679 406 1743 in
429 1680 593 1745 deliciante.
639 1680 688 1744 Ex
709 1681 759 1745 his
780 1682 873 1748 etiam
895 1686 992 1763 patet,
1017 1699 1069 1743 cur
1094 1680 1177 1761 prius
1205 1678 1235 1743 iu
1258 1682 1391 1762 perfecto

35 1767 138 1831 circulo
176 1767 416 1833 observationes
448 1770 611 1833 octantium
645 1771 804 1835 conciliare
835 1790 896 1835 non
927 1769 1083 1849 potuerim.
1132 1769 1281 1850 Tempora
1313 1771 1391 1835 enim

34 1858 268 1921 accumulantur
290 1878 395 1921 versus
418 1878 586 1941 apogaeum
608 1866 643 1921 et
661 1860 833 1941 perigaeum
862 1866 969 1923 contra
999 1878 1117 1923 omnem
1145 1859 1248 1924 circuli
1280 1860 1387 1941 legem.

35 1947 156 2010 Vmaria
181 1966 264 2011 vero
287 1948 465 2031 hypothesin
487 1968 524 2011 eo
546 1950 613 2029 ipso
635 1950 666 2012 in
681 1950 746 2013 loco
761 1949 988 2013 accommodata
1002 1948 1068 2020 fuit,
1092 1948 1142 2011 uhi
1155 1948 1286 2011 maxima
1301 1950 1389 2013 diffe-

35 2036 142 2113 renda,
169 2056 221 2100 ac.
247 2036 279 2099 iu
304 2038 489 2114 octantibus,
515 2058 606 2120 quara
629 2040 672 2101 nil
693 2040 814 2116 mirum,
846 2037 990 2103 vicariam
1013 2038 1140 2101 officium
1163 2036 1193 2099 in
1218 2039 1393 2103 ceceutrioia

36 2124 102 2188 bris
123 2126 250 2189 facere.
288 2126 375 2190 Haec
398 2128 497 2191 omnia
518 2147 555 2189 eo
572 2135 722 2209 spectant,
746 2136 782 2191 ut
798 2128 914 2201 videas,
938 2124 1055 2209 quidet
1069 2125 1241 2209 utphyaica
1255 2126 1392 2191 dimidiet

38 2217 198 2297 aequantia
215 2216 488 2293 ecoentricitatem,
513 2236 580 2281 cum
593 2218 707 2280 vicaria
719 2218 788 2298 plus
808 2218 930 2283 dimidio
954 2222 1068 2279 sumat:
1094 2215 1203 2277 etenim
1219 2233 1256 2277 na
1269 2214 1391 2280 dubium

40 2304 187 2369 existeret
210 2305 247 2368 in
271 2306 421 2387 ellipoide,
444 2305 527 2387 prim
550 2307 764 2381 demonstravi,
786 2307 844 2371 hoo
860 2304 925 2370 deri
943 2304 1052 2367 debere
1066 2303 1095 2367 iu
1116 2306 1250 2387 perfecto
1272 2302 1393 2382 circulo,

38 2395 245 2458 ariminium
259 2404 413 2471 sumatur;
435 2403 545 2477 postea
558 2396 589 2459 iu
604 2395 744 2479 ellipoide
759 2397 857 2461 minus
871 2398 964 2460 etiam
979 2393 1099 2458 dimidio
1114 2414 1189 2475 opus
1204 2414 1271 2459 esse
1285 2396 1392 2476 patuit

115 2483 208 2557 Quid
228 2485 299 2565 jam
320 2485 416 2548 habes
438 2484 569 2566 amplius
591 2486 670 2567 quod
684 2492 716 2549 to
730 2479 883 2549 offendat?
917 2484 967 2547 An
983 2483 1052 2565 quia
1066 2484 1275 2565 compendiose
1290 2485 1393 2567 nequit

36 2574 202 2637 celculari?
252 2574 338 2636 Nihil
361 2574 461 2650 nobis,
485 2574 526 2635 mi
547 2574 683 2649 Fabrici,
716 2583 837 2658 praeter
866 2572 1062 2655 geometriam
1095 2573 1191 2635 deest.
1237 2572 1321 2636 Doce
1345 2593 1392 2636 mc

36 2663 220 2744 geometrice
242 2662 437 2741 constituere,
462 2662 618 2743 quadrare,
642 2666 805 2727 secundum
823 2665 928 2729 datam
943 2662 1090 2725 rationem
1105 2680 1209 2725 secare
1224 2661 1390 2745 ellipoidca,

37 2754 134 2816 satim
159 2752 285 2816 docebo
310 2762 341 2816 te
364 2773 403 2818 ex
425 2753 556 2835 genuina
578 2754 737 2836 hypothesi
761 2755 921 2823 calculare.
970 2752 1117 2835 Adeoque
1140 2750 1241 2815 excita
1262 2750 1316 2818 illa
1339 2760 1392 2818 tua

36 2843 157 2924 Belgica
192 2842 340 2923 ingenia,
369 2851 404 2907 ut
425 2843 474 2907 hic
495 2862 543 2906 me
562 2843 680 2924 juvent.
726 2843 772 2906 Eo
795 2865 889 2927 usque
919 2843 1059 2924 perveni,
1084 2849 1117 2906 ut
1141 2843 1254 2920 sciam,
1278 2842 1393 2906 circelli

38 2951 82 2995 eeu
111 2931 254 3018 epicycli
284 2932 376 3013 plano
413 2952 561 2998 summam
597 2933 744 2996 contineri
780 2935 927 3000 defectus.
975 2931 1131 3006 Quomodo
1161 2949 1232 2996 vero
1264 2932 1304 2994 sit
1335 2933 1392 2995 hoc

38 3022 204 3105 spatiolum
235 3021 473 3086 distribuendum
502 3021 624 3103 ignoro,
656 3030 690 3086 ut
713 3023 835 3088 cuilibet
865 3022 996 3108 portioni
1029 3021 1188 3086 ecceutriei
1214 3021 1297 3103 plani
1321 3041 1402 3100 surm¹

39 3111 172 3175 defectus
199 3111 400 3193 adjudicetur.
447 3113 513 3176 Hoc
535 3111 597 3175 scio
620 3112 792 3176 mechanica
815 3133 873 3200 seux
892 3132 947 3198 per
975 3119 1164 3179 tentamenta
1190 3129 1389 3188 numerorum,

38 3203 151 3267 riexA
166 3207 277 3264 centro
290 3201 393 3266 muudi
407 3201 504 3265 lineas
517 3203 651 3277 educam,
666 3209 698 3264 et
707 3202 734 3265 ai
744 3201 914 3268 BAGLFB

41 3292 164 3374 aequale
201 3297 255 3352 eat
282 3291 413 3371 spatium
449 3291 548 3374 spatio
580 3289 800 3366 omnmo,
817 3293 915 3374 majus
1092 3272 1147 3340 ΗΒ·
1169 3269 1212 3322 ²³·

39 3389 134 3444 tamen
159 3399 235 3444 ease
254 3379 337 3443 ΕΑΒ
356 3380 456 3462 spatio
469 3377 563 3456 ΕΟΙ),
588 3398 648 3442 non
667 3379 807 3444 obstante
826 3383 915 3463 quod,

38 3469 175 3534 ocari
199 3475 315 3545 rectus,
339 3476 410 3534 tunc
427 3468 565 3533 BFLAB
588 3469 715 3551 aequale
736 3490 804 3534 esse
818 3472 917 3553 possit

39 3562 132 3642 spatio
156 3556 297 3622 KECDI
318 3566 351 3622 et
372 3557 463 3622 LAG
484 3558 585 3639 spatio
608 3559 693 3632 KHI,
717 3559 818 3642 itaque
841 3561 913 3624 bre·

39 3651 98 3712 rina
114 3649 200 3712 KHI
224 3648 352 3730 aequale
370 3647 497 3730 longiori
516 3646 598 3725 KOI,
623 3648 694 3730 quia
715 3649 773 3712 hoc
795 3650 911 3728 exilius,

40 3739 105 3802 llud
126 3738 241 3802 latius.
288 3735 404 3810 Quodsi
426 3739 483 3800 hoc
511 3738 608 3801 solum
632 3737 775 3815 sciretur,
800 3748 914 3822 quauta

42 3837 115 3892 eset
135 3827 246 3911 portio
264 3825 359 3904 EOD,
375 3825 460 3902 KOI,
485 3827 668 3908 computatio
692 3827 808 3892 facilior
831 3837 914 3894 esset

43 3938 122 4001 quam
143 3919 181 3980 in
205 3915 315 3998 quavis
333 3916 395 3981 alia
417 3916 586 4000 hypothesi.
624 3918 787 3982 Possumus
809 3925 910 3982 tamen

44 4009 108 4071 nire
129 4007 289 4070 rationem
311 4005 433 4082 calculi,
466 4005 628 4071 distributa
650 4007 789 4090 ellipoide
813 4009 913 4072 orbita

44 4096 197 4180 inpartes
222 4091 291 4160 360
319 4096 479 4177 aequales,
517 4115 569 4159 seu
600 4096 701 4180 potius
724 4117 762 4162 ex
784 4099 911 4162 termino
1167 4143 1170 4152 .

45 4188 181 4270 cujusque
197 4203 289 4249 arcus
312 4186 421 4249 educta
442 4183 523 4250 linea
544 4185 583 4249 ad
602 4195 735 4252 centrum
748 4187 790 4252 A.
826 4189 910 4252 Tunc
1146 4210 1171 4256 u

133 4277 217 4340 ficut
240 4271 307 4339 360
334 4275 516 4356 aequabaaia
546 4275 714 4359 triangula,
747 4276 911 4342 verticibus

45 4365 114 4430 inA
139 4365 219 4429 Sole
250 4364 399 4428 coeuntia.
445 4363 605 4451 Sciturque¹
635 4368 722 4449 primi
751 4367 879 4432 altitudo
901 4365 978 4448 Ac,
1009 4365 1130 4452 fingitur
1159 4371 1286 4436 alterum
1319 4390 1386 4438 crus

46 4455 247 4538 aequealtum,
282 4453 352 4535 quia
380 4472 486 4535 parum
508 4455 604 4519 decet.
649 4456 750 4522 Datur
770 4456 864 4538 igitur
886 4478 957 4523 area
979 4460 1121 4542 trianguli
1149 4460 1237 4542 primi
1260 4460 1289 4526 in
1312 4481 1385 4544 pro-

44 4547 174 4625 portione
213 4562 305 4606 arcae
337 4541 425 4606 crffl
454 4563 508 4607 seu
539 4543 612 4608 0111
646 4547 800 4611 subtracto
838 4547 967 4614 defectu.
1012 4551 1062 4614 Ex
1093 4551 1260 4631 quantitate
1295 4552 1384 4633 hujus

44 4635 178 4716 &anguli
203 4633 296 4698 datur
313 4639 433 4716 tempus
456 4653 509 4698 seu
523 4636 684 4713 anomalia,
707 4657 746 4700 ax
763 4639 916 4703 anomalia
938 4640 1065 4704 altitudo
1087 4642 1210 4705 secundi
1232 4641 1383 4722 trianguli,

44 4743 73 4786 rr
92 4723 259 4788 altitudine
274 4743 356 4800 area,
381 4742 419 4786 ex
432 4743 503 4787 area
518 4732 636 4808 tempus
656 4734 688 4790 et
701 4728 860 4806 anomalia,
886 4748 961 4813 quae
980 4731 1088 4810 juncta
1100 4729 1193 4814 priori
1216 4731 1383 4796 anomaliae

44 4815 169 4878 aarum
199 4813 394 4876 altitudinem
425 4814 506 4877 tertii
537 4814 696 4897 trianguli,
728 4825 764 4882 et
788 4817 832 4880 sic
864 4826 1080 4900 consequenter
1115 4841 1208 4903 usqua
1237 4820 1277 4885 ad
1307 4815 1382 4888 360.

42 4901 215 4986 Praecipere
238 4903 379 4984 equidem
401 4921 532 4984 possum,
556 4912 591 4967 tu
614 4925 787 4988 exsequere.
965 4905 971 4912 ’

6 5035 10 5043 -
116 4992 280 5064 Describis
302 4993 377 5062 mihi
400 5000 432 5058 ot
453 5001 537 5061 tuam
559 4995 737 5081 hypothesin
761 5003 793 5062 at
814 4995 905 5080 petia,
928 5003 963 5063 ut
977 4997 1092 5066 calculo
1106 4999 1283 5064 examinem.
1320 4997 1384 5065 sec

1129 5099 1172 5155 6*
