3517 5525
443 498 456 504 η
560 405 689 479 340
1524 417 1606 470 De
1641 418 1859 474 Motibus
1900 423 2086 475 Stellae
2123 423 2298 475 Martis

1401 595 1509 662 Fig.
1548 594 1632 647 98·
2475 594 2904 660 administrari.
2937 593 3074 668 Quo
3088 601 3272 678 pacto

1477 694 1527 745 d*
2483 687 2583 750 via
2628 686 2805 750 nobis
2862 693 3075 767 aperta
3132 703 3273 747 esse

2483 776 2721 838 videtur
2747 776 2827 838 ad
2848 775 3274 857 geometricam

2482 864 2947 945 descriptionem
3036 863 3273 927 itineris

2480 953 2824 1038 planetarii,
2854 953 3012 1037 quod
3037 973 3114 1015 ex
3153 953 3274 1035 hy-

2480 1043 2718 1127 pothesi
2755 1062 2887 1124 cap.
2916 1043 3116 1107 XLV.
3166 1061 3274 1104 se-

2482 1132 2700 1216 quitur.
2771 1133 3059 1196 Dicamus
3088 1132 3276 1212 igitur

2482 1230 2697 1304 captus
2728 1240 2931 1297 causa,
2963 1222 3272 1303 planetam

2482 1332 2592 1394 per
2652 1311 2941 1374 ambitum
3017 1309 3276 1391 epicycli

2482 1408 2692 1465 tantas
2720 1421 2757 1461 a
2794 1400 2939 1463 Sole
2963 1423 3004 1461 α
3031 1399 3272 1481 digres-

2266 1524 2342 1576 ·.==
2388 1515 2419 1553 ρ
2487 1491 2690 1554 siones
2724 1490 2945 1565 facere,
3004 1508 3078 1551 ac
3117 1489 3171 1550 si
3210 1486 3275 1549 in

675 1482 703 1510 ,
827 1508 832 1513 ,
1252 1273 1418 1534 N

612 1548 655 1672 A
662 1525 905 1655 1)Χ
1053 1659 1080 1665 „
1155 1631 1161 1635 Λ
1338 1544 1364 1615 ⁸3
1420 1553 1464 1646 s}
1494 1610 1538 1642 .e
1913 1621 1973 1631 „-
2281 1590 2362 1720 x
2487 1578 2973 1643 circumferentia
3018 1575 3276 1658 perfecti

991 1686 1014 1702 ⁸
1058 1723 1068 1729 -
1491 1706 1497 1786 Ι
2486 1668 2805 1772 eccentrici
2837 1670 2916 1730 ὄλ
2935 1667 3065 1748 (qui
3086 1665 3276 1729 semi-

1436 1801 1440 1806 *
1492 1792 1495 1799 ·
2384 1795 2419 1823 ε
2482 1756 3280 1833 circulusesto,recta2.assd

1448 1842 1451 1843 ⁷
2297 1836 2347 1866 ‘⁹'
2485 1846 2795 1922 definitus)
2921 1845 3276 1927 aequalibus

694 2110 724 2138 ι
1351 2043 1407 2091 “s

1533 1962 1580 1994 ν
2203 1996 2209 2002 ,
2483 1936 2851 2018 temporibus
2989 1934 3277 2017 aequales

2487 2045 2663 2088 arcus
2695 2025 3082 2099 describeret,
3126 2031 3278 2106 puta

2488 2121 2582 2185 δε,
2628 2110 2715 2190 εζ,
2762 2111 2870 2189 ζθ,
2907 2119 3007 2189 θι,
3037 2136 3120 2187 nt,
3164 2115 3276 2189 κλ;

2487 2205 2577 2268 sic
2618 2212 2688 2267 ut
2714 2203 2918 2285 anguli
2947 2203 3028 2265 ad
3069 2204 3113 2280 β
3156 2202 3281 2265 sint

2486 2293 2791 2376 aequales,
2839 2299 2902 2354 et
2926 2293 2966 2370 β
2990 2299 3278 2373 punctum

2479 2382 2867 2463 aequalitatis
2891 2381 3009 2444 hoc
3033 2380 3279 2464 quidem

1463 2461 1545 2552 '2
1815 2480 1822 2484 ”
2479 2472 2643 2547 loco,
2697 2469 2799 2535 ubi
2844 2470 3151 2554 quaeritur
3198 2471 3276 2532 de

687 2638 689 2642 Α
2480 2561 2807 2624 distantiis.
2885 2559 3275 2624 Connectan-

563 2657 662 2712 tur
706 2657 934 2732 puncta
998 2649 1315 2713 divisionis
1364 2671 1497 2714 cum
1543 2674 1583 2713 a
1630 2658 1692 2712 et
1737 2649 1796 2726 β.
1891 2646 2084 2729 Igitur
2137 2648 2547 2713 semicirculus
2600 2650 2699 2713 hic
2758 2649 3129 2713 eccentricus
3176 2656 3277 2711 est

563 2758 724 2803 mere
769 2740 1051 2804 fictitius:
1100 2746 1335 2804 tantum
1363 2762 1469 2824 pro
1502 2738 1910 2820 computanda
1940 2757 2169 2801 summa
2205 2737 2410 2820 aliqua
2445 2740 2865 2804 distantiarum
2905 2738 3269 2802 delineatur.

567 2828 803 2901 Quodsi
847 2827 1094 2912 planeta
1149 2838 1277 2893 tam
1332 2831 1394 2893 in
1435 2836 1471 2892 6
1515 2850 1693 2912 quam
1740 2829 1801 2891 in
1829 2830 1865 2889 λ
1908 2828 2145 2909 aequali
2190 2825 2381 2909 gradu
2428 2830 2669 2893 virtutis
2717 2850 2793 2892 ex
2834 2830 2979 2893 Sole
3022 2847 3272 2909 promo-

569 2926 831 2995 veretur,
899 2920 1390 2999 quemadmodum
1429 2921 1560 2999 jam
1605 2919 1734 2999 ipse
1792 2937 2022 3000 quoque
2088 2918 2535 2982 conversionem
2602 2919 2989 3003 epicyclicam
3033 2936 3274 3000 semper

571 3007 969 3088 aequabiliter
1013 3009 1214 3072 moliri
1270 3009 1541 3091 ponitur,
1606 3015 1747 3070 tunc
1797 3026 1938 3068 vere
1983 3014 2192 3089 partes
2248 3009 2430 3070 hasce
2496 3010 2758 3072 eccentri
2804 3007 3129 3088 aequales,
3191 3026 3272 3068 ex

574 3097 786 3178 quibus
833 3098 1161 3161 distantias
1189 3099 1608 3173 desumsimus,
1656 3098 1978 3159 conficeret
2013 3097 2383 3178 temporibus
2432 3098 2801 3179 aequalibus,
2851 3097 3273 3159 etndistantiae

568 3196 904 3269 temporum
946 3206 1054 3269 per
1101 3187 1277 3270 signa
1322 3188 1635 3251 divisionis
1681 3193 2023 3249 notatorum
2070 3195 2275 3249 essent
2301 3188 2430 3249 ‘bae
2485 3189 2654 3268 ipsae
2702 3195 2805 3264 αδ,
2853 3209 2951 3262 as,
3001 3182 3100 3261 αζ,
3149 3188 3270 3261 αθ,

572 3302 662 3350 αι,
710 3300 816 3351 aa,
862 3279 966 3353 αλ,
1013 3296 1131 3339 non
1177 3285 1411 3341 tantum
1459 3276 1831 3357 quantitate,
1899 3276 2009 3338 sed
2055 3277 2238 3339 etiam
2282 3275 2600 3341 identitate
2648 3277 2839 3341 situs:
2896 3294 3018 3337 uuo
3060 3277 3269 3353 verbo,

571 3364 857 3446 planetae
902 3366 1020 3428 iter
1065 3373 1233 3429 esset
1278 3369 1416 3428 δθλ
1461 3364 1740 3428 circulus.

747 3452 872 3517 Sed
921 3453 1060 3535 quia
1103 3455 1353 3535 planeta
1395 3456 1526 3535 ipse
1575 3454 1900 3516 distantias
1949 3451 2186 3534 quidem
2231 3454 2569 3518 nominatas
2616 3461 2863 3536 propter
2891 3452 3267 3534 aequabilem

572 3542 1021 3607 conversionem
1084 3545 1335 3625 epicycli
1391 3551 1810 3625 repraesentat
1864 3544 1922 3605 in
1979 3543 2355 3623 quantitate,
2423 3552 2802 3626 promovetur
2850 3564 2987 3604 reru
3039 3564 3075 3604 a
3123 3540 3263 3604 Sole

571 3631 922 3712 aequalibus
971 3633 1339 3713 temporibus
1386 3632 1821 3714 inaequaliter,
1882 3632 2073 3695 minus
2131 3633 2289 3712 apud
2334 3640 2395 3709 ὅ,
2442 3635 2577 3714 plus
2624 3636 2778 3714 apud
2826 3636 2894 3704 λ,
2958 3630 3043 3692 sie
3095 3640 3159 3692 ut
3207 3632 3263 3692 iu

572 3719 930 3804 tempore*)
995 3740 1104 3801 per
1172 3723 1294 3799 ὄβα
1349 3721 1588 3802 signato
1645 3730 1710 3783 et
1753 3730 2096 3785 mensurato
2143 3742 2261 3785 non
2308 3722 2588 3786 absolvat
2633 3724 2894 3803 spatium
2942 3728 3043 3796 tlh
3107 3740 3259 3784 11³ss-

571 3811 834 3875 ciscatur
892 3819 1093 3873 tamen
1152 3809 1582 3891 longitudinem
1637 3811 1966 3874 distantiae
2025 3834 2142 3888 as,
2208 3818 2272 3873 et
2328 3813 2388 3875 in
2445 3820 2710 3893 tempore
2774 3816 2906 3892 [pet
2966 3816 3099 3888 Itfi's
3147 3812 3263 3892 ipsi

570 3902 703 3979 εβδ
746 3900 1060 3982 aequalem
1097 3900 1378 3980 angulum
1413 3903 1786 3972 mensurato)
1832 3901 1968 3982 plus
2016 3902 2294 3964 absolvat
2338 3901 2519 3982 spatii
2567 3921 2738 3983 quam
2802 3904 2890 3973 κῆ,
2946 3900 3263 3963 nancisca-

570 3999 668 4052 tur
712 3996 916 4052 tamen
962 3988 1393 4069 longitudinem
1424 3989 1751 4053 distantiae
1800 4013 1905 4065 ακ,
1953 3991 2120 4071 prius
2161 4009 2302 4071 ergo
2342 3991 2526 4053 habet
2560 3992 2806 4072 planeta
2842 3989 3267 4069 lungitudinffln

573 4079 902 4142 distantiae
964 4100 1048 4141 as
1105 4098 1281 4160 quam
1328 4078 1387 4140 in
1435 4103 1463 4142 s
1508 4098 1648 4141 vere
1693 4089 2105 4160 promovetur,
2163 4081 2326 4160 prius
2383 4081 2710 4143 distantiae
2770 4105 2846 4141 ιτεκ
2910 4101 3083 4161 quam
3135 4081 3187 4141 in
3239 4105 3267 4141 s

571 4175 1025 4249 promoveatur:
1075 4175 1137 4230 et
1182 4168 1480 4242 vicissim,
1530 4170 1764 4249 quando
1813 4169 1873 4230 in
1923 4193 1967 4244 s,
2002 4194 2034 4232 n
2076 4177 2476 4250 promovetur,
2517 4169 2645 4250 jam
2698 4173 2802 4229 fuit
2854 4169 3143 4233 distantia
3191 4193 3267 4229 ree

574 4266 637 4318 et
683 4278 795 4332 ακ,
841 4276 1067 4338 proque
1112 4275 1186 4319 ea
1222 4258 1350 4339 jam
1396 4258 1632 4320 brevior
1670 4258 1871 4339 aliqua
1899 4260 2032 4321 erit.
2108 4258 2366 4320 Planeta
2401 4258 2582 4338 igitur
2627 4260 2682 4321 in
2734 4285 2830 4333 ωε
2878 4273 2938 4321 et
2999 4261 3267 4321 omnihus

573 4346 909 4427 hujusmodi
971 4345 1161 4426 signis
1218 4344 1458 4428 propior
1517 4356 1614 4409 est
1674 4354 1896 4428 puncto
1961 4372 2001 4409 α
2058 4367 2235 4427 quam
2299 4348 2473 4428 signa
2531 4348 3047 4412 circumferentiae
3109 4370 3169 4423 s,
3212 4369 3262 4409 κ.

556 4434 918 4516 ‘Ingreditur
960 4435 1146 4514 igitur
1187 4428 1438 4517 planeta
1483 4435 1560 4497 ab
1608 4437 1890 4499 instituta
1935 4435 2140 4501 circuli
2188 4440 2274 4500 δλ
2317 4435 2706 4519 amplitudine
2753 4440 2830 4501 ad
2875 4445 3154 4519 punctum
3202 4458 3263 4511 α,

573 4531 780 4588 centro
827 4523 868 4602 β
911 4523 1185 4600 vicinum,
1233 4545 1342 4587 nec
1389 4534 1645 4606 unquam
1691 4526 1749 4587 in
1799 4525 2076 4589 circulum
2121 4526 2280 4590 huno
2323 4527 2536 4589 incidit
2579 4534 2998 4609 praeterquam
3039 4527 3099 4589 in
3146 4532 3200 4603 6,
3232 4528 3268 4588 λ

571 4611 829 4698 punctis.
921 4611 1080 4675 Nam
1125 4614 1186 4676 in
1232 4614 1507 4697 opposito
1555 4615 1925 4678 semicirculo
1972 4616 2128 4678 ratio
2177 4615 2481 4696 ingressus
2529 4624 2626 4679 est
2670 4618 2902 4680 eadem.

749 4814 806 4890 ¹¹)
846 4819 968 4875 Hoc
1006 4818 1145 4882 loco,
1190 4823 1406 4891 quando
1458 4824 1832 4890 computamus
1887 4821 2025 4876 nihil
2063 4821 2168 4876 nisi
2218 4821 2539 4878 distantiam
2579 4843 2675 4888 as,
2731 4825 2839 4879 hoc
2877 4830 2966 4878 est
3005 4843 3111 4898 αμ,
3166 4840 3266 4880 an·

573 4900 740 4970 gulus
782 4900 901 4971 δβε
943 4899 1172 4954 metitur
1212 4906 1453 4973 tempus,
1499 4900 1655 4972 cujus
1697 4900 1943 4975 genuina
1983 4908 2042 4957 et
2079 4901 2314 4978 physica
2355 4919 2612 4960 mensura
2649 4911 2739 4962 est
2777 4905 2919 4965 alias
2961 4905 3098 4985 δαμ
3139 4905 3265 4981 pla-

582 4978 765 5047 nities,
807 4987 872 5038 ut
911 4978 1057 5038 infra
1096 4980 1330 5053 patebit.
