3517 5525
296 356 339 431 56
715 354 816 413 nme·
834 356 938 429 sepes
959 355 1111 431 nomn·
1124 365 1231 413 essu

299 562 393 625 opus,
427 538 506 623 quod
529 538 740 615 ederentur,
772 538 852 620 apud
884 540 1070 603 academiam
1092 540 1252 620 deponere.
1293 543 1521 611 (conp.v01.11,
1546 562 1571 612 p.
1589 544 1650 610 ti.)

296 632 454 695 Refertum
478 636 526 691 est
549 628 737 693 creberrimis
761 640 793 690 et
816 629 989 691 lectissimis
1013 630 1163 712 helnonis
1186 627 1456 691 observationibus.
1494 627 1530 690 si
1553 628 1650 691 levis-

297 722 375 785 sima
397 738 467 801 spes
491 725 574 781 esset
597 719 634 779 de
658 717 862 798 Tengnaglio,
893 718 972 799 quod
995 718 1108 798 aliquid
1131 718 1174 780 sit
1193 718 1392 797 proiecturus,
1416 718 1458 779 nil
1481 736 1557 797 opus
1579 737 1651 779 esse

296 820 434 893 putarem
458 826 524 870 meo
557 806 682 869 consilio
706 807 887 888 Tychonicis
922 808 1101 870 observatis.
1147 810 1195 869 At
1216 807 1304 870 crede
1327 805 1419 881 mihi,
1453 826 1512 869 non
1536 806 1652 869 abere

297 908 407 975 metuo,
431 916 468 961 ne
484 915 541 977 quo
565 902 655 976 pacto
679 894 818 959 desertae
841 906 980 977 pereant.
1016 895 1138 967 Quaeso
1163 896 1233 977 quid
1256 895 1310 957 tibi
1334 894 1435 968 animi
1459 896 1486 957 si
1500 896 1654 978 Tychonis

296 990 363 1052 ioco
386 1006 472 1051 esses
496 995 529 1047 et
550 985 611 1049 ista
643 1003 797 1060 cerneres,
832 987 986 1049 suetiam
1019 1004 1215 1049 succenseres
1233 985 1325 1062 mibi,
1358 986 1414 1046 hoc
1437 1004 1547 1047 mauro
1570 986 1654 1067 qnod

299 1077 407 1159 agito?
444 1076 490 1137 De
515 1074 677 1156 eclipsibus
708 1075 816 1156 scripsi
844 1083 915 1140 aute
944 1095 1065 1139 menses
1097 1075 1224 1149 multos,
1256 1083 1290 1137 ut
1311 1082 1345 1136 et
1366 1073 1404 1136 de
1426 1075 1519 1154 stella
1541 1072 1654 1157 Cygni.

297 1167 359 1231 Sed
382 1165 451 1229 nolo
466 1173 497 1227 te
513 1182 612 1244 agere,
635 1173 727 1244 tange
742 1184 832 1227 unum
846 1165 1092 1247 horumquatuor
1104 1164 1216 1239 verbis,
1239 1163 1346 1244 quibus
1361 1162 1488 1225 totidem
1507 1182 1655 1226 annorum

299 1258 418 1336 culpam
441 1255 554 1317 silentii
578 1254 669 1317 eluse.
717 1253 925 1335 Vale-meque
949 1274 1027 1317 ama.
1073 1254 1192 1334 Pragae
1219 1252 1270 1316 14.
1293 1253 1368 1315 Dec
1394 1248 1490 1317 1604.

859 1344 976 1407 Excell.
1006 1344 1088 1405 Tuae

1044 1431 1176 1496 Gratiss.
1199 1427 1372 1511 Discipulos

1259 1520 1295 1584 J.
1318 1520 1492 1603 Ktepplar.
1515 1524 1594 1591 (nes)

392 1662 464 1725 Quae
481 1659 682 1713 Maestiinus
700 1660 733 1711 ad
751 1666 800 1712 tres
818 1662 968 1727 praemissas
986 1661 1071 1712 literas
1088 1662 1243 1729 responderit
1260 1658 1297 1724 (d.
1317 1658 1527 1723 sermione)
1545 1664 1660 1714 maxima

301 1742 420 1802 exparte
439 1732 591 1785 exhibuimus
609 1730 665 1782 Vol.
685 1732 718 1782 Π.
737 1748 761 1798 p.
783 1732 824 1791 15,
844 1732 905 1792 582,
923 1730 984 1783 lbi.
1003 1743 1130 1786 mserrata
1148 1734 1305 1785 conclusione
1329 1734 1427 1784 iliarum
1442 1734 1570 1784 literarum
1588 1735 1660 1787 bunc

301 1810 433 1861 inlocum.
466 1804 588 1861 Gratulor,
608 1804 694 1867 inquit,
713 1804 872 1855 vehementer
890 1804 1034 1871 etgaudsm
1053 1806 1142 1857 Martis
1160 1812 1254 1857 motum
1272 1805 1398 1871 bucusque
1415 1820 1432 1855 a
1449 1812 1476 1855 te
1494 1806 1660 1861 constrictum

302 1889 376 1946 tsqns
393 1881 474 1944 ipsum
491 1888 566 1941 prope
594 1875 738 1930 debellasse.
781 1874 874 1927 Verum
893 1891 958 1941 qnae
975 1878 1074 1940 scribis,
1104 1882 1184 1929 istem
1200 1891 1241 1927 me
1259 1893 1310 1929 nou
1327 1878 1428 1927 omnino
1450 1881 1548 1943 nsequi
1573 1892 1659 1943 possa.

304 1952 387 2016 capite
405 1950 471 2000 enim
489 1960 574 1997 carere
591 1946 712 1997 ridentur.
749 1946 821 1999 Unde
839 1949 937 2015 colligo,
955 1953 981 1997 te
999 1956 1077 1999 antea
1095 1964 1190 2015 quoque
1208 1950 1240 1999 de
1259 1949 1346 1999 eodem
1365 1949 1398 1999 ad
1414 1964 1455 2000 use
1473 1949 1610 2014 scripsisse,
1631 1956 1662 1999 et

302 2037 459 2073 numerorum
476 2019 588 2076 illorum,
615 2032 717 2083 quorum
733 2018 774 2070 hic
791 2022 942 2077 meministi,
969 2022 1089 2086 originem
1115 2021 1226 2084 adeoque
1249 2020 1415 2070 fundamenta
1442 2018 1502 2069 rnihi
1519 2021 1657 2085 indicasse.

304 2094 398 2144 Verum
415 2092 531 2157 qnoniam
548 2088 608 2138 illud
626 2092 742 2155 scriptum
759 2090 819 2140 urrini
836 2106 888 2141 non
905 2091 1028 2143 redditum
1041 2098 1086 2149 est,
1105 2093 1161 2141 ideo
1178 2092 1243 2141 haec
1255 2106 1320 2157 quse
1338 2093 1374 2141 eis
1393 2098 1562 2142 annectuntur
1580 2106 1661 2158 segre

304 2164 418 2231 percipio.
455 2162 486 2213 In
512 2162 600 2211 cotem
627 2167 697 2210 mum
724 2162 853 2215 conditum
878 2164 962 2227 probo.
998 2160 1050 2213 Sed
1075 2164 1144 2213 hisce
1170 2164 1227 2214 rxie
1253 2164 1353 2228 manre.
1392 2161 1461 2214 Dens
1479 2168 1506 2213 te
1532 2178 1589 2215 cum
1606 2166 1661 2213 tuis

305 2238 441 2287 clementer
458 2238 594 2289 conservet,
613 2238 642 2281 nt
659 2234 723 2297 quod
742 2235 795 2299 agis
813 2234 919 2285 feliciter
935 2248 1056 2301 peragere
1073 2236 1160 2299 possis·

391 2308 484 2357 Actum
502 2304 631 2369 Tubingse
650 2301 695 2357 dio.

391 2377 486 2439 Quibus
508 2374 634 2439 respondit
660 2374 783 2441 Keplerus
810 2376 937 2427 exsultans
964 2377 1055 2443 gaudio
1082 2378 1148 2442 qnod
1171 2376 1296 2427 silentium
1319 2374 1446 2426 hisestlini
1474 2377 1662 2442 quinquennale

302 2446 515 2519 provocationibus
533 2447 583 2495 suis
602 2446 706 2497 assiduis
724 2448 826 2499 taudem
844 2450 946 2513 ruperit,
964 2449 1031 2498 brevi
1043 2457 1099 2513 post
1116 2456 1235 2513 acceptas
1252 2448 1379 2498 Maestiini
1396 2448 1481 2499 literas
1499 2444 1537 2509 (5.
1550 2445 1659 2510 Martii).

303 2522 434 2575 Exordium
452 2518 524 2583 hujus
541 2518 706 2581 responsionis
723 2520 890 2585 proposuimus
908 2520 965 2569 Vol.
984 2520 1020 2571 Π.
1038 2522 1056 2569 i.
1076 2535 1098 2570 c.
1135 2518 1230 2581 Quibus
1255 2521 1394 2584 praemissis
1416 2522 1498 2586 pergit
1514 2520 1662 2584 Kepierns:

391 2594 438 2655 De
462 2590 594 2652 Martis
626 2600 724 2654 motu
754 2593 884 2654 scribam
913 2593 1035 2655 clarius.
1080 2593 1206 2654 Invenio
1235 2592 1267 2653 iu
1299 2575 1418 2653 theoria
1444 2594 1557 2654 Terrae
1587 2611 1661 2655 esse

305 2688 483 2766 aequantem
506 2686 538 2739 et
561 2678 625 2757 ejus
648 2682 904 2746 eooentrioitateru
919 2676 1025 2746 360οι
1049 2682 1209 2745 eccsntrici
1231 2700 1304 2744 vero
1332 2678 1417 2745 1800
1439 2682 1530 2760 piane
1553 2681 1660 2743 bisec-

304 2775 385 2836 tione
417 2779 621 2850 repugnante,
653 2780 688 2833 ut
718 2771 749 2833 in
781 2773 880 2834 Marte
910 2779 943 2833 et
976 2773 1055 2853 apud
1087 2770 1295 2834 Ptolemaeum
1327 2771 1357 2832 in
1390 2771 1528 2834 omnibns
1559 2772 1662 2834 tribus

304 2859 515 2944 superioribus.
562 2859 597 2920 Iu
623 2857 647 2932 Q
672 2868 704 2922 et
726 2861 748 2939 d
771 2861 827 2924 boc
851 2861 947 2940 ipsum
979 2861 1116 2943 arguitur
1136 2880 1193 2941 per
1221 2861 1373 2924 circellum
1406 2861 1502 2923 centri
1530 2861 1661 2944 epinycli

304 2953 464 3016 librantem
486 2947 534 3008 vel
558 2947 826 3031 circumagentem,
856 2959 888 3012 et
910 2970 1003 3013 causa
1033 2951 1159 3031 pulchra
1189 2959 1335 3033 apparet,
1359 2969 1411 3012 cur
1433 2951 1464 3011 in
1488 2949 1661 3012 contrarias

304 3039 530 3104 Venerius'eat
551 3035 740 3102 Mercuriali:
765 3039 794 3101 in
820 3041 940 3126 Venere
963 3049 1012 3103 est
1034 3040 1179 3103 dimensio
1202 3039 1407 3102 exactissima.
1444 3041 1523 3102 Nam
1546 3059 1663 3103 eccen-

305 3131 425 3195 triciias
449 3124 490 3204 Θ
514 3121 589 3197 417,
613 3127 725 3192 circelli
750 3129 775 3202 Q
800 3131 907 3194 semid.
931 3127 1006 3194 208.
1052 3129 1238 3212 Hypothesis
1262 3129 1372 3190 Martis
1400 3127 1559 3192 verissima
1582 3131 1662 3191 baec

308 3230 372 3284 est:
397 3215 607 3280 ecceutricitas
630 3215 717 3282 9300
740 3221 868 3295 circiter,
894 3219 1053 3299 sequentis
1074 3238 1146 3280 vero
1172 3216 1290 3291 18600,
1314 3217 1464 3299 apheiium
1485 3219 1516 3280 in
1540 3215 1603 3284 29⁰
1623 3225 1662 3294 0,

307 3310 403 3374 nodus
433 3306 464 3368 iu
499 3299 602 3384 1611,ο
633 3318 677 3386 til.
731 3309 931 3390 Deprehendo
962 3307 1149 3383 certissime,
1183 3307 1315 3370 ordinari
1347 3307 1548 3370 eccentricnm
1576 3308 1664 3370 circa

307 3417 411 3462 verum
433 3414 541 3476 corpus
566 3391 621 3470 Θ,
656 3415 712 3460 non
730 3398 822 3459 -oirca
853 3406 996 3478 punctum
1025 3397 1114 3460 medii
1139 3397 1196 3458 iooi
1220 3396 1302 3458 Solis
1327 3395 1574 3477 (lopernioaunrn.
1621 3399 1663 3460 Id

309 3509 347 3551 ex
378 3483 639 3550 observationibus
671 3486 806 3566 plurimis
842 3487 937 3566 probo
968 3485 1045 3566 Gap.
1079 3484 1132 3549 51.
1190 3485 1348 3565 Proportio
1380 3486 1496 3548 orbium
1528 3484 1664 3552 152500

310 3577 448 3649 circiter,
480 3572 530 3635 ubi
559 3573 641 3652 prius
673 3573 821 3637 habebam
856 3571 1002 3649 152650,
1033 3593 1100 3636 curu
1128 3594 1148 3635 a
1178 3574 1368 3654 paucioribus
1399 3575 1664 3641 observationibus

310 3676 434 3730 starem.
479 3661 693 3724 Distantiae
717 3685 736 3726 a
759 3663 844 3726 Sole
868 3683 936 3726 non
962 3672 1002 3726 ut
1023 3664 1058 3723 in
1091 3663 1228 3727 circulo
1262 3664 1442 3743 perfecto,
1475 3666 1542 3728 sed
1563 3676 1603 3729 ut
1624 3669 1662 3730 in

309 3753 428 3830 ovali,
462 3751 562 3830 cujus
585 3751 675 3814 haec
704 3754 851 3815 tandem
872 3761 963 3833 post
994 3752 1168 3814 infinitos
1197 3753 1344 3815 labores
1377 3755 1583 3836 descriptio
1606 3757 1663 3820 in-

394 3916 399 3927 ,
547 3848 656 3905 venta
679 3850 751 3920 est,
775 3852 808 3906 nt
830 3850 1014 3906 commutato
1033 3841 1202 3904 eccentrioo
1220 3843 1249 3904 in
1267 3844 1595 3927 concentu-epicyeium
1618 3849 1665 3909 sit

372 3915 426 3980 1⁰¹⁸·
446 3911 488 3962 ¹¹·
548 3933 578 3994 s
601 3931 674 4001 sn,
704 3933 761 3994 us
784 3933 907 4007 renus,
939 3933 996 3994 sn
1020 3928 1126 4005 9300,
1158 3932 1216 3994 ss
1244 3934 1378 4011 parrer,
1411 3934 1492 3996 ern
1523 3945 1662 4000 centrum

548 4021 742 4102 aequalitatis
764 4024 867 4102 puncti
880 4023 908 4083 B
922 4023 1004 4084 circa
1017 4023 1056 4096 A,
1080 4028 1112 4082 et
1126 4022 1154 4082 D
1169 4022 1250 4084 circa
1262 4023 1299 4097 Β,
1324 4023 1413 4103 idque
1432 4023 1494 4086 iere
1519 4027 1663 4099 (accom-

412 4025 432 4069 n

144 4081 157 4099 N
336 4065 510 4712 Q>
548 4112 636 4175 modo
669 4110 748 4174 enim
779 4131 826 4174 me
857 4112 906 4173 hic
929 4111 969 4172 ad
997 4110 1137 4191 antiquas
1165 4111 1348 4193 hypotheses
1380 4131 1447 4176 cum
1477 4113 1662 4178 detrimenta

318 4227 333 4282 p
430 4261 502 4270 ,-
549 4201 762 4276 certitudinis),
778 4209 820 4276 nt,
841 4201 971 4283 inquam,
987 4200 1035 4262 his
1048 4201 1092 4262 sio
1106 4200 1262 4262 instructis
1277 4221 1428 4264 sumamus
1440 4220 1496 4282 pro
1510 4203 1662 4268 distantia

550 4289 608 4353 οΑ
630 4290 806 4353 distantiam
828 4291 896 4354 BA.
933 4289 1055 4361 Quanto
1077 4290 1170 4369 igitur
1193 4291 1310 4352 brevior
1333 4298 1382 4354 est
1398 4292 1457 4354 BA
1479 4311 1567 4373 qnam
1591 4293 1663 4368 CA,

385 4637 444 4880 i

414 4873 444 4946 ‘lt

548 4388 635 4442 tanto
658 4381 758 4460 spatio
782 4380 882 4443 orbita
902 4381 1051 4460 ‘planetae
1080 4379 1182 4441 delicit
1202 4379 1284 4442 circa
1312 4380 1514 4462 longitudines
1542 4385 1664 4448 medias

551 4491 571 4534 a
592 4471 738 4532 circulari.
774 4470 882 4551 Itaque
904 4471 961 4532 hoc
979 4469 1102 4531 mudum
1125 4469 1234 4532 laisum
1256 4471 1408 4533 inventum
1422 4480 1480 4548 est,
1503 4473 1662 4552 planetam

549 4561 579 4621 iu
603 4560 737 4642 epinyclo
761 4559 933 4639 circumagi,
958 4558 1037 4640 quod
1051 4565 1114 4620 tam
1128 4557 1177 4620 diu
1198 4559 1437 4637 pertinacissime
1459 4563 1576 4638 tuebar,
1602 4565 1661 4626 sed

551 4667 670 4732 semper
692 4649 931 4732 repugnantibus
953 4647 1134 4710 observatis.
1180 4648 1248 4709 Non
1276 4647 1369 4728 igitur
1397 4651 1608 4734 circumagitur
1630 4654 1663 4715 in

550 4739 702 4823 epioycio,
734 4739 788 4800 sed
812 4740 938 4802 libratur
960 4738 991 4799 iu
1015 4736 1081 4816 ejus
1110 4736 1275 4798 diametro:
1307 4740 1465 4819 quodnisi
1495 4751 1661 4819 statuatur,

554 4827 605 4891 15Ι
630 4838 661 4892 ct
684 4829 812 4910 amplius
834 4828 1049 4908 discrepabunt
1070 4827 1243 4906 parallaxes
1266 4827 1348 4890 orbis
1377 4831 1468 4894 nunni
1489 4832 1529 4894 ab
1552 4833 1662 4896 obser-

551 4919 642 4984 vatis.
689 4918 751 4982 Sed
774 4937 868 5001 neque
891 4918 918 4979 E
942 4926 991 4980 est
1013 4916 1149 4999 praecise
1178 4923 1323 4994 punctum
1351 4920 1561 5001 aequalitatis,
1583 4943 1662 5006 pec-
