3517 5525
107 375 113 401 .
229 351 294 423 284
713 349 753 407 na
770 346 878 406 uorsus
897 343 990 406 sara
1008 349 1097 406 rrae„

187 573 189 578 2
230 533 323 598 Solis.
361 534 444 613 Ergo
463 537 535 595 &aa
555 533 636 594 linea
652 549 769 614 semper
783 533 947 614 parallelos
962 532 1021 596 erit
1034 531 1131 594 lineae
1152 528 1376 613 apogaeiSolis
1389 553 1440 594 aa.
1470 527 1579 604 Quod-

121 669 123 674 .
231 621 258 686 si
277 622 452 706 parallaxes
475 617 599 684 diurnas
621 621 731 685 Martis
753 622 784 684 in
808 642 845 684 ea
866 621 1059 704 proportione
1082 621 1122 682 ad
1143 620 1317 701 parallaxes
1340 621 1436 696 Solis,
1466 621 1582 702 inqua

231 720 302 774 sunt
330 712 512 792 aTycbone
540 711 695 792 proditae,
727 711 900 774 retinendas
931 706 1105 785 arbitraris,
1134 711 1193 772 erit
1220 713 1301 786 salu
1322 710 1414 772 etiarn
1442 709 1581 791 aequalis

229 801 365 863 theoriae
389 800 488 864 Solis:
513 808 674 880 propterea
697 809 729 863 et
749 805 799 862 do
823 801 958 882 aequalis
982 799 1199 862 eccentricitati
1221 800 1324 882 puncti
1344 822 1373 884 a,
1396 801 1478 862 cirea
1499 797 1582 880 quod

231 891 285 953 Sol
300 895 435 952 movetur
456 888 630 970 aequaliter.
669 889 731 953 Sed
751 889 826 952 etin
842 898 945 970 partes
965 889 1088 950 easdem
1102 897 1237 951 movetur
1258 893 1347 964 ικλμ,
1370 888 1401 952 in
1420 909 1494 972 quas
1512 888 1580 971 ipse

213 979 286 1043 'Sol
309 980 339 1041 in
363 998 417 1040 suo
440 977 550 1040 circulo
575 977 736 1040 secundum
758 977 977 1041 Ptolemaeum:
1002 987 1034 1039 et
1055 979 1162 1040 iisdem
1184 979 1378 1060 temporibus,
1400 978 1508 1040 iisdem
1532 976 1583 1038 vel

231 1067 481 1148 respondentibus
504 1067 534 1129 in
558 1067 632 1129 locis
656 1075 780 1148 uterque
805 1069 1003 1148 reperiuntur,
1028 1067 1082 1129 Sol
1104 1067 1135 1130 in
1154 1088 1208 1129 suo
1225 1069 1392 1130 eccentrico
1411 1075 1443 1130 et
1457 1068 1583 1149 planeta

232 1157 265 1220 in
292 1175 346 1218 sno
379 1156 527 1238 epicyclo;
556 1157 600 1217 sic
623 1164 657 1218 ut
678 1157 776 1219 lineae
800 1176 838 1217 ex
860 1180 877 1219 τ
899 1177 952 1238 per
975 1156 1079 1219 Solem
1106 1165 1137 1218 et
1159 1176 1197 1218 ex
1219 1179 1235 1217 o
1258 1177 1312 1240 per
1334 1157 1487 1238 planetam
1509 1175 1582 1237 per-

207 1319 212 1330 1
232 1253 323 1327 petuo
347 1245 408 1307 sint
429 1245 579 1326 paralleli,
603 1245 729 1307 docente
752 1245 856 1308 itidem
879 1244 1063 1308 Ptolemaeo.
1111 1246 1229 1310 Ceteris
1253 1266 1324 1330 ergo
1348 1247 1485 1309 omuibus
1508 1265 1582 1307 con-

234 1334 441 1409 sentientibus,
466 1353 519 1396 cur
541 1353 600 1396 non
624 1342 656 1396 et
677 1335 734 1397 hoc
757 1335 946 1406 consentiat?
964 1342 1007 1409 ut,
1030 1333 1102 1416 quia
1122 1337 1203 1411 ικλμ
1225 1356 1283 1399 non
1306 1335 1387 1399 circa
1405 1358 1420 1398 a
1438 1341 1583 1410 centrum,

235 1424 291 1487 sed
319 1423 400 1485 circa
424 1446 440 1485 ο
468 1431 609 1504 punctum
633 1423 769 1505 superius
792 1425 959 1507 aequaliter
982 1432 1135 1500 movetur,
1168 1426 1247 1507 quod
1276 1425 1332 1488 hoc
1364 1424 1430 1487 loco
1458 1425 1585 1487 demon-

185 1583 187 1591 ,
238 1520 367 1576 stratum
397 1519 447 1574 est
477 1513 663 1593 transpositu
693 1513 853 1575 eccentrici
884 1513 1039 1576 terrestris
1069 1514 1100 1576 in
1128 1515 1308 1595 epicyclum,
1345 1515 1376 1576 in
1405 1535 1463 1597 quo
1484 1533 1542 1595 pro
1565 1536 1602 1575 a·

240 1609 351 1684 puncto
374 1601 456 1664 nacti
481 1620 582 1663 sumus
605 1608 644 1678 d,
672 1622 726 1683 pro
749 1627 778 1683 y,
796 1625 825 1674 a,
849 1611 880 1664 et
900 1621 956 1683 pro
978 1625 1013 1672 rr,
1031 1626 1065 1679 o,
1090 1603 1134 1666 sic
1158 1604 1249 1664 etiam
1271 1604 1302 1666 in
1325 1603 1397 1668 Sole
1420 1605 1486 1685 ipso
1509 1603 1587 1665 haec

241 1692 303 1754 sint
326 1691 434 1766 divisa,
459 1689 502 1752 ita
524 1698 558 1751 ut
580 1715 626 1753 aa
648 1692 870 1767 eccentrieitas,
902 1712 977 1772 quae
1006 1711 1044 1753 ex
1066 1691 1225 1757 Solaribus
1256 1693 1514 1756 observationibus
1535 1691 1587 1754 in-

239 1781 377 1856 venitur,
410 1779 573 1842 bisecanda
602 1781 694 1843 sitin
719 1779 760 1856 ξ,
786 1788 817 1842 et
840 1781 880 1844 sit
903 1780 1073 1854 §centrum
1096 1781 1254 1844 eccentrici
1276 1782 1359 1845 Solis
1382 1783 1495 1864 luco?
1516 1799 1588 1844 nam

238 1869 295 1933 tali
317 1887 460 1954 processu
474 1869 667 1932 Ptolemaeus
689 1871 792 1946 utitur,
816 1879 849 1933 ut
864 1877 1019 1952 appareat,
1044 1871 1071 1932 si
1089 1871 1302 1952 apparentibus
1316 1871 1399 1934 Solis
1421 1871 1496 1934 loeis
1514 1889 1588 1932 usus

239 1967 332 2029 esset,
357 1956 475 2020 omnino
500 1958 589 2020 etiam
614 1960 718 2021 eadem
743 1959 967 2021 eccentricitate
991 1979 1112 2022 usumrn
1128 1960 1222 2022 fuisse
1237 1960 1267 2022 in
1287 1961 1420 2044 epicyclo
1436 1960 1587 2041 planetae,

238 2067 327 2130 qnam
349 2047 380 2109 in
404 2045 475 2110 Sole
498 2046 747 2127 deprehenderat.
793 2048 991 2111 Testantibus
1013 2040 1105 2129 igitur
1134 2049 1392 2117 obseruationibus
1416 2051 1453 2112 de
1476 2048 1591 2130 duplici

239 2135 366 2220 epicycli
388 2135 567 2202 Ptolemaici
599 2137 823 2200 eccentricitate
857 2137 1087 2219 (quiapropter
1109 2138 1255 2201 linearum
1276 2138 1528 2220 parallelitatem,
1555 2144 1591 2200 nt

235 2227 361 2302 dictum,
394 2225 499 2288 eadem
526 2225 679 2306 triangula
705 2234 836 2302 manent,
862 2245 938 2308 quae
962 2235 1049 2288 erant
1070 2227 1101 2291 iu
1123 2228 1220 2290 forma
1243 2227 1480 2309 Copemicana),
1500 2227 1591 2308 jubet

236 2336 292 2392 nos
314 2314 483 2378 Ptolemaei
512 2314 635 2394 genius,
668 2316 760 2378 etiam
793 2314 877 2378 Solis
905 2316 1160 2378 eccentricitatem
1182 2316 1335 2394 bisecare,
1368 2326 1402 2381 ut
1423 2318 1468 2382 sic
1490 2317 1588 2380 lineae

236 2408 281 2476 λι,
299 2427 349 2488 ρκ,
364 2405 415 2478 ci,
429 2427 474 2480 υμ
493 2403 633 2483 paralleli
656 2411 807 2468 maneant.

324 2495 391 2555 Hac
414 2491 515 2575 itaque
538 2494 656 2554 ratione
680 2491 772 2555 etiarn
794 2493 970 2557 Ptolemaeo
992 2495 1237 2576 persuadebitur,
1268 2519 1310 2560 aa
1331 2495 1589 2561 eccentricitatem

237 2589 337 2645 motus
361 2581 450 2646 Solis
476 2601 495 2642 a
517 2582 658 2664 Tychone
687 2581 840 2644 inventam
870 2581 1064 2645 bisecandam
1094 2603 1162 2646 esse
1190 2585 1221 2646 in
1244 2584 1277 2661 ξ,
1310 2593 1343 2648 ut
1365 2585 1448 2650 Solis
1471 2583 1590 2649 orbitae

238 2679 372 2734 centrum
396 2669 488 2733 sitin
511 2669 537 2745 ξ,
562 2671 730 2752 aequalitas
751 2680 849 2735 motus
873 2671 905 2733 in
927 2692 952 2732 τ.

325 2763 410 2824 Haec
433 2759 524 2841 igitur
548 2762 768 2841 argumentatio
792 2762 823 2822 in
846 2762 943 2823 forma
966 2758 1153 2824 Ptolemaios
1175 2763 1235 2836 (uti
1249 2766 1337 2826 modo
1359 2764 1417 2827 dici
1437 2764 1590 2845 coeptum)

238 2868 297 2914 non
327 2858 375 2913 est
401 2850 526 2925 firmior,
556 2870 645 2933 qnam
674 2868 835 2931 compages
863 2850 931 2931 ipsa
960 2850 1062 2912 mundi
1090 2852 1286 2914 Ptolemaica
1340 2855 1419 2917 Nam
1451 2852 1501 2935 qui
1531 2853 1591 2916 boc

237 2939 412 3004 Ptolemaeo
437 2938 541 3015 credit,
564 2940 595 3001 in
617 2940 713 3001 tribus
737 2939 942 3021 superioribus
965 2939 1066 3003 inesse
1085 2942 1211 3003 totidem
1231 2942 1365 3006 theorias
1380 2942 1591 3025 epicyclorum,

239 3028 445 3092 adamussim
468 3028 636 3109 aequalium
657 3028 792 3091 theoriae
816 3028 910 3103 Solis,
933 3028 963 3090 in
988 3029 1156 3111 quantitate
1180 3037 1211 3093 et
1234 3033 1379 3113 qualitate
1402 3050 1469 3095 cum
1490 3032 1592 3095 linea·

238 3138 303 3182 rum
322 3126 389 3181 turn
410 3125 543 3180 motuum
567 3118 685 3181 omnino
710 3119 849 3193 omnium,
891 3118 970 3180 idem
993 3138 1083 3181 uuam
1105 3120 1183 3183 hanc
1207 3120 1427 3185 dissonantiam
1449 3140 1509 3183 non
1531 3120 1590 3182 ad-

238 3208 349 3284 mittet,
375 3207 428 3271 sed
452 3226 490 3269 ex
508 3207 642 3291 epicyclo
658 3208 763 3270 lubens
778 3207 809 3269 in
824 3206 973 3269 theoriam
988 3206 1079 3282 Solis,
1103 3217 1247 3294 tanquam
1262 3232 1281 3272 a
1295 3210 1444 3293 speculari
1458 3208 1589 3290 imagine

239 3298 271 3361 in
292 3298 390 3379 ipsam
412 3296 533 3373 faciem,
557 3294 706 3359 derivabit
728 3294 806 3358 hanc
829 3315 944 3378 quoque
967 3295 1174 3360 bisectionem.

327 3386 461 3450 Tandem
483 3404 566 3461 vero,
589 3384 639 3449 ubi
656 3384 865 3467 hypothesium
881 3385 1067 3465 comparatio
1082 3387 1223 3450 instituta
1238 3388 1329 3450 fuerit
1346 3388 1586 3469 apparueritque,

241 3484 367 3561 quatuor
390 3476 463 3549 (imo
487 3494 558 3551 aex,
589 3481 624 3536 nt
654 3473 727 3535 alibi
751 3472 882 3547 dicetur)
910 3474 1045 3536 theorias
1068 3476 1150 3540 Solis
1175 3496 1212 3538 ex
1237 3497 1298 3539 una
1323 3476 1442 3539 theoria
1463 3478 1587 3553 Terrae,

238 3573 382 3649 tanquam
412 3565 515 3645 plures
544 3563 692 3643 imagines
717 3560 755 3623 ab
778 3581 837 3623 una
860 3561 1172 3644 laciesubstantiali,
1197 3566 1379 3628 descendere
1402 3586 1509 3647 posse:
1533 3566 1589 3629 Sol
1688 3612 1700 3630 ,

239 3655 305 3736 ipae
328 3654 467 3717 veritatis
490 3652 676 3716 clarissimus
700 3670 817 3714 ornnem
844 3652 923 3713 hunc
945 3662 1124 3734 apparatum
1143 3655 1360 3717 Ptolemaieum
1380 3674 1434 3719 cen
1449 3656 1590 3737 butyrum

242 3742 435 3827 colliquebit,
468 3749 499 3805 et
521 3739 690 3805 Ptolemaei
717 3739 852 3803 asseclas
884 3741 995 3821 partim
1025 3745 1055 3807 in
1080 3742 1252 3824 Ccpemici,
1283 3746 1393 3826 partim
1424 3746 1456 3808 in
1477 3744 1590 3808 Brahei

242 3840 345 3896 castra
367 3830 536 3914 dissipabit.

331 3922 467 3995 Quaerat
496 3920 545 3983 hic
577 3918 705 4003 aliquis,
739 3936 805 3981 cum
841 3918 994 4001 epioyclus
1022 3918 1231 3984 Ptolemeicus'
1255 3920 1318 3984 tria
1345 3922 1458 3986 habeat
1477 3930 1591 4005 puncta

243 4011 398 4088 notabilia,
422 4032 438 4073 a
459 4017 602 4085 centrum,
625 4013 651 4069 θ
672 4015 814 4089 punctum
837 4010 918 4089 quod
941 4008 1071 4071 diximus
1091 4010 1251 4087 'affixionia
1274 4020 1306 4073 et
1321 4034 1337 4073 ο
1353 4019 1494 4094 punctum
1510 4012 1591 4075 circa

244 4102 324 4183 qnod
345 4109 443 4164 motus
466 4101 530 4181 ejus
553 4097 687 4181 aequalis
711 4105 772 4174 est;
803 4097 917 4160 dictum
939 4117 1011 4161 vero
1034 4099 1091 4175 sit,
1121 4100 1231 4161 lineam
1253 4106 1301 4163 do
1323 4120 1443 4163 manere
1467 4101 1526 4185 ipsi
1549 4123 1591 4163 aa

239 4190 422 4273 parallelum
443 4208 498 4272 per
519 4206 636 4251 omnem
660 4186 830 4267 circuitum:
856 4186 961 4269 quales
985 4206 1055 4267 ergo
1078 4188 1220 4251 circuitus
1243 4190 1451 4253 describantur
1474 4210 1493 4252 a
1514 4190 1590 4252 reli-

245 4278 312 4362 quis
343 4279 459 4342 dnobus
486 4278 606 4360 punctis
634 4299 650 4338 a
678 4283 710 4337 et
733 4276 772 4337 o?
825 4276 877 4338 Ad
904 4276 960 4338 hoe
987 4277 1201 4339 declarandum
1233 4279 1379 4341 ducantur
1406 4299 1444 4340 cx
1474 4278 1492 4353 ξ
1521 4287 1553 4341 et
1573 4302 1592 4341 a

245 4369 305 4451 ipsi
328 4392 348 4432 c
355 4370 384 4447 β,
408 4368 479 4430 item
503 4386 541 4429 ex
563 4370 623 4449 β,χ
646 4364 705 4446 ipsi
727 4386 774 4426 aa
796 4364 945 4445 paralleli,
969 4384 1099 4447 eousque
1122 4366 1217 4429 donec
1240 4388 1272 4430 se
1296 4374 1397 4430 mutuo
1422 4370 1589 4432 secuerint:

247 4465 279 4521 et
300 4459 445 4522 lineamm
468 4476 506 4519 ex
528 4456 545 4529 ξ
567 4463 599 4517 et
620 4456 640 4533 β
662 4454 756 4516 sectio
781 4454 822 4515 sit
845 4474 880 4531 q,
905 4473 943 4515 ex
964 4453 982 4527 ξ
1004 4462 1036 4516 et
1057 4481 1074 4537 χ
1097 4456 1139 4517 sit
1160 4470 1200 4536 ψ,
1223 4475 1261 4517 ex
1283 4481 1300 4518 a
1322 4465 1353 4519 et
1375 4459 1396 4536 β
1418 4458 1499 4534 site,
1522 4477 1591 4519 exa

247 4554 280 4610 et
308 4573 326 4631 χ
353 4548 395 4611 sit
421 4570 454 4608 o.
502 4542 757 4618 Quemadmodum
786 4541 878 4621 igitur
900 4551 1041 4623 punctum
1062 4550 1089 4606 θ
1109 4542 1242 4608 decurrit
1264 4546 1294 4607 in
1318 4546 1503 4624 eccentrico,
1541 4546 1591 4629 qui

247 4638 416 4719 descriptus
447 4651 485 4697 ex
514 4636 534 4713 β
560 4633 742 4713 regulariter
768 4638 905 4694 movetur
934 4631 1015 4695 circa
1041 4658 1072 4715 χ,
1103 4634 1147 4697 sic
1169 4657 1185 4697 a
1207 4636 1338 4697 decurrit
1359 4635 1390 4697 in
1415 4635 1590 4711 eccenuieo,

249 4726 301 4809 qui
323 4726 493 4806 descriptus
516 4741 553 4785 ex
576 4744 598 4801 q
620 4721 798 4801 regulariter
819 4727 955 4784 novetur
977 4723 1058 4785 circa
1078 4736 1114 4804 q,
1135 4732 1167 4785 et
1188 4746 1205 4785 ο
1228 4724 1360 4787 decurrit
1380 4724 1592 4788 ineeceutrico

250 4816 342 4878 tertio
370 4813 520 4897 prioribus
551 4811 687 4875 similiter
718 4808 852 4892 aequali,
884 4810 934 4891 qui
965 4812 1134 4892 descriptus
1156 4810 1202 4873 'ex
1222 4838 1238 4883 ς
1256 4814 1434 4893 regulariter
1455 4821 1593 4876 movetur

252 4904 334 4969 circa
355 4927 389 4967 a.
438 4901 578 4968 Omnium
607 4916 677 4961 vero
706 4898 796 4961 trium
824 4896 929 4961 horum
956 4903 1190 4965 eecentricorum
1215 4900 1294 4964 idem
1323 4903 1377 4966 sub
1399 4903 1523 4967 zodiaco
1546 4909 1594 4963 est

1515 5043 1524 5073 t
