3517 5525
293 384 356 486 20⁴
409 478 415 489 ,
730 414 761 467 In
780 412 965 467 commercaris
983 415 1013 466 do
1030 421 1100 466 motu
1116 412 1206 467 uuus

293 597 369 660 vitio
393 602 425 657 et
446 592 679 676 praecipitantia
702 592 818 669 calculi,
842 612 896 655 seu
920 610 1094 675 quacunque
1110 590 1172 655 alia
1186 591 1313 655 ratione.
1351 590 1428 657 Cum
1446 591 1539 675 igitur
1550 592 1647 657 etiam

291 705 347 769 per
369 704 402 747 se
425 686 522 766 ipsum
546 690 719 766 suspectum
742 683 792 758 sit,
816 701 969 746 assumere
993 681 1192 772 quantitatem
1215 683 1373 763 aequantia
1394 684 1531 763 praecise
1552 683 1648 747 dimi-

293 776 375 839 diam
399 773 633 839 eccentricitatis
656 774 761 847 totius,
785 772 843 834 erit
865 772 957 853 igitur
979 778 1050 834 ante
1073 770 1173 834 omnia
1195 772 1252 834 boc
1275 773 1372 855 ipsum
1394 773 1501 853 majori
1524 772 1659 855 praeci-.

292 866 377 929 sione
399 863 587 938 tentandum,
610 882 699 944 quam
721 861 867 923 hactenus
891 882 911 923 a
932 882 979 923 me
1002 862 1115 923 iactum
1137 869 1195 923 est.

381 955 449 1017 Hoc
471 954 696 1015 fundamentum
722 950 782 1014 orit
811 951 942 1013 omnium
971 969 1047 1033 quae
1075 969 1166 1032 porro
1189 950 1220 1012 in
1242 951 1343 1013 Marte
1373 950 1483 1013 tentari
1506 957 1646 1031 possunt

291 1044 353 1109 'Ubi
377 1043 414 1104 de
437 1042 605 1124 quantitate
628 1038 811 1118 convenerit,
834 1048 1028 1103 construatur
1049 1047 1159 1121 postes
1179 1040 1285 1103 tabula
1298 1039 1347 1101 ad
1368 1039 1504 1120 singulos
1533 1041 1669 1121 gradus·

294 1135 333 1196 ab
357 1149 492 1214 apogaeo
515 1130 613 1207 Solis,
645 1129 789 1207 exhibens
822 1129 1000 1210 distantiam
1022 1129 1106 1193 Solis
1128 1148 1148 1189 a
1169 1131 1273 1193 Terra.
1320 1128 1416 1191 Simul
1448 1129 1540 1192 etiam
1561 1129 1650 1191 revi-

294 1222 421 1284 deantur
443 1220 639 1303 aequationes
663 1219 794 1282 eceentri
817 1218 947 1295 Solaria,
970 1238 1046 1301 quae
1069 1218 1150 1281 circa
1163 1215 1226 1283 45⁰
1240 1217 1278 1278 ab
1294 1236 1429 1298 apogaeo
1452 1220 1650 1281 mutabuntur

294 1311 337 1387 (si
360 1310 484 1373 dimidia
507 1310 549 1372 sit
572 1307 781 1372 eceentrioitas
795 1328 875 1371 nova
893 1308 1050 1391 antiquae)
1068 1308 1157 1371 unius
1177 1306 1310 1388 scrupuli
1328 1308 1496 1391 quantitate
1514 1307 1648 1373 circiter.

381 1400 451 1463 Jam
474 1400 554 1482 quod
575 1398 674 1481 ipsum
692 1398 802 1461 Martis
826 1398 1025 1461 eceentricum
1047 1396 1167 1474 attinet,
1190 1398 1221 1460 iu
1245 1416 1280 1459 eo
1302 1396 1431 1478 primum
1449 1398 1651 1480 aequationes

291 1509 352 1553 uon
375 1488 451 1551 bene
473 1486 597 1564 habent,
622 1489 662 1563 (in
686 1511 765 1565 marg.
795 1489 881 1551 Haeo
904 1488 1023 1550 demum
1045 1486 1094 1549 die
1116 1485 1288 1569 paschatis)
1315 1487 1441 1570 ideoque
1464 1486 1576 1550 vitiosa
1597 1494 1652 1549 est

290 1577 444 1660 proportio
468 1576 665 1641 circellorum.
711 1578 789 1641 Nam
813 1577 980 1659 ἀνρονοχιαι
1002 1576 1230 1640 observationes
1252 1574 1367 1638 habent
1388 1577 1445 1639 hoc
1465 1576 1543 1651 vitii,
1565 1577 1649 1658 quod

290 1667 426 1731 reductio
450 1668 584 1730 locorum
605 1665 812 1747 ecliptieorum
835 1666 874 1729 ad
898 1666 1026 1729 orbitam
1041 1674 1066 1737 d
1082 1666 1164 1729 facta
1186 1673 1235 1727 est
1255 1684 1311 1746 per
1332 1664 1521 1729 latitudinem
1545 1665 1649 1728 maxi-

289 1776 370 1819 mam
390 1755 514 1819 boream
537 1763 570 1817 et
592 1756 774 1832 austrinam,
807 1774 884 1838 quae
907 1755 1065 1822 debuisset
1085 1756 1150 1819 fieri
1171 1762 1367 1834 tantum-per
1390 1755 1532 1835 angulum
1555 1755 1650 1817 ineli-

291 1845 424 1909 nationis
448 1843 617 1907 eceeutrici.
656 1846 724 1907 Hoc
743 1852 831 1926 pacto
858 1844 910 1909 10¹
933 1845 1044 1908 alicubi
1068 1852 1139 1907 suut
1160 1843 1276 1917 addita,
1298 1844 1350 1906 ubi
1370 1864 1431 1905 non
1453 1843 1534 1906 ultra
1555 1864 1650 1906 unum

294 1934 403 1997 luisset
425 1934 604 1997 addendum.
652 1936 759 2015 Itaque
789 1934 926 2015 exsurgit
940 1953 979 1996 ex
1001 1934 1223 2015 comparatione
1242 1932 1341 1994 dextri
1369 1942 1401 1995 et
1417 1933 1533 1996 sinistri
1551 1932 1649 1997 semi-

291 2022 395 2086 circuli
418 2023 587 2086 differentia
610 2022 730 2086 circiter
751 2021 815 2088 20¹.
858 2023 977 2095 Quodsi
999 2025 1037 2085 de
1060 2042 1139 2085 noro
1162 2029 1317 2085 struantur
1345 2022 1649 2104 prosthaphaereses,

295 2131 462 2194 apogaeum
486 2112 604 2195 quidem
628 2120 681 2175 aut
704 2114 808 2175 eodem
831 2114 900 2176 loco
922 2113 1065 2189 manebit,
1087 2119 1141 2174 aut
1161 2131 1268 2193 pamm
1289 2110 1450 2174 admodum
1471 2112 1650 2185 mutabitur,

294 2210 327 2263 at
358 2201 524 2263 variabitur
548 2201 704 2281 proportio
728 2202 931 2277 cimeliorum,
955 2202 1057 2265 forsan
1086 2208 1119 2263 et
1146 2201 1214 2284 ipsa
1245 2200 1404 2281 aequantia
1436 2200 1651 2263 eceentrioitas

295 2288 429 2354 nonnihil
454 2289 676 2363 emendabitur,
707 2291 751 2355 sie
781 2299 815 2353 ut
835 2292 984 2355 maximae
1007 2289 1298 2379 aequationes,fiant
1327 2290 1417 2371 paulo
1440 2290 1571 2371 majores
1593 2296 1650 2353 aut

293 2378 434 2441 minores.
486 2379 626 2442 Manebit
654 2399 820 2461 apogaeum
846 2380 932 2455 ideo,
963 2380 1032 2463 quia
1057 2379 1129 2442 nodi
1155 2386 1227 2442 suut
1257 2380 1321 2441 fere
1348 2378 1380 2441 in
1408 2376 1650 2460 longitudinibus

292 2468 417 2544 mediis,
450 2475 482 2530 et
513 2486 583 2529 vore
611 2469 778 2551 aequaliter
808 2490 827 2531 a
854 2469 943 2533 nodis
972 2468 1112 2551 aequalia
1139 2486 1194 2550 per
1222 2467 1425 2531 reductionem
1455 2470 1496 2530 ad
1517 2468 1650 2532 orbitam

292 2564 364 2620 sunt
386 2556 498 2619 addita.
545 2558 713 2621 Mutabitur
735 2559 875 2642 aequatio
898 2558 1030 2621 maxima
1058 2566 1233 2638 propterea,
1264 2556 1334 2639 quia
1364 2575 1419 2637 per
1440 2558 1648 2621 reductionem

293 2646 360 2726 jam
381 2645 495 2709 dictam
516 2646 602 2709 Mars
625 2649 762 2731 utrinque
791 2656 823 2711 et
851 2648 892 2711 ad
920 2666 1086 2729 apogaeum
1114 2656 1147 2709 et
1175 2646 1215 2708 ad
1242 2645 1417 2727 perigaeum
1443 2647 1567 2728 propius
1590 2648 1652 2710 luit

292 2735 442 2811 admotus,
467 2754 555 2823 qoam
578 2754 611 2798 re
634 2756 707 2799 vera
731 2746 806 2804 erat.
844 2735 987 2802 conditio
1010 2755 1083 2799 vero
1106 2736 1220 2799 circelli
1242 2736 1300 2798 boc
1322 2737 1419 2811 affert,
1442 2744 1477 2799 ut
1499 2736 1525 2799 si
1545 2756 1649 2800 remo-

291 2831 364 2887 veat
385 2827 516 2888 Martem
540 2825 577 2887 ab
601 2845 736 2907 apogaeo
758 2829 790 2890 in
812 2835 969 2909 utramque
991 2833 1127 2907 partem,
1155 2825 1280 2907 propius
1308 2845 1374 2888 eum
1402 2827 1441 2887 ad
1469 2825 1647 2907 perigaeum

293 2914 456 2977 admoveat
479 2921 530 2976 aut
554 2924 672 2978 contra:
698 2917 800 2998 sicque
824 2917 971 2979 alterutro
988 2915 1056 2978 loco
1071 2915 1253 2978 contrarium
1271 2914 1309 2990 ei,
1333 2915 1412 2996 quod
1431 2915 1531 2990 debet,
1553 2936 1648 2998 prae-

293 3003 438 3077 stabitur,
470 3003 496 3064 si
529 3003 625 3066 solam
655 3006 880 3087 proportionem
912 3006 1100 3068 eirooliorum
1127 3011 1285 3066 mutemus.
1332 3005 1439 3085 Itaque
1471 3006 1590 3070 omnino
1614 3016 1652 3069 et

291 3093 389 3173 ipsam
412 3091 647 3156 eceentrioitatis
670 3095 868 3177 quantitatem
893 3095 924 3157 in
940 3093 1105 3158 subsidium
1119 3094 1268 3156 advocare
1285 3093 1467 3156 debebimus.
1505 3095 1652 3159 Proderit

293 3188 402 3255 autem,
418 3180 496 3243 hanc
513 3176 724 3263 aequationum
744 3185 878 3248 tabulam
904 3183 1065 3266 dupliciter
1088 3182 1249 3246 restituere
1269 3183 1397 3264 primum
1416 3182 1514 3245 relata
1533 3184 1648 3249 Martis

292 3269 517 3334 eceentrioitate
537 3271 575 3333 ad
593 3273 724 3338 medium
741 3275 839 3337 locum
855 3273 948 3338 Solis.
977 3275 1044 3336 Hoc
1059 3272 1147 3357 modo
1164 3272 1346 3335 constitutae
1366 3272 1562 3353 aequationes
1578 3274 1649 3337 eal-

292 3360 359 3423 culo
381 3360 494 3422 usitato
519 3361 653 3425 servient
674 3363 819 3446 nobisque
840 3362 988 3445 prodesse
1003 3369 1146 3445 potemot
1159 3361 1304 3425 ulteriora
1326 3361 1530 3438 tentantrlrus3
1554 3363 1650 3426 dille-

291 3457 360 3512 rent
380 3457 481 3511 tamen
512 3451 704 3515 nihilominus
727 3473 746 3513 a
768 3453 866 3526 veris,
898 3451 928 3512 in
953 3452 1031 3514 locis
1053 3449 1203 3532 aliquibus
1219 3450 1338 3512 circiter
1361 3449 1402 3527 δ’,
1430 3459 1555 3532 propter
1570 3473 1650 3515 cau-

292 3557 358 3600 sam
380 3546 451 3619 post
473 3537 638 3602 dicendam.
686 3541 803 3603 Deinde
819 3541 911 3602 etiam
925 3541 983 3602 hoc
998 3541 1088 3603 modo
1103 3540 1163 3602 crit
1180 3541 1381 3602 eonstmenda
1403 3541 1509 3603 tabula
1530 3561 1651 3624 aequa-

291 3626 416 3701 tiouum‚
441 3631 475 3688 ut
497 3646 600 3690 omues
622 3629 750 3710 primum
774 3626 979 3710 oppositiones
994 3628 1105 3691 Martis
1127 3635 1159 3690 et
1173 3627 1257 3691 Solis
1278 3628 1456 3692 reducamus
1479 3632 1517 3693 ad
1541 3651 1652 3696 verum

292 3716 390 3777 locum
415 3714 584 3796 oppositum
607 3716 705 3794 Solis,
729 3717 836 3780 deinde
858 3736 914 3798 per
935 3718 1077 3797 angulum
1099 3716 1304 3781 inclinationis
1327 3717 1477 3783 maximae
1505 3721 1652 3794 (siliaco

292 3802 510 3883 scmpulositas
533 3806 705 3868 necessaria
736 3806 901 3880 videbitur)
933 3826 1023 3870 verus
1055 3807 1140 3870 locus
1172 3808 1329 3887 oppositus
1352 3807 1436 3870 Solis
1466 3810 1525 3872 erit
1552 3811 1651 3873 redu-

291 3893 403 3955 cendus
426 3893 465 3954 ad
488 3893 616 3957 orbitam
639 3895 764 3972 Martis,
796 3917 854 3978 qua
875 3895 1051 3959 reductione
1074 3897 1213 3977 nuspiam
1235 3896 1315 3958 ultra
1342 3898 1370 3958 ¹¹
1394 3895 1459 3961 20“
1480 3899 1651 3964 mutabitur

291 3982 376 4045 locus
399 3981 519 4046 Martis.
571 3986 639 4047 Hoc
667 3993 756 4067 pacto
786 3986 813 4050 si
840 3993 996 4049 struantur
1023 4005 1062 4048 ex
1093 3984 1426 4050 recusationibus
1457 3990 1652 4072 aeronyehiis

291 4090 389 4134 novae
412 4072 624 4153 aequationes,
656 4076 744 4138 cadet
767 4075 900 4157 ipsarum
923 4074 1074 4157 aphelium
1102 4075 1185 4150 (loco
1209 4075 1336 4157 apogaei
1358 4077 1436 4139 hanc
1459 4097 1564 4140 vocem
1581 4080 1653 4160 jam

293 4159 459 4236 substituo)
483 4161 512 4224 in
537 4158 631 4251 6⁰np
664 4163 799 4240 circiter,
830 4166 946 4248 eritque
976 4164 1187 4228 eceentrioitas
1219 4165 1378 4248 aequantia
1409 4167 1523 4231 aSole
1555 4169 1651 4252 paulo
1714 4229 1718 4235 .

333 4285 388 4352 rig,
408 4283 432 4336 1,
478 4252 593 4328 minor,
623 4274 712 4335 quam
735 4276 754 4316 a
776 4255 874 4317 medio
907 4255 976 4317 loco
998 4253 1091 4319 Solis.
1137 4255 1226 4317 Licet
1247 4253 1278 4317 id
1309 4253 1401 4317 etiam
1432 4258 1563 4338 experiri
1590 4276 1651 4340 per

486 4341 670 4423 triangulum
692 4342 787 4420 ABG,
812 4343 862 4406 ubi
884 4343 916 4407 A
938 4350 988 4406 est
1010 4344 1127 4406 medius
1148 4344 1234 4407 locus
1256 4343 1355 4420 Solis,
1377 4346 1404 4407 B
1428 4345 1500 4422 Sol,
1524 4346 1550 4411 0
1573 4367 1651 4410 ceu-

486 4437 565 4493 trum
588 4430 781 4514 aequalitatis
804 4430 916 4495 Martis
944 4435 1042 4508 (more
1064 4433 1223 4508 Ptolem),
1246 4434 1303 4496 AB
1331 4434 1540 4498 eceentrioitas
1563 4437 1652 4501 Solis

419 4525 422 4542 ¹
486 4527 567 4596 tota,
594 4529 628 4582 ut
650 4522 796 4584 hactenus
829 4519 883 4583 illa
906 4521 963 4585 fuit
982 4531 1138 4604 usurpata.
1183 4519 1242 4585 AO
1274 4523 1486 4587 eceentrioitas
1516 4526 1652 4590 maxima

376 4603 400 4659 F
486 4609 597 4672 Martis
633 4611 779 4674 hactenus
817 4609 940 4673 credita.
986 4612 1057 4675 Erit
1085 4630 1157 4692 ergo
1189 4611 1242 4675 CB
1279 4613 1488 4676 eceentricitas
1517 4635 1536 4676 a
1562 4615 1649 4680 Sole.

485 4697 570 4762 BAO
594 4701 722 4780 angulus
746 4699 865 4762 circiter
888 4693 988 4783 47¹1„
1012 4709 1155 4783 quantum
1178 4708 1227 4762 est
1252 4701 1331 4764 inter
1352 4697 1393 4765 6⁰
1415 4718 1448 4770 eo
1471 4711 1503 4766 et
1525 4701 1587 4768 24⁰
1610 4712 1647 4784 εἰ.

416 4791 436 4844 Β
485 4787 587 4868 Atque
610 4796 643 4853 ut
665 4789 736 4852 hinc
758 4789 913 4852 commode
932 4791 971 4852 ad
989 4790 1021 4852 id
1033 4798 1197 4866 transeam,
1221 4791 1305 4873 cujus
1323 4792 1389 4872 jam
1406 4793 1454 4856 bis
1477 4793 1535 4856 leci
1558 4814 1648 4859 men-

486 4876 617 4940 tionem:
643 4878 806 4953 sciendum‚
830 4879 909 4961 qood
931 4879 959 4942 si
977 4879 1016 4942 ad
1030 4881 1132 4944 Solem
1155 4878 1253 4960 ipsum
1275 4881 1445 4944 referantur
1467 4883 1650 4947 eceentrioi-

332 4960 339 4972 '
457 5041 464 5066 ι
486 4973 577 5043 tates,
601 4967 634 5031 id
656 4968 746 5032 aliter
768 4967 833 5032 fieri
850 4988 909 5030 nou
933 4969 1040 5050 possit,
1064 4989 1153 5052 qnam
1168 4971 1257 5032 modo
1276 4970 1341 5051 jam
1363 4971 1493 5052 depicto,
1516 4974 1650 5056 trajecta
