3517 5525
686 1438 693 1455 ·
809 1394 843 1469 u
869 1396 903 1471 ll
954 1396 984 1469 1.
1010 1396 1044 1471 li
1070 1398 1107 1471 ιι
1132 1396 1179 1473 Δ.

876 1532 920 1598 (ι.
939 1532 1001 1588 mov.
1024 1534 1113 1601 reor.)

925 1710 1058 1725 w

406 1840 554 1903 Assumte
575 1837 633 1900 bae
656 1838 865 1921 aequationem
889 1839 1060 1922 hypothesi,
1084 1840 1161 1923 qnod
1184 1848 1321 1922 tempora
1336 1841 1480 1920 graduum
1498 1842 1671 1925 aequalium

187 1947 196 1955 ·
319 1930 382 1992 sint
404 1928 594 1991 adinvicem
616 1934 651 1989 nt
674 1928 837 1991 distantiae
861 1948 880 1991 a
902 1929 1023 1993 virtutis
1046 1931 1143 2006 sonte,
1169 1931 1227 1993 erit
1250 1929 1333 1993 sinus
1356 1931 1547 2010 aequationis
1571 1934 1670 1993 maxi-

320 2036 387 2081 mae
411 2016 612 2080 dimidiandus
635 2034 689 2097 pro
713 2016 948 2081 ecceutricitate.
995 2020 1055 2082 Est
1077 2028 1181 2081 antem·
1201 2019 1284 2082 sinus
1310 2018 1498 2099 aequatioois
1521 2022 1670 2083 maximae

320 2107 352 2171 iu
375 2106 491 2188 copulis
514 2100 611 2170 8672.
656 2105 739 2186 Ergo
763 2106 971 2169 ecceutricitas
996 2109 1077 2171 orbis
1104 2104 1205 2183 4336,
1237 2128 1313 2190 qnae
1342 2108 1431 2169 efficit
1458 2110 1671 2189 aequationem

204 2232 209 2249 ·
321 2195 480 2259 ecceutrici
504 2192 543 2258 2·
562 2190 617 2259 29³
636 2190 718 2269 20”;
742 2197 883 2277 aequatio
907 2216 977 2261 vero
1001 2198 1158 2279 aequantia
1183 2206 1231 2259 est
1254 2196 1356 2259 itidem
1380 2193 1419 2257 2⁰
1440 2194 1495 2261 29¹
1518 2194 1600 2261 20¹⁴.
1638 2178 1699 2263 ln'
1754 2190 1756 2241 l

311 2284 512 2367 ,quadraturis
536 2294 584 2346 est
606 2286 765 2366 aequantia
788 2287 928 2366 aequatio
959 2290 1094 2366 praecise
1122 2287 1230 2367 dupla,
1259 2306 1303 2349 sc.
1324 2282 1363 2349 4ο
1386 2282 1439 2349 58’
1462 2284 1540 2363 40”,
1575 2296 1609 2351 nt
1632 2286 1672 2349 sit

320 2382 389 2438 tota
412 2372 450 2437 7ο
473 2371 536 2438 28⁴.
581 2373 647 2435 Hac
671 2376 772 2454 itaque
796 2375 911 2437 ratione
935 2376 1101 2456 speculatio
1127 2378 1272 2439 concinna
1295 2376 1398 2439 oritur.
1445 2374 1594 2440 Centrum
1618 2397 1670 2440 ae-

319 2464 442 2548 quantia
465 2462 544 2525 enim
567 2462 596 2523 in
620 2462 810 2543 quadraturis
834 2463 925 2544 duplo
949 2458 1044 2527 altius⁴
1068 2484 1136 2528 esse
1164 2474 1347 2527 censetnra
1376 2472 1479 2527 centro
1509 2464 1670 2529 eecentriei

319 2555 349 2618 iu
373 2551 450 2615 locis
472 2550 669 2626 intermediis,
693 2570 770 2633 quae
784 2563 833 2615 est
845 2554 1000 2634 proportio
1020 2556 1102 2617 sinus
1122 2554 1323 2635 elongationis
1344 2574 1363 2614 a
1381 2554 1531 2617 diametro
1554 2552 1613 2633 (Θ
1630 2557 1670 2632 ὅ)

320 2642 359 2704 ad
376 2642 471 2705 sinum
487 2650 591 2715 totum,
615 2640 721 2702 eadem
743 2642 932 2723 aequatiouis
955 2644 1064 2707 tertiae
1088 2642 1220 2717 (dicatur
1243 2644 1322 2707 eninr
1346 2644 1503 2707 eoceutrici
1528 2644 1670 2726 aequatio

188 2736 194 2753 “
320 2731 426 2814 prima,
451 2729 610 2812 aequantia
627 2730 768 2806 secunda,
791 2730 980 2812 phasmuturu
1006 2734 1111 2810 tertia)
1135 2732 1173 2796 ad
1192 2733 1401 2815 aequationem
1417 2732 1594 2798 secundans
1630 2734 1672 2798 Ut

320 2819 415 2902 igitur
438 2820 579 2904 aequales
602 2827 673 2883 snut
694 2821 837 2900 primast
854 2823 986 2884 secunda
1001 2824 1151 2904 aequatio,
1176 2825 1219 2886 ita
1243 2824 1334 2885 etiam
1357 2823 1490 2886 secunda
1513 2831 1546 2884 et
1571 2824 1670 2886 tertia

236 2919 242 2928 ’
319 2909 526 2990 Aequationes
550 2917 732 2971 autemnon
755 2911 884 2974 maxime
908 2929 945 2972 ex
969 2932 1023 2974 suo
1046 2931 1155 2992 genere
1174 2921 1363 2977 censeantur.
1400 2911 1478 2975 Nam
1500 2910 1532 2975 iu
1556 2932 1671 2995 aequa-

321 2999 456 3064 tionibus
479 2998 554 3061 solis
577 2999 761 3080 disputatum
785 3009 842 3074 est,
868 3019 907 3062 an
930 3001 1049 3062 mediae
1073 3011 1211 3064 secentur
1233 3021 1345 3066 omnes.

408 3089 526 3151 Aliter:
551 3087 700 3150 bisecetur
724 3089 948 3168 quadrantalis,
973 3100 1004 3152 et
1025 3091 1158 3170 prodibit
1184 3090 1322 3154 dimidius
1346 3090 1428 3152 sinus
1452 3069 1559 3166 6500,
1585 3109 1672 3154 arcus

320 3175 360 3242 3⁰
382 3174 454 3252 44;
484 3173 773 3280 copularis,1l¹58¹
797 3174 878 3252 40¹¹,
910 3179 971 3242 dili
1004 3177 1040 3242 1⁰
1066 3177 1116 3244 14⁴
1139 3177 1214 3255 40,
1245 3179 1366 3260 triplum
1391 3174 1430 3242 3ο
1451 3177 1515 3244 44’.
1563 3181 1671 3262 Itaque

320 3287 378 3350 quo
400 3267 497 3329 minus
519 3267 549 3328 in
574 3267 759 3339 (diametris)
787 3226 903 3348 copulis
932 3287 1032 3330 morae
1061 3279 1165 3332 esseut
1193 3279 1225 3330 ut
1256 3268 1439 3343 distantiae,
1473 3287 1545 3370 pars
1581 3270 1673 3332 tertia

320 3356 456 3437 praecise
485 3356 742 3426 deerraturos
772 3376 815 3420 sc
845 3363 928 3418 esset
950 3359 1045 3419 solito
1069 3359 1198 3420 velocior
1222 3357 1308 3420 Luna
1330 3377 1457 3420 versans
1480 3359 1511 3419 in
1535 3358 1674 3422 virtuosa

323 3447 481 3509 diametro.
527 3446 620 3508 Forte
642 3460 697 3506 uec
720 3445 807 3506 boc
798 3446 1013 3508 rnconcinunm.
1755 3525 1756 3530 ἵ

412 3534 513 3596 Aliter
544 3534 646 3596 tertio.
693 3532 836 3597 Centrum
870 3535 1028 3598 eeceutriei
1061 3555 1129 3598 vere
1158 3533 1296 3597 discedat
1325 3556 1343 3596 a
1372 3543 1473 3598 centro
1497 3535 1654 3610 Terrae
1643 3555 1674 3598 ιιι

323 3623 529 3706 quadraturis,
558 3623 668 3701 fiatque
691 3624 783 3685 altius
805 3631 891 3705 parte
916 3625 1016 3687 tertia.
1062 3623 1112 3686 Sit
1133 3625 1210 3686 euim
1234 3625 1263 3686 in
1287 3624 1433 3688 diametro
1462 3620 1567 3694 4336.
1600 3627 1674 3688 ioris

322 3711 419 3785 0505.
466 3714 549 3784 Tunc
571 3711 667 3793 prima
690 3721 721 3773 et
744 3713 875 3775 secunda
898 3715 1037 3794 aequatio
1060 3713 1167 3794 ubique
1189 3713 1421 3788 bisecabuntur,
1450 3714 1566 3796 eritque
1592 3715 1675 3778 nulla

322 3803 423 3866 tertia.
469 3803 552 3865 runc
576 3819 650 3862 sane
673 3802 763 3863 etiam
794 3809 932 3864 octautes
955 3803 1156 3883 juvabuntur,
1188 3803 1289 3866 forsan
1318 3810 1349 3866 et
1377 3802 1563 3867 latitudines.
1613 3803 1674 3867 Sed

322 3893 481 3956 considera
509 3891 631 3966 melius,
662 3891 791 3952 maxima
818 3893 1025 3973 quadrantalis
1056 3892 1141 3972 ponit
1163 3901 1296 3959 centrum
1321 3891 1349 3974 ip
1373 3891 1521 3955 diametro
1545 3889 1605 3970 (Θ
1621 3895 1675 3971 ὅ),

323 3973 541 4045 diametralis
533 4001 562 4042 ru
586 3979 811 4061 quadrantibus.
857 3979 939 4061 Ergo
967 3989 1101 4044 centrum
1129 3981 1158 4043 in
1186 3982 1401 4045 diametro·
1357 3977 1477 4058 (Θὸ)
1464 3982 1616 4058 laltum,
1645 3983 1676 4044 in

324 4071 538 4153 quadrantibus
554 4068 674 4132 humile.
710 4069 911 4133 Transeamus
932 4071 1158 4152 perspicuitatis
1181 4071 1282 4152 grstia
1305 4071 1344 4134 ab
1359 4069 1558 4132 ecoentrico'
1550 4091 1581 4132 ru
1607 4071 1675 4154 epi-

324 4161 450 4243 eyclum,
473 4159 624 4244 epioyclus
641 4166 762 4220 maneat
776 4158 950 4236 lovariolae,
976 4159 1029 4222 sed
1044 4170 1177 4224 oeutrum
1194 4159 1385 4234 concentriui,
1408 4159 1528 4221 Luna'
1520 4179 1550 4221 ru
1573 4160 1676 4240 lougi-

326 4247 428 4312 tudine
444 4249 543 4312 media
557 4259 588 4311 et
603 4249 795 4330 quadraturis
813 4257 963 4324 versante,
987 4250 1029 4313 sit
1052 4250 1079 4312 in
1095 4250 1240 4314 diametro
1265 4245 1321 4326 (Θ
1339 4251 1381 4326 6)
1405 4267 1497 4330 snpra
1520 4249 1569 4310 vel
1595 4249 1676 4312 inira

326 4339 460 4415 Terram,
483 4339 538 4401 sed
558 4339 645 4401 Luua
668 4347 807 4401 versante
832 4339 861 4400 in
885 4339 1069 4418 longitudine
1092 4339 1191 4402 media
1214 4347 1246 4402 et
1268 4339 1424 4412 diametro,
1449 4336 1491 4400 sit
1513 4337 1545 4400 iu
1567 4345 1675 4401 oenus

327 4429 448 4491 Terra'e.
487 4428 565 4489 Nam
588 4436 622 4489 et
643 4437 745 4489 aestus
768 4429 859 4491 maris
883 4429 993 4491 realem
1017 4429 1156 4492 videntur
1180 4427 1497 4511 appropinquationem
1519 4427 1677 4510 requirere

249 4556 267 4565 ·=
327 4517 430 4592 (modo
454 4534 512 4579 non
536 4524 568 4578 et
588 4517 749 4590 diurnam).
782 4515 929 4580 Similiter
943 4517 1031 4580 Luna
1046 4517 1074 4581 in
1094 4535 1228 4600 apogaeo
1248 4525 1279 4580 et
1303 4516 1494 4600 quadraturis
1517 4525 1676 4592 versante,

327 4615 462 4672 centrum
484 4605 526 4668 sit
547 4625 638 4688 snpra
660 4605 710 4668 vel
733 4605 949 4669 inira-Terram
968 4607 998 4669 in
1021 4607 1167 4670 diametro
1191 4605 1246 4686 (Θ
1263 4610 1314 4686 ὁ).
1352 4609 1430 4672 Nam
1446 4605 1522 4668 haec
1542 4606 1677 4670 elevatio

326 4697 369 4761 nil
391 4694 492 4759 variat
515 4695 733 4777 aequationem,
758 4715 834 4776 qnae
852 4696 936 4758 nulla
952 4705 1009 4760 est.
1047 4697 1110 4762 Sed
1125 4705 1206 4772 nota,
1231 4699 1287 4760 boo
1310 4705 1399 4779 pacto
1421 4713 1493 4756 vere
1517 4703 1677 4759 nutantum

327 4786 542 4869 inaequalitas,
566 4784 692 4846 variatio
715 4784 814 4860 dicta,
842 4785 873 4847 in
897 4785 1096 4867 quadraturas
1119 4788 1311 4860 redundabit,
1337 4785 1494 4869 possitque
1517 4786 1597 4848 forte
1621 4804 1676 4866 per

328 4875 420 4940 alium
442 4883 475 4937 et
497 4871 714 4936 conceutrionm
737 4873 877 4938 circulum
900 4875 994 4937 centri
1019 4876 1197 4940 eonceutrioi
1219 4876 1323 4942 Lunae
1346 4875 1427 4938 circa
1449 4873 1553 4938 Solem
1577 4893 1673 4940 excu-

330 4964 401 5037 sari,
446 4964 526 5057 Ergo
549 4961 702 5052 rejiciatur
722 4962 798 5025 baec
820 4963 1000 5049 permutatio
1024 4967 1182 5030 eoceutrioi
1205 4973 1236 5029 et
1250 4963 1394 5058 epicpoli.
