<?xml version="1.0" encoding="UTF-8"?>
<!DOCTYPE html PUBLIC "-//W3C//DTD XHTML 1.0 Transitional//EN"
    "http://www.w3.org/TR/xhtml1/DTD/xhtml1-transitional.dtd">
<html xmlns="http://www.w3.org/1999/xhtml" xml:lang="en" lang="en">
 <head>
  <title>
</title>
<meta http-equiv="Content-Type" content="text/html;charset=utf-8" />
  <meta name='ocr-system' content='tesseract 3.04.00' />
  <meta name='ocr-capabilities' content='ocr_page ocr_carea ocr_par ocr_line ocrx_word'/>
</head>
<body>
  <div class='ocr_page' id='page_1' title='image "./joanniskepleria23frisgoog/joanniskepleria23frisgoog_0058.png"; bbox 0 0 3517 5525; ppageno 0'>
   <div class='ocr_carea' id='block_1_1' title="bbox 453 424 1425 499">
    <p class='ocr_par' dir='ltr' id='par_1_1' title="bbox 453 424 1425 499">
     <span class='ocr_line' id='line_1_1' title="bbox 453 424 1425 499; baseline 0.013 -22"><span class='ocrx_word' id='word_1_1' title='bbox 453 427 485 479; x_wconf 83' lang='lat' dir='ltr'><strong>de</strong></span> <span class='ocrx_word' id='word_1_2' title='bbox 502 424 690 479; x_wconf 60' lang='lat' dir='ltr'><strong>Commentariis</strong></span> <span class='ocrx_word' id='word_1_3' title='bbox 709 428 740 479; x_wconf 82' lang='lat' dir='ltr'><strong>ds</strong></span> <span class='ocrx_word' id='word_1_4' title='bbox 758 434 827 479; x_wconf 87' lang='lat' dir='ltr'><strong>metu</strong></span> <span class='ocrx_word' id='word_1_5' title='bbox 844 426 933 479; x_wconf 73' lang='lat' dir='ltr'><strong>stallae</strong></span> <span class='ocrx_word' id='word_1_6' title='bbox 951 428 1048 481; x_wconf 70' lang='lat' dir='ltr'><strong>ussus</strong></span> <span class='ocrx_word' id='word_1_7' title='bbox 1380 428 1425 499; x_wconf 74' lang='grc'><strong>49</strong></span> 
     </span>
    </p>
   </div>
   <div class='ocr_carea' id='block_1_2' title="bbox 94 606 1426 779">
    <p class='ocr_par' dir='ltr' id='par_1_2' title="bbox 94 606 1426 779">
     <span class='ocr_line' id='line_1_2' title="bbox 95 606 1426 689; baseline 0.002 -18"><span class='ocrx_word' id='word_1_8' title='bbox 95 608 146 671; x_wconf 88' lang='lat' dir='ltr'><strong>viae</strong></span> <span class='ocrx_word' id='word_1_9' title='bbox 166 608 284 683; x_wconf 87' lang='lat' dir='ltr'><strong>Lunae,</strong></span> <span class='ocrx_word' id='word_1_10' title='bbox 319 627 385 671; x_wconf 90' lang='lat' dir='ltr'><strong>cum</strong></span> <span class='ocrx_word' id='word_1_11' title='bbox 407 606 490 670; x_wconf 87' lang='lat' dir='ltr'><strong>linea</strong></span> <span class='ocrx_word' id='word_1_12' title='bbox 516 608 642 689; x_wconf 86' lang='lat' dir='ltr'><strong>apogaei</strong></span> <span class='ocrx_word' id='word_1_13' title='bbox 674 608 870 689; x_wconf 84' lang='lat' dir='ltr'><strong>competitio</strong></span> <span class='ocrx_word' id='word_1_14' title='bbox 894 609 1005 671; x_wconf 91' lang='lat' dir='ltr'><strong>lineam</strong></span> <span class='ocrx_word' id='word_1_15' title='bbox 1029 609 1246 672; x_wconf 88' lang='lat' dir='ltr'><strong>diametralem.</strong></span> <span class='ocrx_word' id='word_1_16' title='bbox 1292 608 1338 674; x_wconf 82' lang='lat' dir='ltr'><strong>At</strong></span> <span class='ocrx_word' id='word_1_17' title='bbox 1359 631 1426 675; x_wconf 89' lang='lat' dir='ltr'><strong>curn</strong></span> 
     </span>
     <span class='ocr_line' id='line_1_3' title="bbox 94 694 1143 779; baseline -0.003 -16"><span class='ocrx_word' id='word_1_18' title='bbox 94 700 137 763; x_wconf 85' lang='lat' dir='ltr'><strong>bae</strong></span> <span class='ocrx_word' id='word_1_19' title='bbox 157 696 250 758; x_wconf 86' lang='lat' dir='ltr'><strong>lineae</strong></span> <span class='ocrx_word' id='word_1_20' title='bbox 274 716 395 759; x_wconf 89' lang='lat' dir='ltr'><strong>crucem</strong></span> <span class='ocrx_word' id='word_1_21' title='bbox 418 694 542 774; x_wconf 83' lang='lat' dir='ltr'><strong>faciunt,</strong></span> <span class='ocrx_word' id='word_1_22' title='bbox 565 699 722 761; x_wconf 85' lang='lat' dir='ltr'><strong>circularis</strong></span> <span class='ocrx_word' id='word_1_23' title='bbox 744 698 864 779; x_wconf 90' lang='lat' dir='ltr'><strong>penitus</strong></span> <span class='ocrx_word' id='word_1_24' title='bbox 888 704 937 759; x_wconf 85' lang='lat' dir='ltr'><strong>est</strong></span> <span class='ocrx_word' id='word_1_25' title='bbox 959 698 1008 760; x_wconf 88' lang='lat' dir='ltr'><strong>via</strong></span> <span class='ocrx_word' id='word_1_26' title='bbox 1029 700 1143 762; x_wconf 88' lang='lat' dir='ltr'><strong>Lunae.</strong></span> 
     </span>
    </p>
   </div>
   <div class='ocr_carea' id='block_1_3' title="bbox 164 785 1599 870">
    <p class='ocr_par' dir='ltr' id='par_1_3' title="bbox 164 785 1599 870">
     <span class='ocr_line' id='line_1_4' title="bbox 164 785 1599 870; baseline 0.002 -21"><span class='ocrx_word' id='word_1_27' title='bbox 164 785 297 857; x_wconf 84' lang='lat' dir='ltr'><strong>Quarto:</strong></span> <span class='ocrx_word' id='word_1_28' title='bbox 330 806 465 868; x_wconf 88' lang='lat' dir='ltr'><strong>aequans</strong></span> <span class='ocrx_word' id='word_1_29' title='bbox 496 788 614 867; x_wconf 82' lang='lat' dir='ltr'><strong>gemino</strong></span> <span class='ocrx_word' id='word_1_30' title='bbox 641 788 731 851; x_wconf 90' lang='lat' dir='ltr'><strong>modo</strong></span> <span class='ocrx_word' id='word_1_31' title='bbox 760 786 905 848; x_wconf 88' lang='lat' dir='ltr'><strong>variatur.</strong></span> <span class='ocrx_word' id='word_1_32' title='bbox 952 787 1029 852; x_wconf 79' lang='lat' dir='ltr'><strong>(lum</strong></span> <span class='ocrx_word' id='word_1_33' title='bbox 1052 789 1131 851; x_wconf 84' lang='lat' dir='ltr'><strong>enirn</strong></span> <span class='ocrx_word' id='word_1_34' title='bbox 1163 808 1296 870; x_wconf 89' lang='lat' dir='ltr'><strong>aequans</strong></span> <span class='ocrx_word' id='word_1_35' title='bbox 1319 790 1362 851; x_wconf 92' lang='lat' dir='ltr'><strong>sit</strong></span> <span class='ocrx_word' id='word_1_36' title='bbox 1383 790 1426 851; x_wconf 91' lang='lat' dir='ltr'><strong>nil</strong></span> <span class='ocrx_word' id='word_1_37' title='bbox 1525 812 1528 818; x_wconf 63' lang='lat'><strong><em>¹</em></strong></span> <span class='ocrx_word' id='word_1_38' title='bbox 1592 822 1599 831; x_wconf 51' lang='lat'><strong>⁴</strong></span> 
     </span>
    </p>
   </div>
   <div class='ocr_carea' id='block_1_4' title="bbox 38 875 1510 5072">
    <p class='ocr_par' dir='ltr' id='par_1_4' title="bbox 93 875 1425 963">
     <span class='ocr_line' id='line_1_5' title="bbox 93 875 1425 963; baseline 0.001 -23"><span class='ocrx_word' id='word_1_39' title='bbox 93 877 166 950; x_wconf 88' lang='lat' dir='ltr'><strong>aliud,</strong></span> <span class='ocrx_word' id='word_1_40' title='bbox 188 894 277 963; x_wconf 82' lang='lat' dir='ltr'><strong>quam</strong></span> <span class='ocrx_word' id='word_1_41' title='bbox 301 876 487 955; x_wconf 83' lang='lat' dir='ltr'><strong>geometrica</strong></span> <span class='ocrx_word' id='word_1_42' title='bbox 509 894 650 939; x_wconf 88' lang='lat' dir='ltr'><strong>mensura</strong></span> <span class='ocrx_word' id='word_1_43' title='bbox 671 875 816 958; x_wconf 82' lang='lat' dir='ltr'>physicae</span> <span class='ocrx_word' id='word_1_44' title='bbox 840 876 1067 957; x_wconf 78' lang='lat' dir='ltr'><strong>inaequalitatis</strong></span> <span class='ocrx_word' id='word_1_45' title='bbox 1089 879 1121 940; x_wconf 91' lang='lat' dir='ltr'><strong>in</strong></span> <span class='ocrx_word' id='word_1_46' title='bbox 1139 886 1233 952; x_wconf 89' lang='lat' dir='ltr'><strong>motu,</strong></span> <span class='ocrx_word' id='word_1_47' title='bbox 1257 896 1334 959; x_wconf 91' lang='lat' dir='ltr'><strong>quae</strong></span> <span class='ocrx_word' id='word_1_48' title='bbox 1356 879 1425 941; x_wconf 91' lang='lat' dir='ltr'><strong>inde</strong></span> 
     </span>
    </p>

    <p class='ocr_par' dir='ltr' id='par_1_5' title="bbox 93 964 1425 1047">
     <span class='ocr_line' id='line_1_6' title="bbox 93 964 1425 1047; baseline 0.002 -18"><span class='ocrx_word' id='word_1_49' title='bbox 93 975 142 1041; x_wconf 84' lang='lat' dir='ltr'><strong>cst,</strong></span> <span class='ocrx_word' id='word_1_50' title='bbox 169 966 247 1045; x_wconf 93' lang='lat' dir='ltr'><strong>quod</strong></span> <span class='ocrx_word' id='word_1_51' title='bbox 271 964 356 1027; x_wconf 87' lang='lat' dir='ltr'><strong>sidus</strong></span> <span class='ocrx_word' id='word_1_52' title='bbox 378 984 473 1047; x_wconf 89' lang='lat' dir='ltr'><strong>prope</strong></span> <span class='ocrx_word' id='word_1_53' title='bbox 504 966 618 1029; x_wconf 85' lang='lat' dir='ltr'><strong>iontem</strong></span> <span class='ocrx_word' id='word_1_54' title='bbox 638 966 763 1029; x_wconf 87' lang='lat' dir='ltr'><strong>virtutis</strong></span> <span class='ocrx_word' id='word_1_55' title='bbox 792 965 929 1027; x_wconf 79' lang='lat' dir='ltr'><strong>matricis</strong></span> <span class='ocrx_word' id='word_1_56' title='bbox 955 967 1081 1029; x_wconf 88' lang='lat' dir='ltr'><strong>veniens</strong></span> <span class='ocrx_word' id='word_1_57' title='bbox 1110 966 1251 1029; x_wconf 76' lang='lat' dir='ltr'><strong>celeriter</strong></span> <span class='ocrx_word' id='word_1_58' title='bbox 1271 967 1425 1044; x_wconf 89' lang='lat' dir='ltr'><strong>incitatur,</strong></span> 
     </span>
    </p>

    <p class='ocr_par' dir='ltr' id='par_1_6' title="bbox 94 1054 1426 1137">
     <span class='ocr_line' id='line_1_7' title="bbox 94 1054 1426 1137; baseline 0.001 -19"><span class='ocrx_word' id='word_1_59' title='bbox 94 1056 162 1118; x_wconf 83' lang='lat' dir='ltr'><strong>tarde</strong></span> <span class='ocrx_word' id='word_1_60' title='bbox 184 1074 251 1116; x_wconf 89' lang='lat' dir='ltr'><strong>cum</strong></span> <span class='ocrx_word' id='word_1_61' title='bbox 275 1054 424 1117; x_wconf 84' lang='lat' dir='ltr'><strong>discedit:</strong></span> <span class='ocrx_word' id='word_1_62' title='bbox 450 1056 589 1118; x_wconf 90' lang='lat' dir='ltr'><strong>convenit</strong></span> <span class='ocrx_word' id='word_1_63' title='bbox 611 1056 723 1137; x_wconf 87' lang='lat' dir='ltr'><strong>itaque,</strong></span> <span class='ocrx_word' id='word_1_64' title='bbox 747 1062 782 1117; x_wconf 93' lang='lat' dir='ltr'><strong>ut</strong></span> <span class='ocrx_word' id='word_1_65' title='bbox 802 1055 890 1117; x_wconf 91' lang='lat' dir='ltr'><strong>Luna</strong></span> <span class='ocrx_word' id='word_1_66' title='bbox 919 1054 1008 1117; x_wconf 90' lang='lat' dir='ltr'><strong>simul</strong></span> <span class='ocrx_word' id='word_1_67' title='bbox 1031 1065 1063 1118; x_wconf 90' lang='lat' dir='ltr'><strong>et</strong></span> <span class='ocrx_word' id='word_1_68' title='bbox 1084 1064 1187 1119; x_wconf 90' lang='lat' dir='ltr'><strong>centro</strong></span> <span class='ocrx_word' id='word_1_69' title='bbox 1211 1056 1371 1119; x_wconf 90' lang='lat' dir='ltr'><strong>eccentrici</strong></span> <span class='ocrx_word' id='word_1_70' title='bbox 1394 1058 1426 1120; x_wconf 92' lang='lat' dir='ltr'><strong>in</strong></span> 
     </span>
    </p>

    <p class='ocr_par' dir='ltr' id='par_1_7' title="bbox 92 1144 1427 1226">
     <span class='ocr_line' id='line_1_8' title="bbox 92 1144 1427 1226; baseline 0.001 -19"><span class='ocrx_word' id='word_1_71' title='bbox 92 1146 154 1207; x_wconf 88' lang='lat' dir='ltr'><strong>linea</strong></span> <span class='ocrx_word' id='word_1_72' title='bbox 174 1144 347 1207; x_wconf 83' lang='lat' dir='ltr'><strong>diametrali</strong></span> <span class='ocrx_word' id='word_1_73' title='bbox 379 1144 543 1220; x_wconf 79' lang='lat' dir='ltr'><strong>existente,</strong></span> <span class='ocrx_word' id='word_1_74' title='bbox 574 1145 745 1226; x_wconf 91' lang='lat' dir='ltr'><strong>hujusmodi</strong></span> <span class='ocrx_word' id='word_1_75' title='bbox 777 1144 960 1210; x_wconf 83' lang='lat' dir='ltr'><strong>acceleratio</strong></span> <span class='ocrx_word' id='word_1_76' title='bbox 983 1152 1015 1207; x_wconf 91' lang='lat' dir='ltr'><strong>et</strong></span> <span class='ocrx_word' id='word_1_77' title='bbox 1040 1145 1174 1209; x_wconf 87' lang='lat' dir='ltr'><strong>tardatio</strong></span> <span class='ocrx_word' id='word_1_78' title='bbox 1206 1146 1256 1208; x_wconf 92' lang='lat' dir='ltr'><strong>vol</strong></span> <span class='ocrx_word' id='word_1_79' title='bbox 1277 1145 1362 1208; x_wconf 88' lang='lat' dir='ltr'><strong>nulla</strong></span> <span class='ocrx_word' id='word_1_80' title='bbox 1385 1148 1427 1208; x_wconf 89' lang='lat' dir='ltr'><strong>sit</strong></span> 
     </span>
    </p>

    <p class='ocr_par' dir='ltr' id='par_1_8' title="bbox 92 1233 1424 1316">
     <span class='ocr_line' id='line_1_9' title="bbox 92 1233 1424 1316; baseline 0.001 -22"><span class='ocrx_word' id='word_1_81' title='bbox 92 1235 128 1295; x_wconf 83' lang='lat' dir='ltr'><strong>vel</strong></span> <span class='ocrx_word' id='word_1_82' title='bbox 147 1234 272 1312; x_wconf 80' lang='lat' dir='ltr'><strong>exigua3</strong></span> <span class='ocrx_word' id='word_1_83' title='bbox 304 1234 409 1312; x_wconf 87' lang='lat' dir='ltr'><strong>itaque</strong></span> <span class='ocrx_word' id='word_1_84' title='bbox 439 1240 582 1314; x_wconf 91' lang='lat' dir='ltr'><strong>punctum</strong></span> <span class='ocrx_word' id='word_1_85' title='bbox 612 1235 772 1316; x_wconf 84' lang='lat' dir='ltr'><strong>aequantia</strong></span> <span class='ocrx_word' id='word_1_86' title='bbox 794 1234 843 1295; x_wconf 91' lang='lat' dir='ltr'><strong>vel</strong></span> <span class='ocrx_word' id='word_1_87' title='bbox 867 1233 1021 1296; x_wconf 84' lang='lat' dir='ltr'><strong>coincidet</strong></span> <span class='ocrx_word' id='word_1_88' title='bbox 1042 1254 1109 1298; x_wconf 89' lang='lat' dir='ltr'><strong>eum</strong></span> <span class='ocrx_word' id='word_1_89' title='bbox 1132 1243 1235 1297; x_wconf 89' lang='lat' dir='ltr'><strong>centro</strong></span> <span class='ocrx_word' id='word_1_90' title='bbox 1265 1236 1424 1298; x_wconf 90' lang='lat' dir='ltr'><strong>eccentrici</strong></span> 
     </span>
    </p>

    <p class='ocr_par' dir='ltr' id='par_1_9' title="bbox 92 1320 1425 1403">
     <span class='ocr_line' id='line_1_10' title="bbox 92 1320 1425 1403; baseline 0.003 -20"><span class='ocrx_word' id='word_1_91' title='bbox 92 1323 127 1384; x_wconf 82' lang='lat' dir='ltr'><strong>rel</strong></span> <span class='ocrx_word' id='word_1_92' title='bbox 145 1320 188 1384; x_wconf 89' lang='lat' dir='ltr'><strong>illi</strong></span> <span class='ocrx_word' id='word_1_93' title='bbox 211 1321 255 1384; x_wconf 92' lang='lat' dir='ltr'><strong>sit</strong></span> <span class='ocrx_word' id='word_1_94' title='bbox 277 1322 456 1403; x_wconf 82' lang='lat' dir='ltr'><strong>proximum.</strong></span> <span class='ocrx_word' id='word_1_95' title='bbox 502 1324 582 1387; x_wconf 89' lang='lat' dir='ltr'><strong>Nam</strong></span> <span class='ocrx_word' id='word_1_96' title='bbox 611 1324 692 1387; x_wconf 91' lang='lat' dir='ltr'><strong>linea</strong></span> <span class='ocrx_word' id='word_1_97' title='bbox 721 1322 912 1386; x_wconf 87' lang='lat' dir='ltr'><strong>diametralis</strong></span> <span class='ocrx_word' id='word_1_98' title='bbox 940 1331 989 1385; x_wconf 87' lang='lat' dir='ltr'><strong>est</strong></span> <span class='ocrx_word' id='word_1_99' title='bbox 1016 1326 1085 1387; x_wconf 88' lang='lat' dir='ltr'><strong>fons</strong></span> <span class='ocrx_word' id='word_1_100' title='bbox 1116 1324 1239 1387; x_wconf 88' lang='lat' dir='ltr'><strong>virtutis</strong></span> <span class='ocrx_word' id='word_1_101' title='bbox 1270 1326 1350 1387; x_wconf 91' lang='lat' dir='ltr'><strong>omni</strong></span> <span class='ocrx_word' id='word_1_102' title='bbox 1378 1326 1425 1387; x_wconf 89' lang='lat' dir='ltr'><strong>sui</strong></span> 
     </span>
    </p>

    <p class='ocr_par' dir='ltr' id='par_1_10' title="bbox 91 1410 1423 1493">
     <span class='ocr_line' id='line_1_11' title="bbox 91 1410 1423 1493; baseline 0.002 -20"><span class='ocrx_word' id='word_1_103' title='bbox 91 1420 167 1493; x_wconf 85' lang='lat' dir='ltr'><strong>parte.</strong></span> <span class='ocrx_word' id='word_1_104' title='bbox 213 1410 294 1475; x_wconf 81' lang='lat' dir='ltr'><strong>Cum</strong></span> <span class='ocrx_word' id='word_1_105' title='bbox 325 1430 397 1473; x_wconf 91' lang='lat' dir='ltr'><strong>voro</strong></span> <span class='ocrx_word' id='word_1_106' title='bbox 428 1411 644 1492; x_wconf 69' lang='lat' dir='ltr'><strong>digreditur)</strong></span> <span class='ocrx_word' id='word_1_107' title='bbox 670 1434 689 1475; x_wconf 86' lang='lat' dir='ltr'><strong>a</strong></span> <span class='ocrx_word' id='word_1_108' title='bbox 712 1415 751 1490; x_wconf 58' lang='grc' dir='ltr'><strong>ὅ,</strong></span> <span class='ocrx_word' id='word_1_109' title='bbox 775 1418 878 1474; x_wconf 85' lang='grc' dir='ltr'>ιιιιιι</span> <span class='ocrx_word' id='word_1_110' title='bbox 908 1414 1069 1476; x_wconf 90' lang='lat' dir='ltr'><strong>eccentrici</strong></span> <span class='ocrx_word' id='word_1_111' title='bbox 1100 1421 1240 1476; x_wconf 89' lang='lat' dir='ltr'><strong>manente</strong></span> <span class='ocrx_word' id='word_1_112' title='bbox 1268 1414 1301 1475; x_wconf 91' lang='lat' dir='ltr'><strong>in</strong></span> <span class='ocrx_word' id='word_1_113' title='bbox 1332 1414 1423 1490; x_wconf 87' lang='lat' dir='ltr'><strong>linea,</strong></span> 
     </span>
    </p>

    <p class='ocr_par' dir='ltr' id='par_1_11' title="bbox 92 1500 1425 1577">
     <span class='ocr_line' id='line_1_12' title="bbox 92 1500 1425 1577; baseline 0.002 -14"><span class='ocrx_word' id='word_1_114' title='bbox 92 1501 195 1563; x_wconf 90' lang='lat' dir='ltr'><strong>nultum</strong></span> <span class='ocrx_word' id='word_1_115' title='bbox 227 1500 359 1562; x_wconf 87' lang='lat' dir='ltr'><strong>decedat</strong></span> <span class='ocrx_word' id='word_1_116' title='bbox 389 1520 515 1565; x_wconf 87' lang='lat' dir='ltr'><strong>necesse</strong></span> <span class='ocrx_word' id='word_1_117' title='bbox 545 1511 594 1566; x_wconf 89' lang='lat' dir='ltr'><strong>est</strong></span> <span class='ocrx_word' id='word_1_118' title='bbox 625 1501 793 1577; x_wconf 86' lang='lat' dir='ltr'><strong>celeritati,</strong></span> <span class='ocrx_word' id='word_1_119' title='bbox 824 1520 892 1563; x_wconf 90' lang='lat' dir='ltr'><strong>cum</strong></span> <span class='ocrx_word' id='word_1_120' title='bbox 920 1502 1078 1565; x_wconf 85' lang='lat' dir='ltr'><strong>celerrima</strong></span> <span class='ocrx_word' id='word_1_121' title='bbox 1108 1502 1249 1574; x_wconf 68' lang='lat' dir='ltr'><strong>fuerit)</strong></span> <span class='ocrx_word' id='word_1_122' title='bbox 1280 1503 1313 1565; x_wconf 91' lang='lat' dir='ltr'><strong>in</strong></span> <span class='ocrx_word' id='word_1_123' title='bbox 1344 1503 1425 1565; x_wconf 89' lang='lat' dir='ltr'><strong>linea</strong></span> 
     </span>
    </p>

    <p class='ocr_par' dir='ltr' id='par_1_12' title="bbox 92 1590 1422 1675">
     <span class='ocr_line' id='line_1_13' title="bbox 92 1590 1422 1675; baseline 0.002 -23"><span class='ocrx_word' id='word_1_124' title='bbox 92 1590 251 1653; x_wconf 87' lang='lat' dir='ltr'><strong>diametrali.</strong></span> <span class='ocrx_word' id='word_1_125' title='bbox 296 1591 402 1672; x_wconf 87' lang='lat' dir='ltr'><strong>Itaque</strong></span> <span class='ocrx_word' id='word_1_126' title='bbox 426 1592 488 1653; x_wconf 91' lang='lat' dir='ltr'><strong>alte</strong></span> <span class='ocrx_word' id='word_1_127' title='bbox 512 1592 657 1655; x_wconf 90' lang='lat' dir='ltr'><strong>ascendet</strong></span> <span class='ocrx_word' id='word_1_128' title='bbox 678 1612 821 1675; x_wconf 90' lang='lat' dir='ltr'><strong>aequans,</strong></span> <span class='ocrx_word' id='word_1_129' title='bbox 845 1590 996 1673; x_wconf 76' lang='lat' dir='ltr'><strong>facietque</strong></span> <span class='ocrx_word' id='word_1_130' title='bbox 1019 1591 1181 1655; x_wconf 80' lang='lat' dir='ltr'><strong>maximam</strong></span> <span class='ocrx_word' id='word_1_131' title='bbox 1203 1593 1422 1670; x_wconf 87' lang='lat' dir='ltr'><strong>aequationem.</strong></span> 
     </span>
    </p>

    <p class='ocr_par' dir='ltr' id='par_1_13' title="bbox 92 1673 1422 1762">
     <span class='ocr_line' id='line_1_14' title="bbox 92 1673 1422 1762; baseline 0.001 -20"><span class='ocrx_word' id='word_1_132' title='bbox 92 1679 144 1742; x_wconf 86' lang='lat' dir='ltr'><strong>lan</strong></span> <span class='ocrx_word' id='word_1_133' title='bbox 165 1679 189 1741; x_wconf 90' lang='lat' dir='ltr'><strong>si</strong></span> <span class='ocrx_word' id='word_1_134' title='bbox 213 1698 337 1741; x_wconf 88' lang='lat' dir='ltr'><strong>crucem</strong></span> <span class='ocrx_word' id='word_1_135' title='bbox 359 1680 475 1743; x_wconf 84' lang='lat' dir='ltr'><strong>faciant</strong></span> <span class='ocrx_word' id='word_1_136' title='bbox 497 1680 578 1745; x_wconf 89' lang='lat' dir='ltr'><strong>linea</strong></span> <span class='ocrx_word' id='word_1_137' title='bbox 600 1682 727 1762; x_wconf 83' lang='lat' dir='ltr'><strong>apogaei</strong></span> <span class='ocrx_word' id='word_1_138' title='bbox 751 1688 782 1742; x_wconf 92' lang='lat' dir='ltr'><strong>et</strong></span> <span class='ocrx_word' id='word_1_139' title='bbox 797 1680 996 1755; x_wconf 86' lang='lat' dir='ltr'><strong>diametralis,</strong></span> <span class='ocrx_word' id='word_1_140' title='bbox 1021 1681 1160 1762; x_wconf 71' lang='lat' dir='ltr'><strong>sitque)</strong></span> <span class='ocrx_word' id='word_1_141' title='bbox 1180 1681 1211 1743; x_wconf 94' lang='lat' dir='ltr'><strong>in</strong></span> <span class='ocrx_word' id='word_1_142' title='bbox 1228 1673 1274 1755; x_wconf 73' lang='lat' dir='ltr'><strong>[l.</strong></span> <span class='ocrx_word' id='word_1_143' title='bbox 1297 1700 1422 1743; x_wconf 88' lang='lat' dir='ltr'><strong>necessa</strong></span> 
     </span>
    </p>

    <p class='ocr_par' dir='ltr' id='par_1_14' title="bbox 38 1768 1423 1852">
     <span class='ocr_line' id='line_1_15' title="bbox 38 1768 1423 1852; baseline 0.001 -21"><span class='ocrx_word' id='word_1_144' title='bbox 38 1832 40 1847; x_wconf 62' lang='lat'><strong>,</strong></span> <span class='ocrx_word' id='word_1_145' title='bbox 92 1778 128 1831; x_wconf 88' lang='lat' dir='ltr'><strong>est</strong></span> <span class='ocrx_word' id='word_1_146' title='bbox 141 1768 347 1831; x_wconf 86' lang='lat' dir='ltr'><strong>tardissimam</strong></span> <span class='ocrx_word' id='word_1_147' title='bbox 365 1788 442 1845; x_wconf 89' lang='lat' dir='ltr'><strong>esse,</strong></span> <span class='ocrx_word' id='word_1_148' title='bbox 467 1778 500 1831; x_wconf 90' lang='lat' dir='ltr'><strong>et</strong></span> <span class='ocrx_word' id='word_1_149' title='bbox 513 1771 693 1834; x_wconf 85' lang='lat' dir='ltr'><strong>altissimum</strong></span> <span class='ocrx_word' id='word_1_150' title='bbox 707 1768 866 1852; x_wconf 87' lang='lat' dir='ltr'><strong>aequantia</strong></span> <span class='ocrx_word' id='word_1_151' title='bbox 884 1777 1036 1849; x_wconf 91' lang='lat' dir='ltr'><strong>puuctum,</strong></span> <span class='ocrx_word' id='word_1_152' title='bbox 1056 1778 1143 1833; x_wconf 88' lang='lat' dir='ltr'><strong>tanto</strong></span> <span class='ocrx_word' id='word_1_153' title='bbox 1156 1788 1229 1833; x_wconf 88' lang='lat' dir='ltr'><strong>vero</strong></span> <span class='ocrx_word' id='word_1_154' title='bbox 1244 1770 1423 1833; x_wconf 84' lang='lat' dir='ltr'><strong>velociorem</strong></span> 
     </span>
    </p>

    <p class='ocr_par' dir='ltr' id='par_1_15' title="bbox 38 1850 1422 1941">
     <span class='ocr_line' id='line_1_16' title="bbox 38 1850 1422 1941; baseline -0.001 -22"><span class='ocrx_word' id='word_1_155' title='bbox 38 1858 39 1903; x_wconf 79' lang='grc' dir='ltr'>ἶ</span> <span class='ocrx_word' id='word_1_156' title='bbox 92 1858 113 1921; x_wconf 90' lang='lat' dir='ltr'><strong>in</strong></span> <span class='ocrx_word' id='word_1_157' title='bbox 131 1858 221 1921; x_wconf 84' lang='lat' dir='ltr'><strong>altera</strong></span> <span class='ocrx_word' id='word_1_158' title='bbox 245 1850 294 1931; x_wconf 91' lang='lat'><strong>[],</strong></span> <span class='ocrx_word' id='word_1_159' title='bbox 317 1876 384 1920; x_wconf 89' lang='lat' dir='ltr'><strong>cum</strong></span> <span class='ocrx_word' id='word_1_160' title='bbox 407 1858 507 1922; x_wconf 92' lang='lat' dir='ltr'><strong>estin</strong></span> <span class='ocrx_word' id='word_1_161' title='bbox 531 1860 683 1941; x_wconf 82' lang='lat' dir='ltr'><strong>perigaoo.</strong></span> <span class='ocrx_word' id='word_1_162' title='bbox 729 1860 772 1921; x_wconf 84' lang='grc' dir='ltr'><strong>Ει</strong></span> <span class='ocrx_word' id='word_1_163' title='bbox 793 1865 895 1921; x_wconf 67' lang='lat' dir='ltr'><strong>maren</strong></span> <span class='ocrx_word' id='word_1_164' title='bbox 923 1858 1020 1938; x_wconf 89' lang='lat' dir='ltr'><strong>prima</strong></span> <span class='ocrx_word' id='word_1_165' title='bbox 1046 1859 1248 1940; x_wconf 77' lang='lat' dir='ltr'><strong>inaequalitas</strong></span> <span class='ocrx_word' id='word_1_166' title='bbox 1270 1859 1422 1922; x_wconf 82' lang='lat' dir='ltr'><strong>intercur-</strong></span> 
     </span>
    </p>

    <p class='ocr_par' dir='ltr' id='par_1_16' title="bbox 38 1942 1422 2029">
     <span class='ocr_line' id='line_1_17' title="bbox 38 1942 1422 2029; baseline 0.002 -20"><span class='ocrx_word' id='word_1_167' title='bbox 38 1994 40 2009; x_wconf 70' lang='lat'><strong>.</strong></span> <span class='ocrx_word' id='word_1_168' title='bbox 92 1968 143 2009; x_wconf 88' lang='lat' dir='ltr'><strong>reus</strong></span> <span class='ocrx_word' id='word_1_169' title='bbox 163 1947 266 2020; x_wconf 78' lang='lat' dir='ltr'><strong>elficit,</strong></span> <span class='ocrx_word' id='word_1_170' title='bbox 292 1954 326 2008; x_wconf 90' lang='grc' dir='ltr'><strong>ιι</strong></span> <span class='ocrx_word' id='word_1_171' title='bbox 347 1949 373 2019; x_wconf 69' lang='lat' dir='ltr'><strong>J)</strong></span> <span class='ocrx_word' id='word_1_172' title='bbox 399 1966 537 2029; x_wconf 84' lang='lat' dir='ltr'><strong>apogaea</strong></span> <span class='ocrx_word' id='word_1_173' title='bbox 553 1950 584 2010; x_wconf 93' lang='grc' dir='ltr'><strong>ιι</strong></span> <span class='ocrx_word' id='word_1_174' title='bbox 603 1953 689 2027; x_wconf 55' lang='grc' dir='ltr'><em>Μ</em></span> <span class='ocrx_word' id='word_1_175' title='bbox 709 1948 806 2011; x_wconf 83' lang='grc' dir='ltr'>ιιιιι</span> <span class='ocrx_word' id='word_1_176' title='bbox 829 1948 962 2010; x_wconf 86' lang='lat' dir='ltr'><strong>velocior</strong></span> <span class='ocrx_word' id='word_1_177' title='bbox 975 1948 1026 2024; x_wconf 89' lang='lat' dir='ltr'><strong>eit,</strong></span> <span class='ocrx_word' id='word_1_178' title='bbox 1051 1968 1140 2029; x_wconf 89' lang='lat' dir='ltr'><strong>quam</strong></span> <span class='ocrx_word' id='word_1_179' title='bbox 1161 1950 1305 2029; x_wconf 77' lang='lat' dir='ltr'><strong>perigaea</strong></span> <span class='ocrx_word' id='word_1_180' title='bbox 1326 1947 1357 2009; x_wconf 94' lang='lat' dir='ltr'><strong>in</strong></span> <span class='ocrx_word' id='word_1_181' title='bbox 1375 1942 1422 2014; x_wconf 90' lang='lat'><strong>[].</strong></span> 
     </span>
    </p>

    <p class='ocr_par' dir='ltr' id='par_1_17' title="bbox 38 2024 1422 2123">
     <span class='ocr_line' id='line_1_18' title="bbox 92 2036 1422 2119; baseline 0.001 -20.922"><span class='ocrx_word' id='word_1_182' title='bbox 92 2037 213 2099; x_wconf 88' lang='lat' dir='ltr'><strong>llanente</strong></span> <span class='ocrx_word' id='word_1_183' title='bbox 237 2054 313 2097; x_wconf 85' lang='lat' dir='ltr'><strong>vero</strong></span> <span class='ocrx_word' id='word_1_184' title='bbox 335 2036 424 2098; x_wconf 91' lang='lat' dir='ltr'><strong>modo</strong></span> <span class='ocrx_word' id='word_1_185' title='bbox 449 2036 532 2099; x_wconf 84' lang='lat' dir='ltr'><strong>dicta</strong></span> <span class='ocrx_word' id='word_1_186' title='bbox 553 2057 650 2112; x_wconf 90' lang='lat' dir='ltr'><strong>cruce,</strong></span> <span class='ocrx_word' id='word_1_187' title='bbox 675 2056 742 2100; x_wconf 88' lang='lat' dir='ltr'><strong>cum</strong></span> <span class='ocrx_word' id='word_1_188' title='bbox 766 2040 790 2109; x_wconf 70' lang='lat' dir='ltr'><strong>h</strong></span> <span class='ocrx_word' id='word_1_189' title='bbox 816 2037 846 2099; x_wconf 91' lang='lat' dir='ltr'><strong>iu</strong></span> <span class='ocrx_word' id='word_1_190' title='bbox 871 2039 957 2113; x_wconf 61' lang='grc' dir='ltr'><em>Μ</em></span> <span class='ocrx_word' id='word_1_191' title='bbox 978 2037 1092 2113; x_wconf 81' lang='lat' dir='ltr'><strong>incidit</strong></span> <span class='ocrx_word' id='word_1_192' title='bbox 1118 2037 1189 2119; x_wconf 84' lang='lat' dir='ltr'><strong>quia</strong></span> <span class='ocrx_word' id='word_1_193' title='bbox 1211 2058 1231 2099; x_wconf 88' lang='lat' dir='ltr'><strong>a</strong></span> <span class='ocrx_word' id='word_1_194' title='bbox 1253 2039 1337 2100; x_wconf 80' lang='lat' dir='ltr'><strong>fonte</strong></span> <span class='ocrx_word' id='word_1_195' title='bbox 1360 2039 1422 2100; x_wconf 90' lang='lat' dir='ltr'><strong>vir-</strong></span> 
     </span>
    </p>

    <p class='ocr_par' dir='ltr' id='par_1_18' title="bbox 92 2126 1422 2207">
     <span class='ocr_line' id='line_1_19' title="bbox 92 2126 1422 2207; baseline 0.002 -20"><span class='ocrx_word' id='word_1_196' title='bbox 92 2126 149 2187; x_wconf 86' lang='grc' dir='ltr'>ιιιιι</span> <span class='ocrx_word' id='word_1_197' title='bbox 169 2126 380 2187; x_wconf 88' lang='lat' dir='ltr'><strong>vehementius</strong></span> <span class='ocrx_word' id='word_1_198' title='bbox 401 2126 562 2203; x_wconf 90' lang='lat' dir='ltr'><strong>incitatur,</strong></span> <span class='ocrx_word' id='word_1_199' title='bbox 587 2146 711 2189; x_wconf 86' lang='lat' dir='ltr'><strong>necesse</strong></span> <span class='ocrx_word' id='word_1_200' title='bbox 735 2135 784 2188; x_wconf 89' lang='grc' dir='ltr'><strong>ιιι</strong></span> <span class='ocrx_word' id='word_1_201' title='bbox 813 2126 1119 2206; x_wconf 83' lang='lat' dir='ltr'><strong>contemperationem</strong></span> <span class='ocrx_word' id='word_1_202' title='bbox 1141 2126 1205 2188; x_wconf 86' lang='lat' dir='ltr'><strong>fieri</strong></span> <span class='ocrx_word' id='word_1_203' title='bbox 1227 2135 1257 2189; x_wconf 89' lang='lat' dir='ltr'><strong>et</strong></span> <span class='ocrx_word' id='word_1_204' title='bbox 1279 2134 1422 2207; x_wconf 87' lang='lat' dir='ltr'><strong>punctum</strong></span> 
     </span>
    </p>

    <p class='ocr_par' dir='ltr' id='par_1_19' title="bbox 91 2214 1447 2387">
     <span class='ocr_line' id='line_1_20' title="bbox 92 2214 1447 2295; baseline 0.002 -20"><span class='ocrx_word' id='word_1_205' title='bbox 92 2214 229 2295; x_wconf 83' lang='lat' dir='ltr'><strong>sequentis</strong></span> <span class='ocrx_word' id='word_1_206' title='bbox 255 2215 297 2275; x_wconf 89' lang='lat' dir='ltr'><strong>ad</strong></span> <span class='ocrx_word' id='word_1_207' title='bbox 320 2214 559 2279; x_wconf 80' lang='lat' dir='ltr'><strong>mediocritatem</strong></span> <span class='ocrx_word' id='word_1_208' title='bbox 583 2218 774 2279; x_wconf 86' lang='lat' dir='ltr'><strong>descendere.</strong></span> <span class='ocrx_word' id='word_1_209' title='bbox 812 2215 862 2279; x_wconf 89' lang='lat' dir='ltr'><strong>Sit</strong></span> <span class='ocrx_word' id='word_1_210' title='bbox 879 2216 906 2277; x_wconf 88' lang='lat' dir='ltr'>F</span> <span class='ocrx_word' id='word_1_211' title='bbox 922 2215 1026 2291; x_wconf 88' lang='lat' dir='ltr'><strong>Terra,</strong></span> <span class='ocrx_word' id='word_1_212' title='bbox 1048 2215 1230 2279; x_wconf 83' lang='lat' dir='ltr'><strong>Ecentrum</strong></span> <span class='ocrx_word' id='word_1_213' title='bbox 1252 2217 1447 2293; x_wconf 72' lang='lat' dir='ltr'><strong>eccentriei„</strong></span> 
     </span>
     <span class='ocr_line' id='line_1_21' title="bbox 91 2298 1422 2387; baseline 0.005 -23"><span class='ocrx_word' id='word_1_214' title='bbox 91 2306 250 2383; x_wconf 80' lang='lat' dir='ltr'><strong>haequans</strong></span> <span class='ocrx_word' id='word_1_215' title='bbox 275 2322 329 2383; x_wconf 90' lang='lat' dir='ltr'><strong>pro</strong></span> <span class='ocrx_word' id='word_1_216' title='bbox 352 2304 485 2366; x_wconf 77' lang='lat' dir='ltr'><strong>maxima</strong></span> <span class='ocrx_word' id='word_1_217' title='bbox 504 2306 682 2385; x_wconf 81' lang='lat' dir='ltr'><strong>aequatione</strong></span> <span class='ocrx_word' id='word_1_218' title='bbox 699 2310 736 2382; x_wconf 86' lang='lat'><strong>00,</strong></span> <span class='ocrx_word' id='word_1_219' title='bbox 752 2308 791 2382; x_wconf 64' lang='lat' dir='ltr'><strong>A,</strong></span> <span class='ocrx_word' id='word_1_220' title='bbox 808 2304 906 2387; x_wconf 90' lang='lat' dir='ltr'><strong>Dpro</strong></span> <span class='ocrx_word' id='word_1_221' title='bbox 925 2305 1055 2366; x_wconf 85' lang='lat' dir='ltr'><strong>maxima</strong></span> <span class='ocrx_word' id='word_1_222' title='bbox 1078 2304 1256 2385; x_wconf 84' lang='lat' dir='ltr'><strong>aequatione</strong></span> <span class='ocrx_word' id='word_1_223' title='bbox 1270 2298 1316 2371; x_wconf 82' lang='lat' dir='ltr'><strong>[l.</strong></span> <span class='ocrx_word' id='word_1_224' title='bbox 1339 2306 1422 2387; x_wconf 80' lang='lat' dir='ltr'><strong>Ergo</strong></span> 
     </span>
    </p>

    <p class='ocr_par' dir='ltr' id='par_1_20' title="bbox 92 2388 1421 2471">
     <span class='ocr_line' id='line_1_22' title="bbox 92 2388 1421 2471; baseline 0.003 -18"><span class='ocrx_word' id='word_1_225' title='bbox 92 2400 175 2454; x_wconf 74' lang='lat' dir='ltr'><strong>antro</strong></span> <span class='ocrx_word' id='word_1_226' title='bbox 207 2393 373 2455; x_wconf 89' lang='lat' dir='ltr'><strong>eccentrici</strong></span> <span class='ocrx_word' id='word_1_227' title='bbox 396 2402 537 2457; x_wconf 86' lang='lat' dir='ltr'><strong>versante</strong></span> <span class='ocrx_word' id='word_1_228' title='bbox 561 2396 590 2457; x_wconf 92' lang='lat' dir='ltr'><strong>iu</strong></span> <span class='ocrx_word' id='word_1_229' title='bbox 615 2399 652 2470; x_wconf 87' lang='lat'><strong>00,</strong></span> <span class='ocrx_word' id='word_1_230' title='bbox 669 2398 708 2471; x_wconf 64' lang='grc' dir='ltr'><strong>ό,</strong></span> <span class='ocrx_word' id='word_1_231' title='bbox 732 2395 766 2457; x_wconf 83' lang='grc' dir='ltr'><strong>ιι</strong></span> <span class='ocrx_word' id='word_1_232' title='bbox 789 2395 910 2458; x_wconf 91' lang='lat' dir='ltr'><strong>libratio</strong></span> <span class='ocrx_word' id='word_1_233' title='bbox 932 2394 962 2455; x_wconf 93' lang='lat' dir='ltr'><strong>iu</strong></span> <span class='ocrx_word' id='word_1_234' title='bbox 984 2394 1060 2469; x_wconf 78' lang='lat' dir='ltr'><strong>DE3</strong></span> <span class='ocrx_word' id='word_1_235' title='bbox 1081 2394 1135 2457; x_wconf 91' lang='lat' dir='ltr'><strong>illo</strong></span> <span class='ocrx_word' id='word_1_236' title='bbox 1157 2394 1188 2457; x_wconf 91' lang='lat' dir='ltr'><strong>iu</strong></span> <span class='ocrx_word' id='word_1_237' title='bbox 1211 2388 1248 2459; x_wconf 90' lang='lat'><strong>[]</strong></span> <span class='ocrx_word' id='word_1_238' title='bbox 1269 2404 1421 2470; x_wconf 86' lang='lat' dir='ltr'><strong>versante,</strong></span> 
     </span>
    </p>

    <p class='ocr_par' dir='ltr' id='par_1_21' title="bbox 90 2480 1424 2564">
     <span class='ocr_line' id='line_1_23' title="bbox 90 2480 1424 2564; baseline 0.003 -21"><span class='ocrx_word' id='word_1_239' title='bbox 90 2481 190 2544; x_wconf 86' lang='lat' dir='ltr'><strong>hbratio</strong></span> <span class='ocrx_word' id='word_1_240' title='bbox 214 2482 249 2541; x_wconf 85' lang='lat' dir='ltr'><strong>lit</strong></span> <span class='ocrx_word' id='word_1_241' title='bbox 275 2481 305 2542; x_wconf 92' lang='lat' dir='ltr'><strong>in</strong></span> <span class='ocrx_word' id='word_1_242' title='bbox 328 2480 400 2545; x_wconf 85' lang='lat' dir='ltr'><strong>AG.</strong></span> <span class='ocrx_word' id='word_1_243' title='bbox 447 2482 550 2546; x_wconf 88' lang='lat' dir='ltr'><strong>Media</strong></span> <span class='ocrx_word' id='word_1_244' title='bbox 573 2503 645 2564; x_wconf 83' lang='lat' dir='ltr'><strong>ergo</strong></span> <span class='ocrx_word' id='word_1_245' title='bbox 669 2484 827 2564; x_wconf 82' lang='lat' dir='ltr'><strong>aequantia</strong></span> <span class='ocrx_word' id='word_1_246' title='bbox 851 2484 999 2547; x_wconf 88' lang='lat' dir='ltr'><strong>distantia</strong></span> <span class='ocrx_word' id='word_1_247' title='bbox 1019 2490 1155 2563; x_wconf 79' lang='lat' dir='ltr'><strong>augetur,</strong></span> <span class='ocrx_word' id='word_1_248' title='bbox 1179 2491 1215 2545; x_wconf 92' lang='lat' dir='ltr'><strong>nt</strong></span> <span class='ocrx_word' id='word_1_249' title='bbox 1231 2484 1273 2547; x_wconf 87' lang='lat' dir='ltr'><strong>sit</strong></span> <span class='ocrx_word' id='word_1_250' title='bbox 1287 2485 1320 2547; x_wconf 90' lang='grc' dir='ltr'><strong>ιι</strong></span> <span class='ocrx_word' id='word_1_251' title='bbox 1339 2487 1424 2561; x_wconf 60' lang='grc' dir='ltr'><em>Μ</em></span> 
     </span>
    </p>

    <p class='ocr_par' dir='ltr' id='par_1_22' title="bbox 91 2564 1423 2654">
     <span class='ocr_line' id='line_1_24' title="bbox 91 2564 1423 2654; baseline 0.002 -22"><span class='ocrx_word' id='word_1_252' title='bbox 91 2572 141 2645; x_wconf 79' lang='lat' dir='ltr'><strong>FA,</strong></span> <span class='ocrx_word' id='word_1_253' title='bbox 161 2572 188 2633; x_wconf 93' lang='lat' dir='ltr'><strong>in</strong></span> <span class='ocrx_word' id='word_1_254' title='bbox 212 2564 250 2634; x_wconf 87' lang='lat' dir='ltr'><strong>[l</strong></span> <span class='ocrx_word' id='word_1_255' title='bbox 275 2570 339 2633; x_wconf 83' lang='lat' dir='ltr'><strong>FD.</strong></span> <span class='ocrx_word' id='word_1_256' title='bbox 385 2572 488 2634; x_wconf 82' lang='lat' dir='ltr'><strong>Prima</strong></span> <span class='ocrx_word' id='word_1_257' title='bbox 510 2592 582 2654; x_wconf 86' lang='lat' dir='ltr'><strong>ergo</strong></span> <span class='ocrx_word' id='word_1_258' title='bbox 614 2573 743 2637; x_wconf 87' lang='lat' dir='ltr'><strong>variatio</strong></span> <span class='ocrx_word' id='word_1_259' title='bbox 768 2581 816 2635; x_wconf 88' lang='lat' dir='ltr'><strong>est</strong></span> <span class='ocrx_word' id='word_1_260' title='bbox 846 2590 902 2653; x_wconf 92' lang='lat' dir='ltr'><strong>pro</strong></span> <span class='ocrx_word' id='word_1_261' title='bbox 928 2580 1012 2636; x_wconf 91' lang='lat' dir='ltr'><strong>motu</strong></span> <span class='ocrx_word' id='word_1_262' title='bbox 1042 2572 1138 2635; x_wconf 88' lang='lat' dir='ltr'><strong>centri</strong></span> <span class='ocrx_word' id='word_1_263' title='bbox 1168 2573 1328 2636; x_wconf 88' lang='lat' dir='ltr'><strong>eccentrici</strong></span> <span class='ocrx_word' id='word_1_264' title='bbox 1351 2576 1423 2651; x_wconf 60' lang='lat' dir='ltr'><strong>ad</strong></span> 
     </span>
    </p>

    <p class='ocr_par' dir='ltr' id='par_1_23' title="bbox 90 2654 1423 2741">
     <span class='ocr_line' id='line_1_25' title="bbox 90 2654 1423 2741; baseline 0.003 -21"><span class='ocrx_word' id='word_1_265' title='bbox 90 2662 168 2733; x_wconf 84' lang='lat' dir='ltr'><strong>rel00</strong></span> <span class='ocrx_word' id='word_1_266' title='bbox 191 2660 223 2723; x_wconf 91' lang='lat' dir='ltr'><strong>in</strong></span> <span class='ocrx_word' id='word_1_267' title='bbox 246 2654 300 2735; x_wconf 76' lang='lat' dir='ltr'><strong>U,</strong></span> <span class='ocrx_word' id='word_1_268' title='bbox 324 2660 373 2722; x_wconf 92' lang='lat' dir='ltr'><strong>cni</strong></span> <span class='ocrx_word' id='word_1_269' title='bbox 395 2664 558 2741; x_wconf 87' lang='lat' dir='ltr'><strong>respondet</strong></span> <span class='ocrx_word' id='word_1_270' title='bbox 586 2661 708 2725; x_wconf 90' lang='lat' dir='ltr'><strong>libratio</strong></span> <span class='ocrx_word' id='word_1_271' title='bbox 732 2661 826 2724; x_wconf 89' lang='lat' dir='ltr'><strong>centri</strong></span> <span class='ocrx_word' id='word_1_272' title='bbox 851 2660 963 2725; x_wconf 88' lang='lat' dir='ltr'><strong>circelli</strong></span> <span class='ocrx_word' id='word_1_273' title='bbox 985 2660 1134 2724; x_wconf 90' lang='lat' dir='ltr'><strong>libratorii</strong></span> <span class='ocrx_word' id='word_1_274' title='bbox 1156 2682 1195 2724; x_wconf 87' lang='lat' dir='ltr'><strong>ex</strong></span> <span class='ocrx_word' id='word_1_275' title='bbox 1217 2661 1248 2724; x_wconf 82' lang='lat' dir='ltr'>A</span> <span class='ocrx_word' id='word_1_276' title='bbox 1270 2664 1303 2726; x_wconf 91' lang='grc' dir='ltr'><strong>ιι</strong></span> <span class='ocrx_word' id='word_1_277' title='bbox 1325 2661 1364 2738; x_wconf 92' lang='lat' dir='ltr'><strong>D,</strong></span> <span class='ocrx_word' id='word_1_278' title='bbox 1388 2669 1423 2725; x_wconf 94' lang='lat' dir='ltr'><strong>ut</strong></span> 
     </span>
    </p>

    <p class='ocr_par' dir='ltr' id='par_1_24' title="bbox 91 2748 1423 2834">
     <span class='ocr_line' id='line_1_26' title="bbox 91 2748 1423 2834; baseline 0.002 -22"><span class='ocrx_word' id='word_1_279' title='bbox 91 2760 212 2830; x_wconf 88' lang='lat' dir='ltr'><strong>quantum</strong></span> <span class='ocrx_word' id='word_1_280' title='bbox 235 2750 370 2814; x_wconf 88' lang='lat' dir='ltr'><strong>interest</strong></span> <span class='ocrx_word' id='word_1_281' title='bbox 391 2748 471 2814; x_wconf 91' lang='lat' dir='ltr'><strong>inter</strong></span> <span class='ocrx_word' id='word_1_282' title='bbox 492 2751 602 2828; x_wconf 88' lang='lat' dir='ltr'><strong>lineas,</strong></span> <span class='ocrx_word' id='word_1_283' title='bbox 626 2760 744 2816; x_wconf 88' lang='lat' dir='ltr'><strong>tantum</strong></span> <span class='ocrx_word' id='word_1_284' title='bbox 768 2752 807 2814; x_wconf 85' lang='lat' dir='ltr'><strong>ab</strong></span> <span class='ocrx_word' id='word_1_285' title='bbox 829 2752 860 2814; x_wconf 89' lang='lat' dir='ltr'>H</span> <span class='ocrx_word' id='word_1_286' title='bbox 882 2752 912 2816; x_wconf 92' lang='lat' dir='ltr'><strong>in</strong></span> <span class='ocrx_word' id='word_1_287' title='bbox 935 2752 965 2814; x_wconf 92' lang='lat' dir='ltr'>D</span> <span class='ocrx_word' id='word_1_288' title='bbox 992 2758 1164 2814; x_wconf 87' lang='lat' dir='ltr'><strong>numeretur</strong></span> <span class='ocrx_word' id='word_1_289' title='bbox 1192 2752 1316 2834; x_wconf 85' lang='lat' dir='ltr'><strong>ejusque</strong></span> <span class='ocrx_word' id='word_1_290' title='bbox 1340 2752 1423 2815; x_wconf 89' lang='lat' dir='ltr'><strong>sinus</strong></span> 
     </span>
    </p>

    <p class='ocr_par' dir='ltr' id='par_1_25' title="bbox 90 2837 1482 3370">
     <span class='ocr_line' id='line_1_27' title="bbox 91 2837 1482 2923; baseline 0.001 -21"><span class='ocrx_word' id='word_1_291' title='bbox 91 2841 165 2902; x_wconf 79' lang='lat' dir='ltr'><strong>brist</strong></span> <span class='ocrx_word' id='word_1_292' title='bbox 195 2837 385 2903; x_wconf 87' lang='lat' dir='ltr'><strong>additionem</strong></span> <span class='ocrx_word' id='word_1_293' title='bbox 408 2841 447 2902; x_wconf 87' lang='lat' dir='ltr'><strong>ad</strong></span> <span class='ocrx_word' id='word_1_294' title='bbox 469 2843 534 2904; x_wconf 73' lang='grc' dir='ltr'><strong>ΡΑ.</strong></span> <span class='ocrx_word' id='word_1_295' title='bbox 582 2842 724 2905; x_wconf 89' lang='lat' dir='ltr'><strong>Secunda</strong></span> <span class='ocrx_word' id='word_1_296' title='bbox 756 2841 875 2906; x_wconf 83' lang='lat' dir='ltr'><strong>libratio</strong></span> <span class='ocrx_word' id='word_1_297' title='bbox 904 2842 949 2904; x_wconf 91' lang='lat' dir='ltr'><strong>sic</strong></span> <span class='ocrx_word' id='word_1_298' title='bbox 975 2841 1163 2918; x_wconf 86' lang='lat' dir='ltr'><strong>instituitur,</strong></span> <span class='ocrx_word' id='word_1_299' title='bbox 1195 2850 1231 2904; x_wconf 90' lang='lat' dir='ltr'><strong>ut</strong></span> <span class='ocrx_word' id='word_1_300' title='bbox 1252 2842 1420 2923; x_wconf 70' lang='lat' dir='ltr'><strong>quando)</strong></span> <span class='ocrx_word' id='word_1_301' title='bbox 1478 2863 1482 2870; x_wconf 81' lang='grc'><em>’</em></span> 
     </span>
     <span class='ocr_line' id='line_1_28' title="bbox 91 2929 1424 3013; baseline 0.004 -23"><span class='ocrx_word' id='word_1_302' title='bbox 91 2937 126 2990; x_wconf 85' lang='lat' dir='ltr'><strong>est</strong></span> <span class='ocrx_word' id='word_1_303' title='bbox 142 2930 171 2990; x_wconf 93' lang='lat' dir='ltr'><strong>iu</strong></span> <span class='ocrx_word' id='word_1_304' title='bbox 193 2931 234 3007; x_wconf 60' lang='grc' dir='ltr'><strong>ό,</strong></span> <span class='ocrx_word' id='word_1_305' title='bbox 253 2932 294 3001; x_wconf 87' lang='lat'><strong>00,</strong></span> <span class='ocrx_word' id='word_1_306' title='bbox 317 2929 437 2993; x_wconf 91' lang='lat' dir='ltr'><strong>sithoc</strong></span> <span class='ocrx_word' id='word_1_307' title='bbox 461 2939 604 3011; x_wconf 90' lang='lat' dir='ltr'><strong>punctum</strong></span> <span class='ocrx_word' id='word_1_308' title='bbox 625 2931 792 3013; x_wconf 86' lang='lat' dir='ltr'><strong>proximum</strong></span> <span class='ocrx_word' id='word_1_309' title='bbox 815 2939 928 3012; x_wconf 89' lang='lat' dir='ltr'><strong>puncto</strong></span> <span class='ocrx_word' id='word_1_310' title='bbox 951 2931 1126 3007; x_wconf 89' lang='lat' dir='ltr'><strong>eccentriei,</strong></span> <span class='ocrx_word' id='word_1_311' title='bbox 1155 2939 1297 3012; x_wconf 88' lang='lat' dir='ltr'><strong>quantum</strong></span> <span class='ocrx_word' id='word_1_312' title='bbox 1319 2939 1424 3011; x_wconf 87' lang='lat' dir='ltr'><strong>potest</strong></span> 
     </span>
     <span class='ocr_line' id='line_1_29' title="bbox 90 3015 1422 3100; baseline 0.002 -21"><span class='ocrx_word' id='word_1_313' title='bbox 90 3037 128 3097; x_wconf 88' lang='lat' dir='ltr'><strong>per</strong></span> <span class='ocrx_word' id='word_1_314' title='bbox 147 3018 373 3100; x_wconf 87' lang='lat' dir='ltr'><strong>amplitudinem</strong></span> <span class='ocrx_word' id='word_1_315' title='bbox 397 3019 528 3097; x_wconf 89' lang='lat' dir='ltr'><strong>circelli;</strong></span> <span class='ocrx_word' id='word_1_316' title='bbox 554 3030 587 3083; x_wconf 92' lang='lat' dir='ltr'><strong>at</strong></span> <span class='ocrx_word' id='word_1_317' title='bbox 609 3039 676 3083; x_wconf 90' lang='lat' dir='ltr'><strong>cum</strong></span> <span class='ocrx_word' id='word_1_318' title='bbox 700 3023 795 3092; x_wconf 68' lang='lat' dir='ltr'><strong>est)</strong></span> <span class='ocrx_word' id='word_1_319' title='bbox 821 3020 850 3082; x_wconf 92' lang='lat' dir='ltr'><strong>iu</strong></span> <span class='ocrx_word' id='word_1_320' title='bbox 874 3015 919 3095; x_wconf 80' lang='grc'><strong>[1,</strong></span> <span class='ocrx_word' id='word_1_321' title='bbox 944 3020 986 3082; x_wconf 90' lang='grc' dir='ltr'><strong>ιιι</strong></span> <span class='ocrx_word' id='word_1_322' title='bbox 1008 3021 1065 3082; x_wconf 82' lang='grc' dir='ltr'><strong>ιιι</strong></span> <span class='ocrx_word' id='word_1_323' title='bbox 1087 3029 1230 3100; x_wconf 92' lang='lat' dir='ltr'><strong>puuctum</strong></span> <span class='ocrx_word' id='word_1_324' title='bbox 1252 3020 1422 3083; x_wconf 88' lang='lat' dir='ltr'><strong>remotissi-</strong></span> 
     </span>
     <span class='ocr_line' id='line_1_30' title="bbox 90 3109 1423 3192; baseline 0.003 -23"><span class='ocrx_word' id='word_1_325' title='bbox 90 3127 158 3173; x_wconf 86' lang='grc' dir='ltr'>ιιι.</span> <span class='ocrx_word' id='word_1_326' title='bbox 194 3109 265 3170; x_wconf 90' lang='grc' dir='ltr'><strong>Ηιι</strong></span> <span class='ocrx_word' id='word_1_327' title='bbox 289 3109 378 3170; x_wconf 90' lang='lat' dir='ltr'><strong>modo</strong></span> <span class='ocrx_word' id='word_1_328' title='bbox 403 3109 555 3172; x_wconf 85' lang='lat' dir='ltr'><strong>conficitur</strong></span> <span class='ocrx_word' id='word_1_329' title='bbox 569 3111 623 3173; x_wconf 94' lang='lat' dir='ltr'><strong>illa</strong></span> <span class='ocrx_word' id='word_1_330' title='bbox 636 3111 779 3184; x_wconf 79' lang='lat' dir='ltr'><strong>varietas,</strong></span> <span class='ocrx_word' id='word_1_331' title='bbox 804 3129 894 3190; x_wconf 93' lang='lat' dir='ltr'><strong>quam</strong></span> <span class='ocrx_word' id='word_1_332' title='bbox 913 3110 979 3189; x_wconf 88' lang='lat' dir='ltr'><strong>jam</strong></span> <span class='ocrx_word' id='word_1_333' title='bbox 992 3110 1081 3171; x_wconf 91' lang='lat' dir='ltr'><strong>modo</strong></span> <span class='ocrx_word' id='word_1_334' title='bbox 1099 3110 1233 3192; x_wconf 79' lang='lat' dir='ltr'><strong>physicis</strong></span> <span class='ocrx_word' id='word_1_335' title='bbox 1256 3110 1423 3173; x_wconf 91' lang='lat' dir='ltr'><strong>rationibus</strong></span> 
     </span>
     <span class='ocr_line' id='line_1_31' title="bbox 92 3197 1421 3283; baseline 0.002 -23"><span class='ocrx_word' id='word_1_336' title='bbox 92 3198 138 3260; x_wconf 83' lang='lat' dir='ltr'><strong>diri</strong></span> <span class='ocrx_word' id='word_1_337' title='bbox 158 3205 405 3261; x_wconf 89' lang='lat' dir='ltr'><strong>consentaneam.</strong></span> <span class='ocrx_word' id='word_1_338' title='bbox 445 3197 507 3262; x_wconf 89' lang='lat' dir='ltr'><strong>Sed</strong></span> <span class='ocrx_word' id='word_1_339' title='bbox 529 3201 605 3262; x_wconf 90' lang='lat' dir='ltr'><strong>haec</strong></span> <span class='ocrx_word' id='word_1_340' title='bbox 628 3200 730 3262; x_wconf 91' lang='lat' dir='ltr'><strong>omnia</strong></span> <span class='ocrx_word' id='word_1_341' title='bbox 753 3198 889 3283; x_wconf 85' lang='lat' dir='ltr'><strong>indigent</strong></span> <span class='ocrx_word' id='word_1_342' title='bbox 910 3198 1045 3260; x_wconf 89' lang='lat' dir='ltr'><strong>ulteriori</strong></span> <span class='ocrx_word' id='word_1_343' title='bbox 1068 3197 1150 3262; x_wconf 91' lang='lat' dir='ltr'><strong>lima.</strong></span> <span class='ocrx_word' id='word_1_344' title='bbox 1185 3200 1322 3282; x_wconf 85' lang='lat' dir='ltr'><strong>Maxima</strong></span> <span class='ocrx_word' id='word_1_345' title='bbox 1344 3219 1421 3280; x_wconf 92' lang='lat' dir='ltr'><strong>qua-</strong></span> 
     </span>
     <span class='ocr_line' id='line_1_32' title="bbox 92 3286 1231 3370; baseline 0.004 -22"><span class='ocrx_word' id='word_1_346' title='bbox 92 3288 265 3350; x_wconf 86' lang='lat' dir='ltr'><strong>draturarum</strong></span> <span class='ocrx_word' id='word_1_347' title='bbox 287 3287 429 3367; x_wconf 87' lang='lat' dir='ltr'><strong>aequatio</strong></span> <span class='ocrx_word' id='word_1_348' title='bbox 453 3296 501 3352; x_wconf 87' lang='lat' dir='ltr'><strong>est</strong></span> <span class='ocrx_word' id='word_1_349' title='bbox 523 3289 583 3352; x_wconf 90' lang='lat' dir='ltr'><strong>illis</strong></span> <span class='ocrx_word' id='word_1_350' title='bbox 608 3287 646 3351; x_wconf 80' lang='lat'><strong>7⁰</strong></span> <span class='ocrx_word' id='word_1_351' title='bbox 667 3286 731 3352; x_wconf 80' lang='lat'><strong>28‘.</strong></span> <span class='ocrx_word' id='word_1_352' title='bbox 772 3367 773 3370; x_wconf 8' lang='grc' dir='ltr'><strong>Ἴ</strong></span> <span class='ocrx_word' id='word_1_353' title='bbox 1228 3294 1231 3300; x_wconf 91' lang='grc'><strong><em>’</em></strong></span> 
     </span>
    </p>

    <p class='ocr_par' dir='ltr' id='par_1_26' title="bbox 89 3374 1510 5072">
     <span class='ocr_line' id='line_1_33' title="bbox 156 3374 1422 3457; baseline 0.001 -18"><span class='ocrx_word' id='word_1_354' title='bbox 156 3377 284 3440; x_wconf 83' lang='lat' dir='ltr'><strong>Morbus</strong></span> <span class='ocrx_word' id='word_1_355' title='bbox 312 3395 361 3438; x_wconf 92' lang='lat' dir='ltr'><strong>me</strong></span> <span class='ocrx_word' id='word_1_356' title='bbox 393 3376 551 3442; x_wconf 90' lang='lat' dir='ltr'><strong>obscurum</strong></span> <span class='ocrx_word' id='word_1_357' title='bbox 583 3377 671 3453; x_wconf 82' lang='lat' dir='ltr'><strong>lecit,</strong></span> <span class='ocrx_word' id='word_1_358' title='bbox 705 3383 797 3440; x_wconf 87' lang='lat' dir='ltr'><strong>antea</strong></span> <span class='ocrx_word' id='word_1_359' title='bbox 823 3375 892 3457; x_wconf 92' lang='lat' dir='ltr'><strong>plus</strong></span> <span class='ocrx_word' id='word_1_360' title='bbox 923 3375 1000 3438; x_wconf 90' lang='lat' dir='ltr'><strong>satis</strong></span> <span class='ocrx_word' id='word_1_361' title='bbox 1028 3374 1085 3437; x_wconf 93' lang='lat' dir='ltr'><strong>hoc</strong></span> <span class='ocrx_word' id='word_1_362' title='bbox 1117 3377 1312 3440; x_wconf 87' lang='lat' dir='ltr'><strong>obscuritatis</strong></span> <span class='ocrx_word' id='word_1_363' title='bbox 1344 3377 1422 3440; x_wconf 91' lang='lat' dir='ltr'><strong>dono</strong></span> 
     </span>
     <span class='ocr_line' id='line_1_34' title="bbox 90 3463 1422 3548; baseline 0.002 -22"><span class='ocrx_word' id='word_1_364' title='bbox 90 3467 249 3544; x_wconf 81' lang='lat' dir='ltr'><strong>praeditum.</strong></span> <span class='ocrx_word' id='word_1_365' title='bbox 297 3466 374 3528; x_wconf 86' lang='lat' dir='ltr'><strong>Mihi</strong></span> <span class='ocrx_word' id='word_1_366' title='bbox 396 3467 455 3548; x_wconf 89' lang='lat' dir='ltr'><strong>ipsi</strong></span> <span class='ocrx_word' id='word_1_367' title='bbox 474 3487 531 3531; x_wconf 92' lang='grc' dir='ltr'><strong>ιιι</strong></span> <span class='ocrx_word' id='word_1_368' title='bbox 555 3467 721 3532; x_wconf 88' lang='lat' dir='ltr'><strong>satisfacio.</strong></span> <span class='ocrx_word' id='word_1_369' title='bbox 760 3465 822 3530; x_wconf 87' lang='lat' dir='ltr'><strong>Sed</strong></span> <span class='ocrx_word' id='word_1_370' title='bbox 845 3465 984 3528; x_wconf 84' lang='lat' dir='ltr'><strong>existimo</strong></span> <span class='ocrx_word' id='word_1_371' title='bbox 1008 3473 1040 3527; x_wconf 83' lang='lat' dir='ltr'><strong>te</strong></span> <span class='ocrx_word' id='word_1_372' title='bbox 1063 3465 1175 3542; x_wconf 88' lang='lat' dir='ltr'><strong>videre,</strong></span> <span class='ocrx_word' id='word_1_373' title='bbox 1198 3466 1267 3548; x_wconf 88' lang='lat' dir='ltr'><strong>plus</strong></span> <span class='ocrx_word' id='word_1_374' title='bbox 1290 3463 1422 3529; x_wconf 80' lang='lat' dir='ltr'><strong>difficul-</strong></span> 
     </span>
     <span class='ocr_line' id='line_1_35' title="bbox 90 3553 1510 3638; baseline -0.001 -20"><span class='ocrx_word' id='word_1_375' title='bbox 90 3556 146 3618; x_wconf 83' lang='lat' dir='ltr'><strong>tatis</strong></span> <span class='ocrx_word' id='word_1_376' title='bbox 167 3575 237 3618; x_wconf 87' lang='lat' dir='ltr'><strong>esae</strong></span> <span class='ocrx_word' id='word_1_377' title='bbox 261 3555 294 3616; x_wconf 93' lang='lat' dir='ltr'><strong>in</strong></span> <span class='ocrx_word' id='word_1_378' title='bbox 315 3575 376 3618; x_wconf 91' lang='lat' dir='ltr'><strong>una</strong></span> <span class='ocrx_word' id='word_1_379' title='bbox 389 3557 477 3618; x_wconf 86' lang='lat' dir='ltr'><strong>Luna</strong></span> <span class='ocrx_word' id='word_1_380' title='bbox 500 3559 549 3631; x_wconf 91' lang='lat' dir='ltr'><strong>(ut</strong></span> <span class='ocrx_word' id='word_1_381' title='bbox 572 3557 691 3638; x_wconf 88' lang='lat' dir='ltr'><strong>quidem</strong></span> <span class='ocrx_word' id='word_1_382' title='bbox 714 3557 792 3637; x_wconf 90' lang='lat' dir='ltr'><strong>apud</strong></span> <span class='ocrx_word' id='word_1_383' title='bbox 806 3553 980 3638; x_wconf 84' lang='lat' dir='ltr'><strong>Tychouem</strong></span> <span class='ocrx_word' id='word_1_384' title='bbox 1001 3556 1059 3617; x_wconf 93' lang='lat' dir='ltr'><strong>hoc</strong></span> <span class='ocrx_word' id='word_1_385' title='bbox 1081 3553 1166 3618; x_wconf 89' lang='lat' dir='ltr'><strong>sidus</strong></span> <span class='ocrx_word' id='word_1_386' title='bbox 1188 3557 1423 3619; x_wconf 86' lang='lat' dir='ltr'><strong>senescendum</strong></span> <span class='ocrx_word' id='word_1_387' title='bbox 1504 3603 1510 3616; x_wconf 93' lang='lat'><strong>.</strong></span> 
     </span>
     <span class='ocr_line' id='line_1_36' title="bbox 89 3645 1424 3726; baseline 0.001 -19"><span class='ocrx_word' id='word_1_388' title='bbox 89 3645 221 3724; x_wconf 81' lang='lat' dir='ltr'><strong>praebuit)</strong></span> <span class='ocrx_word' id='word_1_389' title='bbox 247 3663 339 3725; x_wconf 88' lang='lat' dir='ltr'><strong>quam</strong></span> <span class='ocrx_word' id='word_1_390' title='bbox 361 3645 392 3708; x_wconf 92' lang='grc' dir='ltr'><strong>ιι</strong></span> <span class='ocrx_word' id='word_1_391' title='bbox 420 3645 555 3709; x_wconf 90' lang='lat' dir='ltr'><strong>omuibus</strong></span> <span class='ocrx_word' id='word_1_392' title='bbox 583 3646 727 3726; x_wconf 88' lang='lat' dir='ltr'><strong>planetis.</strong></span> <span class='ocrx_word' id='word_1_393' title='bbox 773 3645 840 3725; x_wconf 82' lang='lat' dir='ltr'><strong>Ego</strong></span> <span class='ocrx_word' id='word_1_394' title='bbox 863 3664 918 3725; x_wconf 92' lang='lat' dir='ltr'><strong>per</strong></span> <span class='ocrx_word' id='word_1_395' title='bbox 944 3646 1022 3707; x_wconf 92' lang='lat' dir='ltr'><strong>huuc</strong></span> <span class='ocrx_word' id='word_1_396' title='bbox 1053 3662 1153 3707; x_wconf 90' lang='lat' dir='ltr'><strong>meum</strong></span> <span class='ocrx_word' id='word_1_397' title='bbox 1184 3645 1316 3707; x_wconf 89' lang='lat' dir='ltr'><strong>morbum</strong></span> <span class='ocrx_word' id='word_1_398' title='bbox 1349 3645 1424 3709; x_wconf 93' lang='lat' dir='ltr'><strong>nihil</strong></span> 
     </span>
     <span class='ocr_line' id='line_1_37' title="bbox 90 3734 1423 3816; baseline 0.001 -20"><span class='ocrx_word' id='word_1_399' title='bbox 90 3735 166 3810; x_wconf 81' lang='lat' dir='ltr'><strong>oud,</strong></span> <span class='ocrx_word' id='word_1_400' title='bbox 200 3753 293 3816; x_wconf 88' lang='lat' dir='ltr'><strong>quam</strong></span> <span class='ocrx_word' id='word_1_401' title='bbox 316 3734 396 3815; x_wconf 91' lang='lat' dir='ltr'><strong>quod</strong></span> <span class='ocrx_word' id='word_1_402' title='bbox 425 3742 532 3799; x_wconf 87' lang='lat' dir='ltr'><strong>contra</strong></span> <span class='ocrx_word' id='word_1_403' title='bbox 553 3737 683 3800; x_wconf 87' lang='lat' dir='ltr'><strong>Ursum</strong></span> <span class='ocrx_word' id='word_1_404' title='bbox 706 3735 805 3798; x_wconf 91' lang='lat' dir='ltr'><strong>scribo</strong></span> <span class='ocrx_word' id='word_1_405' title='bbox 830 3734 908 3814; x_wconf 86' lang='lat' dir='ltr'><strong>(jam</strong></span> <span class='ocrx_word' id='word_1_406' title='bbox 936 3735 999 3796; x_wconf 82' lang='lat' dir='ltr'><strong>lato</strong></span> <span class='ocrx_word' id='word_1_407' title='bbox 1022 3753 1077 3796; x_wconf 87' lang='lat' dir='ltr'><strong>suo</strong></span> <span class='ocrx_word' id='word_1_408' title='bbox 1109 3734 1245 3797; x_wconf 84' lang='lat' dir='ltr'><strong>functum</strong></span> <span class='ocrx_word' id='word_1_409' title='bbox 1276 3735 1423 3816; x_wconf 88' lang='lat' dir='ltr'><strong>superiori</strong></span> 
     </span>
     <span class='ocr_line' id='line_1_38' title="bbox 89 3822 1423 3906; baseline 0 -20"><span class='ocrx_word' id='word_1_410' title='bbox 89 3828 214 3901; x_wconf 83' lang='grc' dir='ltr'>ιιιιιιι),</span> <span class='ocrx_word' id='word_1_411' title='bbox 239 3823 293 3886; x_wconf 83' lang='grc' dir='ltr'><strong>ιιι</strong></span> <span class='ocrx_word' id='word_1_412' title='bbox 316 3823 358 3885; x_wconf 89' lang='lat' dir='ltr'><strong>nil</strong></span> <span class='ocrx_word' id='word_1_413' title='bbox 380 3831 483 3904; x_wconf 81' lang='lat' dir='ltr'><strong>tango,</strong></span> <span class='ocrx_word' id='word_1_414' title='bbox 508 3826 565 3890; x_wconf 92' lang='lat' dir='ltr'><strong>nisi</strong></span> <span class='ocrx_word' id='word_1_415' title='bbox 585 3845 662 3906; x_wconf 89' lang='lat' dir='ltr'><strong>quae</strong></span> <span class='ocrx_word' id='word_1_416' title='bbox 686 3825 818 3888; x_wconf 90' lang='lat' dir='ltr'><strong>attinent</strong></span> <span class='ocrx_word' id='word_1_417' title='bbox 839 3823 1018 3886; x_wconf 86' lang='lat' dir='ltr'><strong>scientiam:</strong></span> <span class='ocrx_word' id='word_1_418' title='bbox 1040 3822 1201 3903; x_wconf 89' lang='lat' dir='ltr'><strong>potissima</strong></span> <span class='ocrx_word' id='word_1_419' title='bbox 1219 3843 1292 3887; x_wconf 87' lang='lat' dir='ltr'><strong>cura</strong></span> <span class='ocrx_word' id='word_1_420' title='bbox 1315 3831 1364 3886; x_wconf 91' lang='grc' dir='ltr'><strong>ιιι</strong></span> <span class='ocrx_word' id='word_1_421' title='bbox 1385 3825 1423 3886; x_wconf 93' lang='lat' dir='ltr'><strong>de</strong></span> 
     </span>
     <span class='ocr_line' id='line_1_39' title="bbox 90 3912 1422 3994; baseline 0.002 -21"><span class='ocrx_word' id='word_1_422' title='bbox 90 3914 254 3994; x_wconf 80' lang='lat' dir='ltr'><strong>antiquitate</strong></span> <span class='ocrx_word' id='word_1_423' title='bbox 279 3913 370 3975; x_wconf 90' lang='lat' dir='ltr'><strong>etde</strong></span> <span class='ocrx_word' id='word_1_424' title='bbox 400 3921 536 3977; x_wconf 88' lang='lat' dir='ltr'><strong>veterum</strong></span> <span class='ocrx_word' id='word_1_425' title='bbox 567 3914 726 3978; x_wconf 88' lang='lat' dir='ltr'><strong>sententiis</strong></span> <span class='ocrx_word' id='word_1_426' title='bbox 758 3912 955 3992; x_wconf 85' lang='lat' dir='ltr'><strong>explicandis.</strong></span> <span class='ocrx_word' id='word_1_427' title='bbox 1001 3913 1109 3993; x_wconf 88' lang='lat' dir='ltr'><strong>ltaque</strong></span> <span class='ocrx_word' id='word_1_428' title='bbox 1137 3914 1189 3975; x_wconf 84' lang='lat' dir='ltr'><strong>vis</strong></span> <span class='ocrx_word' id='word_1_429' title='bbox 1221 3919 1270 3976; x_wconf 90' lang='lat' dir='ltr'><strong>est</strong></span> <span class='ocrx_word' id='word_1_430' title='bbox 1299 3914 1422 3986; x_wconf 87' lang='lat' dir='ltr'><strong>matho-</strong></span> 
     </span>
     <span class='ocr_line' id='line_1_40' title="bbox 89 3999 1422 4084; baseline -0.001 -18"><span class='ocrx_word' id='word_1_431' title='bbox 89 4004 197 4067; x_wconf 83' lang='lat' dir='ltr'><strong>usticus</strong></span> <span class='ocrx_word' id='word_1_432' title='bbox 221 4009 378 4064; x_wconf 84' lang='lat' dir='ltr'><strong>tractatus</strong></span> <span class='ocrx_word' id='word_1_433' title='bbox 400 4003 525 4080; x_wconf 83' lang='lat' dir='ltr'><strong>futurus,</strong></span> <span class='ocrx_word' id='word_1_434' title='bbox 550 4006 604 4067; x_wconf 92' lang='lat' dir='ltr'><strong>sed</strong></span> <span class='ocrx_word' id='word_1_435' title='bbox 626 4010 746 4066; x_wconf 90' lang='lat' dir='ltr'><strong>tautum</strong></span> <span class='ocrx_word' id='word_1_436' title='bbox 768 4002 980 4084; x_wconf 80' lang='lat' dir='ltr'><strong>philologicos.</strong></span> <span class='ocrx_word' id='word_1_437' title='bbox 1017 3999 1131 4083; x_wconf 86' lang='lat' dir='ltr'><strong>Siqua</strong></span> <span class='ocrx_word' id='word_1_438' title='bbox 1152 4001 1209 4065; x_wconf 83' lang='lat' dir='ltr'><strong>trbi</strong></span> <span class='ocrx_word' id='word_1_439' title='bbox 1231 4002 1422 4080; x_wconf 80' lang='lat' dir='ltr'><strong>videbuntur,</strong></span> 
     </span>
     <span class='ocr_line' id='line_1_41' title="bbox 89 4091 1459 4173; baseline 0.001 -20"><span class='ocrx_word' id='word_1_440' title='bbox 89 4110 115 4153; x_wconf 82' lang='lat' dir='ltr'><strong>ea</strong></span> <span class='ocrx_word' id='word_1_441' title='bbox 138 4091 387 4168; x_wconf 86' lang='lat' dir='ltr'><strong>subministrato,</strong></span> <span class='ocrx_word' id='word_1_442' title='bbox 421 4091 557 4156; x_wconf 86' lang='lat' dir='ltr'><strong>lubenter</strong></span> <span class='ocrx_word' id='word_1_443' title='bbox 587 4094 666 4156; x_wconf 91' lang='lat' dir='ltr'><strong>enim</strong></span> <span class='ocrx_word' id='word_1_444' title='bbox 699 4091 897 4164; x_wconf 85' lang='lat' dir='ltr'><strong>admonebar,</strong></span> <span class='ocrx_word' id='word_1_445' title='bbox 929 4092 1109 4172; x_wconf 90' lang='lat' dir='ltr'><strong>praesertim</strong></span> <span class='ocrx_word' id='word_1_446' title='bbox 1131 4091 1163 4153; x_wconf 92' lang='lat' dir='ltr'><strong>in</strong></span> <span class='ocrx_word' id='word_1_447' title='bbox 1184 4091 1423 4173; x_wconf 87' lang='lat' dir='ltr'><strong>problematibus</strong></span> <span class='ocrx_word' id='word_1_448' title='bbox 1449 4099 1459 4116; x_wconf 84' lang='lat'>⁸</span> 
     </span>
     <span class='ocr_line' id='line_1_42' title="bbox 90 4181 1423 4262; baseline 0.003 -22"><span class='ocrx_word' id='word_1_449' title='bbox 90 4182 139 4260; x_wconf 81' lang='lat' dir='ltr'><strong>ejus</strong></span> <span class='ocrx_word' id='word_1_450' title='bbox 160 4182 199 4246; x_wconf 88' lang='lat' dir='ltr'><strong>ad</strong></span> <span class='ocrx_word' id='word_1_451' title='bbox 223 4181 455 4261; x_wconf 86' lang='lat' dir='ltr'><strong>disceptandum</strong></span> <span class='ocrx_word' id='word_1_452' title='bbox 477 4183 639 4262; x_wconf 88' lang='lat' dir='ltr'><strong>propositis</strong></span> <span class='ocrx_word' id='word_1_453' title='bbox 663 4185 988 4255; x_wconf 79' lang='lat' dir='ltr'><strong>(v.vol.1‚p.215ss.).</strong></span> <span class='ocrx_word' id='word_1_454' title='bbox 1033 4181 1135 4261; x_wconf 84' lang='lat' dir='ltr'><strong>Aegre</strong></span> <span class='ocrx_word' id='word_1_455' title='bbox 1159 4189 1192 4244; x_wconf 91' lang='grc' dir='ltr'><strong>ιι</strong></span> <span class='ocrx_word' id='word_1_456' title='bbox 1214 4201 1270 4261; x_wconf 84' lang='lat' dir='ltr'><strong>ego</strong></span> <span class='ocrx_word' id='word_1_457' title='bbox 1294 4183 1368 4257; x_wconf 87' lang='lat' dir='ltr'><strong>fero,</strong></span> <span class='ocrx_word' id='word_1_458' title='bbox 1391 4191 1423 4244; x_wconf 93' lang='lat' dir='ltr'><strong>te</strong></span> 
     </span>
     <span class='ocr_line' id='line_1_43' title="bbox 90 4269 1423 4355; baseline 0 -21"><span class='ocrx_word' id='word_1_459' title='bbox 90 4289 163 4353; x_wconf 81' lang='lat' dir='ltr'><strong>usque</strong></span> <span class='ocrx_word' id='word_1_460' title='bbox 186 4271 267 4334; x_wconf 88' lang='lat' dir='ltr'><strong>adeo</strong></span> <span class='ocrx_word' id='word_1_461' title='bbox 289 4278 401 4345; x_wconf 90' lang='lat' dir='ltr'><strong>tacere,</strong></span> <span class='ocrx_word' id='word_1_462' title='bbox 425 4290 480 4334; x_wconf 91' lang='lat' dir='ltr'><strong>nec</strong></span> <span class='ocrx_word' id='word_1_463' title='bbox 503 4291 569 4334; x_wconf 93' lang='lat' dir='ltr'><strong>cum</strong></span> <span class='ocrx_word' id='word_1_464' title='bbox 592 4272 732 4355; x_wconf 78' lang='lat' dir='ltr'><strong>Tycham</strong></span> <span class='ocrx_word' id='word_1_465' title='bbox 756 4291 811 4354; x_wconf 90' lang='lat' dir='ltr'><strong>per</strong></span> <span class='ocrx_word' id='word_1_466' title='bbox 833 4269 941 4332; x_wconf 85' lang='lat' dir='ltr'><strong>literas</strong></span> <span class='ocrx_word' id='word_1_467' title='bbox 964 4271 1110 4346; x_wconf 71' lang='lat' dir='ltr'><strong>conferre.</strong></span> <span class='ocrx_word' id='word_1_468' title='bbox 1157 4269 1423 4335; x_wconf 70' lang='lat' dir='ltr'><strong>consultissimum</strong></span> 
     </span>
     <span class='ocr_line' id='line_1_44' title="bbox 90 4359 1422 4443; baseline 0.001 -20"><span class='ocrx_word' id='word_1_469' title='bbox 90 4377 145 4423; x_wconf 81' lang='lat' dir='ltr'><strong>stne</strong></span> <span class='ocrx_word' id='word_1_470' title='bbox 166 4363 295 4435; x_wconf 84' lang='lat' dir='ltr'><strong>faceres,</strong></span> <span class='ocrx_word' id='word_1_471' title='bbox 321 4361 348 4422; x_wconf 86' lang='lat' dir='ltr'><strong>si</strong></span> <span class='ocrx_word' id='word_1_472' title='bbox 371 4368 513 4442; x_wconf 90' lang='lat' dir='ltr'><strong>quantum</strong></span> <span class='ocrx_word' id='word_1_473' title='bbox 536 4381 643 4443; x_wconf 89' lang='lat' dir='ltr'><strong>posses</strong></span> <span class='ocrx_word' id='word_1_474' title='bbox 666 4360 815 4436; x_wconf 89' lang='lat' dir='ltr'><strong>studeres,</strong></span> <span class='ocrx_word' id='word_1_475' title='bbox 840 4359 1067 4422; x_wconf 89' lang='lat' dir='ltr'><strong>observationes</strong></span> <span class='ocrx_word' id='word_1_476' title='bbox 1090 4359 1119 4421; x_wconf 89' lang='lat' dir='ltr'><strong>ei</strong></span> <span class='ocrx_word' id='word_1_477' title='bbox 1138 4381 1211 4424; x_wconf 89' lang='lat' dir='ltr'><strong>suas</strong></span> <span class='ocrx_word' id='word_1_478' title='bbox 1234 4369 1422 4442; x_wconf 82' lang='lat' dir='ltr'><strong>extorquere.</strong></span> 
     </span>
     <span class='ocr_line' id='line_1_45' title="bbox 90 4447 1423 4532; baseline 0.004 -24"><span class='ocrx_word' id='word_1_479' title='bbox 90 4447 151 4513; x_wconf 83' lang='lat' dir='ltr'><strong>llam</strong></span> <span class='ocrx_word' id='word_1_480' title='bbox 172 4451 250 4513; x_wconf 88' lang='lat' dir='ltr'><strong>mira</strong></span> <span class='ocrx_word' id='word_1_481' title='bbox 280 4449 429 4512; x_wconf 89' lang='lat' dir='ltr'><strong>bominem</strong></span> <span class='ocrx_word' id='word_1_482' title='bbox 461 4451 581 4514; x_wconf 75' lang='lat' dir='ltr'><strong>fertum</strong></span> <span class='ocrx_word' id='word_1_483' title='bbox 612 4451 758 4532; x_wconf 79' lang='lat' dir='ltr'><strong>exagitat.</strong></span> <span class='ocrx_word' id='word_1_484' title='bbox 806 4449 932 4529; x_wconf 86' lang='lat' dir='ltr'><strong>Semper</strong></span> <span class='ocrx_word' id='word_1_485' title='bbox 962 4447 1082 4529; x_wconf 87' lang='lat' dir='ltr'><strong>perdito</strong></span> <span class='ocrx_word' id='word_1_486' title='bbox 1115 4449 1240 4525; x_wconf 90' lang='lat' dir='ltr'><strong>similis,</strong></span> <span class='ocrx_word' id='word_1_487' title='bbox 1273 4458 1423 4532; x_wconf 86' lang='lat' dir='ltr'><strong>utcunque</strong></span> 
     </span>
     <span class='ocr_line' id='line_1_46' title="bbox 92 4537 1425 4620; baseline -0.001 -18"><span class='ocrx_word' id='word_1_488' title='bbox 92 4545 171 4602; x_wconf 78' lang='lat' dir='ltr'><strong>lamen</strong></span> <span class='ocrx_word' id='word_1_489' title='bbox 195 4541 365 4615; x_wconf 91' lang='lat' dir='ltr'><strong>eluctatur,</strong></span> <span class='ocrx_word' id='word_1_490' title='bbox 392 4539 520 4603; x_wconf 87' lang='lat' dir='ltr'><strong>absurdo</strong></span> <span class='ocrx_word' id='word_1_491' title='bbox 545 4547 669 4617; x_wconf 89' lang='lat' dir='ltr'><strong>eventu,</strong></span> <span class='ocrx_word' id='word_1_492' title='bbox 694 4539 721 4601; x_wconf 89' lang='lat' dir='ltr'><strong>si</strong></span> <span class='ocrx_word' id='word_1_493' title='bbox 744 4540 843 4602; x_wconf 91' lang='lat' dir='ltr'><strong>media</strong></span> <span class='ocrx_word' id='word_1_494' title='bbox 865 4539 905 4600; x_wconf 87' lang='lat' dir='ltr'><strong>ad</strong></span> <span class='ocrx_word' id='word_1_495' title='bbox 926 4537 1089 4619; x_wconf 90' lang='lat' dir='ltr'><strong>perniciem</strong></span> <span class='ocrx_word' id='word_1_496' title='bbox 1115 4540 1217 4619; x_wconf 90' lang='lat' dir='ltr'><strong>potius</strong></span> <span class='ocrx_word' id='word_1_497' title='bbox 1249 4547 1425 4620; x_wconf 85' lang='lat' dir='ltr'><strong>comparata</strong></span> 
     </span>
     <span class='ocr_line' id='line_1_47' title="bbox 91 4626 1423 4710; baseline -0.001 -18"><span class='ocrx_word' id='word_1_498' title='bbox 91 4629 227 4710; x_wconf 80' lang='lat' dir='ltr'><strong>respicias.</strong></span> <span class='ocrx_word' id='word_1_499' title='bbox 265 4627 406 4692; x_wconf 88' lang='lat' dir='ltr'><strong>Mitteres</strong></span> <span class='ocrx_word' id='word_1_500' title='bbox 429 4630 571 4694; x_wconf 87' lang='lat' dir='ltr'><strong>nonnulla</strong></span> <span class='ocrx_word' id='word_1_501' title='bbox 593 4649 632 4693; x_wconf 87' lang='lat' dir='ltr'><strong>ex</strong></span> <span class='ocrx_word' id='word_1_502' title='bbox 645 4629 706 4692; x_wconf 89' lang='lat' dir='ltr'><strong>tuis</strong></span> <span class='ocrx_word' id='word_1_503' title='bbox 730 4626 1001 4702; x_wconf 88' lang='lat' dir='ltr'><strong>observationibus,</strong></span> <span class='ocrx_word' id='word_1_504' title='bbox 1026 4627 1126 4705; x_wconf 89' lang='lat' dir='ltr'><strong>credo,</strong></span> <span class='ocrx_word' id='word_1_505' title='bbox 1150 4637 1184 4692; x_wconf 92' lang='lat' dir='ltr'><strong>ut</strong></span> <span class='ocrx_word' id='word_1_506' title='bbox 1203 4635 1252 4692; x_wconf 91' lang='lat' dir='ltr'><strong>est</strong></span> <span class='ocrx_word' id='word_1_507' title='bbox 1266 4629 1298 4693; x_wconf 92' lang='lat' dir='ltr'><strong>in</strong></span> <span class='ocrx_word' id='word_1_508' title='bbox 1311 4648 1423 4709; x_wconf 83' lang='lat' dir='ltr'><strong>magna</strong></span> 
     </span>
     <span class='ocr_line' id='line_1_48' title="bbox 91 4717 1423 4799; baseline -0.001 -19"><span class='ocrx_word' id='word_1_509' title='bbox 91 4734 184 4782; x_wconf 87' lang='lat' dir='ltr'><strong>uorum</strong></span> <span class='ocrx_word' id='word_1_510' title='bbox 213 4719 363 4782; x_wconf 85' lang='lat' dir='ltr'><strong>varietate</strong></span> <span class='ocrx_word' id='word_1_511' title='bbox 392 4717 622 4783; x_wconf 88' lang='lat' dir='ltr'><strong>humanissimus</strong></span> <span class='ocrx_word' id='word_1_512' title='bbox 652 4727 774 4794; x_wconf 71' lang='lat' dir='ltr'><strong>tamen,</strong></span> <span class='ocrx_word' id='word_1_513' title='bbox 798 4718 935 4780; x_wconf 89' lang='lat' dir='ltr'><strong>mitteret</strong></span> <span class='ocrx_word' id='word_1_514' title='bbox 957 4717 996 4778; x_wconf 91' lang='lat' dir='ltr'><strong>ad</strong></span> <span class='ocrx_word' id='word_1_515' title='bbox 1018 4723 1051 4779; x_wconf 89' lang='lat' dir='ltr'><strong>te</strong></span> <span class='ocrx_word' id='word_1_516' title='bbox 1073 4719 1101 4779; x_wconf 88' lang='lat' dir='ltr'><strong>si</strong></span> <span class='ocrx_word' id='word_1_517' title='bbox 1124 4737 1184 4799; x_wconf 87' lang='lat' dir='ltr'><strong>qua</strong></span> <span class='ocrx_word' id='word_1_518' title='bbox 1206 4727 1238 4782; x_wconf 91' lang='lat' dir='ltr'><strong>et</strong></span> <span class='ocrx_word' id='word_1_519' title='bbox 1258 4726 1293 4780; x_wconf 93' lang='lat' dir='ltr'><strong>tu</strong></span> <span class='ocrx_word' id='word_1_520' title='bbox 1315 4727 1423 4799; x_wconf 91' lang='lat' dir='ltr'><strong>postu-</strong></span> 
     </span>
     <span class='ocr_line' id='line_1_49' title="bbox 91 4805 1423 4890; baseline -0.003 -18"><span class='ocrx_word' id='word_1_521' title='bbox 91 4805 164 4872; x_wconf 78' lang='lat' dir='ltr'><strong>lares.</strong></span> <span class='ocrx_word' id='word_1_522' title='bbox 208 4809 291 4872; x_wconf 88' lang='lat' dir='ltr'><strong>Nam</strong></span> <span class='ocrx_word' id='word_1_523' title='bbox 313 4809 372 4871; x_wconf 88' lang='lat' dir='ltr'><strong>etsi</strong></span> <span class='ocrx_word' id='word_1_524' title='bbox 396 4809 495 4872; x_wconf 86' lang='lat' dir='ltr'><strong>omnia</strong></span> <span class='ocrx_word' id='word_1_525' title='bbox 516 4809 588 4872; x_wconf 91' lang='lat' dir='ltr'><strong>mihi</strong></span> <span class='ocrx_word' id='word_1_526' title='bbox 617 4815 743 4890; x_wconf 89' lang='lat' dir='ltr'><strong>patent:</strong></span> <span class='ocrx_word' id='word_1_527' title='bbox 777 4807 942 4888; x_wconf 84' lang='lat' dir='ltr'><strong>obliganda</strong></span> <span class='ocrx_word' id='word_1_528' title='bbox 970 4814 1073 4869; x_wconf 85' lang='grc' dir='ltr'>ιιιιιι</span> <span class='ocrx_word' id='word_1_529' title='bbox 1099 4808 1183 4889; x_wconf 92' lang='lat' dir='ltr'><strong>prius</strong></span> <span class='ocrx_word' id='word_1_530' title='bbox 1205 4809 1281 4871; x_wconf 83' lang='lat' dir='ltr'><strong>tides</strong></span> <span class='ocrx_word' id='word_1_531' title='bbox 1304 4807 1362 4870; x_wconf 85' lang='lat' dir='ltr'><strong>fuit</strong></span> <span class='ocrx_word' id='word_1_532' title='bbox 1384 4807 1423 4868; x_wconf 88' lang='lat' dir='ltr'><strong>ad</strong></span> 
     </span>
     <span class='ocr_line' id='line_1_50' title="bbox 93 4894 1422 4980; baseline 0.002 -22"><span class='ocrx_word' id='word_1_533' title='bbox 93 4896 272 4961; x_wconf 79' lang='lat' dir='ltr'><strong>relationem:</strong></span> <span class='ocrx_word' id='word_1_534' title='bbox 297 4917 386 4980; x_wconf 87' lang='lat' dir='ltr'><strong>quam</strong></span> <span class='ocrx_word' id='word_1_535' title='bbox 410 4916 465 4978; x_wconf 82' lang='lat' dir='ltr'><strong>ego</strong></span> <span class='ocrx_word' id='word_1_536' title='bbox 488 4899 607 4980; x_wconf 90' lang='lat' dir='ltr'><strong>quidem</strong></span> <span class='ocrx_word' id='word_1_537' title='bbox 628 4898 780 4980; x_wconf 89' lang='lat' dir='ltr'><strong>pollicitus</strong></span> <span class='ocrx_word' id='word_1_538' title='bbox 803 4915 869 4960; x_wconf 88' lang='lat' dir='ltr'><strong>sum</strong></span> <span class='ocrx_word' id='word_1_539' title='bbox 892 4895 1117 4977; x_wconf 88' lang='lat' dir='ltr'><strong>praestiturum,</strong></span> <span class='ocrx_word' id='word_1_540' title='bbox 1143 4903 1316 4980; x_wconf 89' lang='lat' dir='ltr'><strong>qnantum</strong></span> <span class='ocrx_word' id='word_1_541' title='bbox 1338 4894 1422 4977; x_wconf 83' lang='lat' dir='ltr'><strong>phi-</strong></span> 
     </span>
     <span class='ocr_line' id='line_1_51' title="bbox 92 4983 1321 5072; baseline 0.006 -27"><span class='ocrx_word' id='word_1_542' title='bbox 92 4983 266 5067; x_wconf 90' lang='lat' dir='ltr'><strong>losophum</strong></span> <span class='ocrx_word' id='word_1_543' title='bbox 288 4987 403 5052; x_wconf 85' lang='lat' dir='ltr'><strong>decet.</strong></span> <span class='ocrx_word' id='word_1_544' title='bbox 452 4985 506 5051; x_wconf 89' lang='lat' dir='ltr'><strong>Sin</strong></span> <span class='ocrx_word' id='word_1_545' title='bbox 528 4987 637 5052; x_wconf 86' lang='lat' dir='ltr'><strong>metuis</strong></span> <span class='ocrx_word' id='word_1_546' title='bbox 660 4995 695 5052; x_wconf 91' lang='grc' dir='ltr'><strong>ιι</strong></span> <span class='ocrx_word' id='word_1_547' title='bbox 718 4995 788 5052; x_wconf 87' lang='lat' dir='ltr'><strong>tuae</strong></span> <span class='ocrx_word' id='word_1_548' title='bbox 811 4987 917 5051; x_wconf 89' lang='lat' dir='ltr'><strong>literas</strong></span> <span class='ocrx_word' id='word_1_549' title='bbox 938 4984 1081 5072; x_wconf 84' lang='lat' dir='ltr'><strong>publicet,</strong></span> <span class='ocrx_word' id='word_1_550' title='bbox 1106 5005 1160 5070; x_wconf 91' lang='lat' dir='ltr'><strong>per</strong></span> <span class='ocrx_word' id='word_1_551' title='bbox 1182 5006 1230 5048; x_wconf 91' lang='lat' dir='ltr'><strong>me</strong></span> <span class='ocrx_word' id='word_1_552' title='bbox 1254 5003 1321 5065; x_wconf 81' lang='lat' dir='ltr'><strong>age.</strong></span> 
     </span>
    </p>
   </div>
   <div class='ocr_carea' id='block_1_5' title="bbox 155 5089 1214 5151">
    <p class='ocr_par' dir='ltr' id='par_1_27' title="bbox 155 5089 1214 5151">
     <span class='ocr_line' id='line_1_52' title="bbox 155 5089 1214 5151; baseline 0.006 -19"><span class='ocrx_word' id='word_1_553' title='bbox 155 5093 240 5146; x_wconf 66' lang='grc' dir='ltr'>ιοιιιιι</span> <span class='ocrx_word' id='word_1_554' title='bbox 253 5095 329 5145; x_wconf 69' lang='lat' dir='ltr'><strong>opera</strong></span> <span class='ocrx_word' id='word_1_555' title='bbox 348 5095 384 5136; x_wconf 86' lang='grc' dir='ltr'>ιιι.</span> <span class='ocrx_word' id='word_1_556' title='bbox 717 5143 721 5148; x_wconf 61' lang='grc'><strong>,</strong></span> <span class='ocrx_word' id='word_1_557' title='bbox 1197 5089 1214 5151; x_wconf 75' lang='grc' dir='ltr'><strong>ι</strong></span> 
     </span>
    </p>
   </div>
   <div class='ocr_carea' id='block_1_6' title="bbox 0 0 1764 5525">
    <p class='ocr_par' dir='ltr' id='par_1_28' title="bbox 0 0 1764 5525">
     <span class='ocr_line' id='line_1_53' title="bbox 0 0 1764 5525; baseline 0 0"><span class='ocrx_word' id='word_1_558' title='bbox 0 0 1764 5525; x_wconf 95' lang='lat' dir='ltr'><strong> </strong></span> 
     </span>
    </p>
   </div>
  </div>
 </body>
</html>
