3517 5525
274 348 317 425 66
691 352 793 407 Lttcrac
811 352 914 419 nepus
933 354 1085 420 aticmnqne
1101 358 1206 405 nataae

275 555 330 621 per
351 552 464 599 verum.
510 534 669 599 Dissident
691 534 722 597 hi
745 533 804 596 duo
827 552 922 595 cansa
943 532 1134 613 evagationis
1157 552 1177 595 a
1198 540 1317 607 centro;
1346 530 1422 595 haec
1444 546 1517 610 ergo
1540 548 1639 591 musa

275 625 417 708 aequanti
431 620 513 688 Solis
537 624 663 687 accedit.
699 622 766 703 Ego
788 632 908 703 partem
931 622 1018 703 hujus
1040 622 1150 685 erroris
1173 638 1227 702 per
1240 622 1445 686 reductionem
1466 620 1507 681 ad
1529 638 1638 681 verum

276 718 374 780 locum
388 708 480 785 Solis,
503 722 621 795 partem
643 730 697 793 per
721 721 900 794 aequantem
915 710 997 773 Solis
1011 710 1160 793 expedivi.
1199 712 1233 773 ln
1253 720 1410 773 aeternum
1423 728 1495 772 vero
1509 725 1638 771 mam

275 805 422 879 nescires,
455 804 568 865 frustra
598 804 636 865 ad
660 802 860 882 quadraturas
885 808 917 862 et
939 802 1117 863 solstitialia
1144 809 1257 881 puncta
1279 800 1454 881 respiciens.
1500 794 1581 860 Nam
1602 797 1637 859 in

278 908 328 969 et,
353 893 422 998 hinc
442 894 508 973 Jam
532 894 606 954 bene
630 890 757 971 colligo,
790 890 973 953 contrarium
997 889 1098 953 evenit
1124 898 1157 951 et
1179 889 1352 953 observatio
1376 908 1442 952 oum
1465 886 1638 968 Oopernicc

278 990 433 1152 eombilgto
456 1070 486 1132 in
510 1068 651 1133 methodo
674 1088 742 1133 mea
766 1088 857 1150 supra
881 1068 1035 1149 descripta
1050 1064 1070 1129 4
1086 1067 1332 1152 acronychiamm
1350 1088 1409 1129 non
1422 1084 1638 1147 praesuppono

278 1158 476 1225 bisectionem
508 1158 763 1232 eccentricitatis3
797 1158 849 1219 illa
879 1158 1054 1237 operatione
1084 1177 1196 1238 quaero
1228 1157 1458 1239 hypothesin
1491 1163 1639 1217 tautum
1744 1160 1752 1169 '

276 1250 466 1314 vicariam.
512 1250 591 1317 Nam
615 1248 767 1311 cuniculos
792 1266 829 1309 ex
852 1245 1114 1309 observationibus
1136 1249 1167 1310 in
1185 1247 1282 1328 ipsam
1306 1266 1430 1310 reram
1453 1244 1638 1327 hypothesin

277 1358 367 1421 agere
400 1340 490 1421 plane
521 1339 658 1417 despero.
719 1336 850 1417 Oportet
880 1336 999 1398 omnino
1037 1337 1183 1400 vicariam
1214 1338 1420 1417 interponere,
1452 1344 1560 1415 postea
1596 1349 1639 1395 ex

281 1429 396 1492 vicaria
418 1446 519 1490 veram
544 1427 716 1491 aestimare.
1200 1458 1204 1464 ·

365 1514 413 1579 De
451 1516 685 1601 aequipollentia
722 1512 932 1597 hypothesium
961 1514 1007 1575 ita
1034 1523 1098 1589 est,
1136 1521 1171 1577 ut
1202 1514 1328 1595 scripsi3
1361 1512 1501 1577 limitatio
1532 1518 1639 1573 umen

279 1605 381 1689 aliqua
404 1604 544 1668 addenda
568 1614 630 1680 est,
657 1623 732 1685 quae
757 1612 787 1665 te
812 1604 915 1683 fugere
939 1604 1067 1667 ridetur.
1092 1634 1135 1647 -
1158 1602 1273 1683 Accipe
1298 1605 1346 1666 hic
1361 1604 1484 1665 schema
1497 1600 1639 1664 theoriae

279 1695 390 1760 Martis
414 1702 447 1758 et
469 1694 560 1769 Solis,
585 1706 617 1756 et
639 1712 752 1756 mecum
777 1693 952 1773 speculare,
975 1693 1124 1775 quomodo
1146 1693 1300 1775 quaelibet
1321 1696 1472 1774 imperata
1493 1689 1640 1771 aequatio

278 1786 406 1849 seorsim
429 1783 631 1865 computanda
654 1783 710 1859 sit,
736 1802 825 1865 quam
850 1784 999 1845 rationem
1020 1802 1078 1863 ego
1104 1783 1235 1845 nondum
1257 1784 1316 1845 nisi
1338 1802 1377 1845 ex
1398 1781 1513 1844 noane
1535 1780 1639 1862 hypo-

278 1875 357 1937 thesi
380 1874 488 1936 calleo.
536 1874 613 1935 Puto
637 1881 737 1935 autem
761 1873 855 1934 semel
878 1871 1013 1933 tabulam
1043 1869 1233 1952 aequatioois
1263 1871 1507 1944 construendam,
1539 1886 1640 1950 eaque

276 1964 467 2045 postmodnm
498 1964 639 2025 utendum
646 1980 655 2037 3
699 1981 821 2042 possum
853 1972 954 2024 autem
983 1981 1033 2023 ex‘
1047 1980 1121 2023 vera
1150 1961 1284 2024 tabulam
1313 1962 1416 2023 ordine
1448 1966 1638 2033 constmere,

278 2053 327 2116 uhi
351 2067 469 2135 semper
491 2051 641 2132 posterior
664 2052 803 2133 aequatio
826 2052 1042 2130 praesupponit
1063 2050 1211 2131 priorem,
1235 2071 1328 2132 usqne
1351 2052 1390 2113 ad
1414 2068 1592 2130 apogaeum.
1711 2060 1720 2069 ‘

821 2142 850 2201 A
866 2138 930 2214 Sol,
954 2141 1012 2201 AB
1033 2141 1135 2202 radius
1159 2140 1239 2203 orbis
1255 2141 1375 2217 Martis,
1399 2138 1453 2202 BG
1477 2139 1642 2201 verissima

734 2229 955 2292 eccentricitas.
1010 2227 1129 2301 Quodsi
1160 2228 1214 2291 Sol
1246 2250 1304 2292 non
1340 2237 1464 2309 raperet
1491 2230 1636 2305 Martem,

735 2320 820 2381 Mars
844 2340 862 2379 a
887 2316 913 2380 Ο
935 2338 991 2398 per
1012 2319 1037 2391 l,
1058 2318 1098 2391 H,
1114 2316 1145 2380 G
1167 2319 1197 2380 in
1216 2320 1242 2381 F
1264 2318 1417 2381 circellum
1440 2318 1640 2391 describeret,

736 2409 820 2487 cujus
845 2408 1056 2469 eccentricitae
1072 2403 1168 2480 9165,
1192 2408 1323 2489 qualium
1339 2408 1395 2471 AB
1415 2404 1552 2471 t00000.
1587 2409 1641 2471 Ac

736 2497 898 2559 etiamnum
936 2496 1080 2559 describit
1116 2496 1199 2559 illum
1235 2497 1353 2560 ratione
1385 2497 1483 2559 lineae
1513 2495 1571 2560 AG
1603 2504 1643 2559 et

736 2586 832 2649 centri
858 2587 899 2661 A,
923 2586 978 2647 sed
1001 2586 1201 2665 inaequaliter
1223 2595 1321 2649 motos
1344 2605 1399 2669 per
1417 2586 1571 2649 ambitum.
1604 2587 1641 2648 Is

736 2683 878 2746 motusd
902 2675 1044 2737 consistit
1066 2674 1234 2739 innitendo
1257 2683 1363 2739 contra
1386 2676 1528 2738 virtutem
1542 2674 1639 2739 Solis.

735 2769 813 2830 Nam
850 2767 882 2828 in
917 2765 1063 2845 principio
1105 2772 1138 2828 et
1172 2767 1318 2845 temporis
1354 2766 1547 2828 restitutione
1582 2785 1642 2829 seu

736 2856 906 2919 anomaliae
929 2855 1036 2916 nititur
1050 2854 1165 2918 directe
1179 2864 1270 2930 retro,
1295 2856 1324 2917 io
1340 2863 1445 2936 quarto
1466 2856 1640 2918 anomaliae

734 2946 824 3026 paolo
847 2954 920 3026 post
937 2943 968 3005 in
981 2944 1013 3005 H
1034 2945 1152 3024 positus
1182 2946 1297 3007 directe
1320 2945 1439 3007 vehitur
1457 2946 1498 3007 ad
1522 2942 1580 3022 Θς
1604 2945 1640 3008 in

735 3033 858 3097 dimidio
881 3033 999 3113 positus
1022 3034 1053 3096 in
1075 3035 1115 3111 F,
1138 3053 1227 3114 porro
1257 3034 1373 3097 nititur.
1418 3035 1522 3097 Habet
1543 3035 1641 3114 igitur

734 3123 783 3187 hic
806 3125 889 3186 uisos
918 3131 1089 3203 respectum
1120 3131 1238 3186 motum
1261 3123 1302 3185 ad
1324 3125 1468 3186 virtutem
1495 3121 1547 3201 Θ.
1593 3124 1639 3186 Et

286 3229 335 3286 est
357 3219 506 3302 aequalis,
540 3215 609 3297 quia
632 3215 815 3296 temporibus
848 3213 1024 3294 aequalibus
1052 3231 1140 3275 arcos
1163 3213 1320 3294 aequales,
1345 3213 1426 3275 circa
1447 3223 1584 3275 centmm
1605 3213 1636 3274 B

282 3309 484 3392 inaequaliter
506 3313 618 3369 motum
643 3304 771 3367 conficit.
818 3301 948 3374 Quando
971 3302 1049 3378 dico,
1073 3305 1227 3381 planetam
1250 3302 1401 3382 respicere
1424 3301 1566 3364 virtutem
1590 3299 1634 3381 Θ

280 3401 447 3475 innitendo,
472 3396 589 3477 explico
614 3413 735 3456 cansam
758 3393 913 3474 physicam
933 3400 1031 3453 motus
1053 3393 1216 3471 planetae;
1240 3393 1358 3473 quando
1380 3393 1457 3465 dico,
1482 3391 1636 3472 respicere

188 3521 192 3535 ι
282 3498 418 3552 centrum
437 3489 473 3561 B,
499 3485 616 3566 explico
640 3483 758 3544 modom
782 3489 905 3542 nostrae
929 3481 1155 3543 intellectiooia.
1191 3481 1260 3542 Non
1275 3482 1355 3542 enirn
1370 3489 1453 3560 puto,
1477 3482 1635 3561 planetam

284 3579 322 3641 ad
346 3577 467 3658 aliquod
494 3571 705 3654 imaginarium
737 3578 870 3632 centrum
902 3571 1068 3648 respicere,
1098 3579 1133 3631 nt
1161 3587 1235 3642 ncs,
1266 3571 1373 3649 quibus
1396 3580 1445 3632 est
1471 3571 1578 3632 charta
1601 3579 1638 3633 et

195 3659 198 3668 ’
284 3684 418 3760 papyrus
440 3665 477 3727 ad
493 3677 610 3725 manus.
647 3659 748 3722 Solem
771 3658 904 3721 concedo
928 3659 1078 3738 respicere
1100 3659 1255 3739 planetam
1277 3660 1308 3721 in
1324 3660 1495 3740 quantitate
1518 3659 1636 3722 circelli

179 3759 205 3838 j
284 3755 430 3830 tenenda,
455 3753 524 3834 quia
554 3747 606 3828 Θ,
631 3751 698 3811 lons
720 3748 858 3823 virtutis,
889 3746 949 3810 alio
972 3756 1004 3812 et
1030 3748 1091 3810 alio
1118 3748 1229 3827 angulo
1256 3750 1389 3812 cemitnr
1411 3757 1444 3811 et
1465 3769 1484 3810 a
1506 3749 1635 3829 planeta

285 3842 501 3925 iu'iaginatione
526 3839 709 3918 concipitnr3
733 3844 806 3919 poto
829 3837 907 3899 enirn
921 3837 977 3900 has
1000 3837 1217 3916 intelligentias
1235 3837 1282 3900 ita
1303 3839 1500 3918 materialiter
1522 3837 1629 3919 dispo·
1736 3878 1742 3888 ·

285 3935 372 4008 sitas,
388 3939 423 3994 ut
436 3949 512 4012 quae
527 3949 581 3992 noa
596 3929 690 3990 oculis
706 3927 863 4002 cernimus,
879 3927 950 3988 illae
964 3928 1025 3990 alia
1039 3926 1234 4007 impressione
1258 3925 1446 4007 concipiant:
1470 3935 1635 4009 propterea
1666 3923 1681 3948 ⁸

285 4041 352 4086 esse
375 4026 408 4083 et
428 4019 564 4084 ordinem
577 4020 700 4080 fiaamm
715 4037 773 4079 non
788 4023 912 4097 propter
927 4035 1113 4080 numeromm
1132 4015 1373 4080 observationem
1387 4017 1441 4079 sad
1455 4025 1488 4078 et
1501 4026 1628 4098 propter

287 4115 420 4193 ipsorma
451 4107 694 4188 imaginationem
718 4108 755 4169 ad
780 4106 936 4186 dirigenda
958 4105 1066 4168 itinera
1088 4113 1121 4168 et
1143 4106 1239 4169 nodos
1268 4107 1526 4186 transponendae,
1556 4125 1659 4188 quoa-

287 4209 361 4283 puto
385 4200 456 4262 clim
478 4199 509 4261 in
532 4197 704 4278 hodiernum
727 4197 788 4276 poli
811 4195 969 4276 eclipticas
993 4195 1049 4258 soh
1071 4196 1140 4258 lixis
1162 4197 1260 4260 locum
1281 4201 1425 4259 venturos
1448 4195 1476 4258 si
1504 4197 1633 4260 mundos

288 4289 477 4354 consisteret
515 4285 576 4350 Sed
599 4287 677 4350 inira
692 4287 788 4349 dicam
812 4285 1049 4366 speculationem
1072 4285 1282 4368 simpliciorem
1299 4286 1405 4349 eodem
1427 4286 1632 4349 recedentem.

375 4379 444 4440 Jam
467 4378 550 4457 leges
574 4386 671 4439 motos
694 4373 795 4458 puncti
818 4375 845 4437 B
868 4375 1036 4455 explicabo.
1073 4375 1244 4455 Imaginare
1267 4376 1380 4456 itaque,
1405 4375 1484 4438 siout
1506 4383 1555 4437 eat
1575 4377 1636 4438 AF

288 4471 327 4534 ad
349 4469 417 4546 ΑΕ,
439 4465 508 4542 AB,
534 4465 601 4541 AD,
624 4463 693 4540 AO,
718 4466 762 4528 sic
785 4483 852 4527 esse
875 4483 989 4527 moram
1012 4472 1038 4534 ὀ
1061 4465 1091 4526 in
1118 4460 1153 4527 1⁰
1175 4465 1224 4526 vel
1249 4464 1278 4528 1¹
1306 4463 1448 4527 circuitus
1471 4465 1553 4528 circa
1576 4461 1641 4543 Θ,

290 4560 408 4643 quando
431 4564 480 4618 est
501 4555 530 4618 in
554 4557 588 4631 F,
612 4555 650 4616 ad
681 4573 793 4616 moram
825 4553 854 4615 in
888 4552 937 4629 G,
959 4553 1006 4626 H,
1029 4555 1060 4630 I,
1086 4552 1121 4616 0.
1167 4554 1246 4617 Nam
1277 4553 1374 4616 virtus
1398 4551 1439 4632 Θ
1475 4555 1634 4618 circularis

290 4648 408 4730 quidem
431 4653 489 4714 est,
514 4651 546 4706 et
568 4644 593 4706 si
616 4645 741 4724 planeta
763 4663 821 4706 non
846 4643 1043 4705 descenderet
1066 4663 1105 4705 ex
1119 4641 1155 4719 0,
1179 4652 1337 4724 raperetur
1358 4644 1495 4724 perlecto
1519 4643 1632 4706 circulo

289 4756 343 4820 per
365 4735 391 4800 0
416 4734 576 4814 descripto.
622 4735 670 4795 Ita
694 4733 772 4796 siin
797 4733 812 4796 I
835 4740 980 4808 maneret,
1002 4741 1160 4813 raperetur
1186 4733 1297 4795 circulo
1320 4751 1375 4813 per
1397 4733 1443 4796 DI
1466 4733 1630 4812 descripto,

291 4827 346 4892 sed
372 4823 502 4889 breviori
529 4829 661 4903 tempore
691 4823 803 4885 rediret
830 4821 950 4897 eodem,
984 4822 1054 4903 quia
1083 4822 1180 4886 virtus
1202 4821 1232 4883 in
1257 4822 1478 4902 angustioribus
1511 4821 1635 4886 circulis

292 4916 433 5002 stipatior
455 4921 502 4978 est
524 4918 557 4980 et
579 4911 698 4979 densior
720 4911 845 4994 ideoque
869 4905 954 4975 etio
977 4911 1087 4975 ellectu
1105 4911 1225 4987 tortior,
1249 4929 1338 4992 quam
1360 4912 1392 4975 in
1413 4911 1579 4978 laxioribus
1602 4920 1638 4976 et
