3517 5525
299 359 363 430 298
776 362 1161 456 contremescamus

237 583 246 592 -
298 541 457 623 multoque
471 541 581 623 certius
596 539 755 622 apparebit
774 543 852 606 infra
871 561 935 626 cop.
950 545 1053 610 XLII.
1077 546 1171 608 Porro
1190 551 1223 606 et
1236 543 1338 626 Tycho
1361 542 1419 608 hoc
1441 543 1577 608 inLuns
1599 549 1649 606 est

297 632 448 716 imitatus.
465 651 552 713 quam
582 632 724 711 proxime.
778 631 849 696 Janr
880 645 913 698 et
943 633 973 696 in
1005 635 1123 699 theoria
1150 630 1231 696 Solis
1263 632 1428 715 (boboni)
1456 635 1506 696 vel
1529 634 1643 697 Terrae

298 719 496 801 (Copernico)
528 719 607 782 idem
639 730 687 782 est
715 721 961 806 dempnstratnm.
1015 723 1062 785 De
1086 724 1205 784 Venere
1235 740 1305 784 vero
1338 729 1370 784 ct
1392 722 1541 785 Mercurio
1574 723 1648 804 quin

297 809 376 872 idem
400 805 554 872 credamus
581 809 655 872 nihil
682 809 818 890 impedit.
870 813 937 875 Imo
955 812 1021 892 jam
1044 815 1282 887 demonstratum
1301 807 1417 884 babeo,
1445 812 1515 874 hinc
1530 821 1648 874 ortam

298 918 371 962 esse·
399 898 583 982 opinionem,¹
606 899 712 962 horum
734 899 924 979 planetarum
946 912 1050 964 centra
1073 901 1233 967 eccentrici
1255 901 1285 964 in
1309 919 1408 964 annuo
1431 901 1557 962 circello
1582 901 1646 963 cir·
1741 943 1745 948 -

297 987 441 1068 cumiraf
464 986 576 1050 Omnes
606 1006 677 1068 ergo
709 988 853 1071 planetae¹
880 991 937 1053 boc
959 991 1081 1054 hahent
1129 989 1206 1053 Cnrn
1228 1009 1299 1070 ergo
1322 990 1354 1051 in
1375 990 1555 1070 Mysterio
1580 1009 1647 1052 mco

284 1069 728 1156 ‘cosmographicoffante
752 1098 847 1140 annos
870 1089 939 1142 octo
962 1085 1070 1160 (plnres
1091 1079 1152 1160 jars
1174 1085 1255 1160 sunt)
1277 1078 1440 1160 publicato,
1464 1079 1550 1142 litem
1568 1078 1647 1141 hanc

299 1167 338 1258 de
360 1185 453 1229 cansa
475 1167 632 1246 aequantia
655 1167 833 1230 Ptolemaici
856 1169 913 1230 hoc
936 1170 1000 1231 solo
1023 1168 1141 1230 nomine
1165 1168 1348 1242 distulerim,
1372 1163 1460 1249 'quod
1483 1161 1524 1230 ex'
1543 1177 1647 1230 astro.-

296 1255 396 1316 nomia
427 1256 544 1336 vulgari
572 1255 633 1316 dici
658 1275 716 1318 non
738 1265 860 1337 posset,
895 1278 931 1319 an
956 1259 1053 1320 etism.
1071 1257 1127 1319 Sol
1150 1258 1197 1318 vel
1221 1258 1315 1319 Terra
1337 1264 1448 1337 puncto
1471 1257 1646 1339 aequaturio

196 1363 201 1368 ·
296 1353 328 1407 et
357 1345 422 1426 ejus
447 1344 656 1406 eccentricitas
678 1338 988 1412 bisentione'ntstur:
1018 1347 1155 1428 equidem
1179 1347 1242 1426 jam
1263 1347 1355 1430 decet
1375 1365 1440 1408 reru
1462 1365 1531 1408 esse
1554 1345 1646 1428 liqui-

225 1506 234 1522 1
298 1434 385 1522 darn„
424 1441 585 1515 postquam
616 1431 787 1512 sincerioris
823 1437 1026 1498 astronomiae
1053 1436 1226 1498 testimonio
1253 1436 1459 1498 confirmatum
1490 1434 1645 1511 babemus,

240 1571 241 1576 1
296 1519 415 1586 omnino
438 1523 468 1588 in
491 1521 609 1587 theoria
625 1522 706 1586 Solis
729 1525 778 1600 vel
792 1525 904 1588 Terrae
927 1527 1237 1607 aequanteminesse.
1282 1525 1349 1587 Hoc
1370 1525 1491 1604 inquam
1508 1525 1575 1604 jsur
1588 1525 1646 1586 ds-'

295 1621 473 1687 monstrato,
499 1611 586 1674 decet
608 1631 731 1674 cansam
754 1615 912 1694 sequantis
925 1612 1103 1676 Ptolemaioi
1126 1635 1146 1679 s
1166 1634 1214 1676 me
1238 1614 1426 1694 assignatam
1446 1613 1476 1676 in
1498 1613 1646 1696 Mysterio
1688 1646 1692 1650 ‡

298 1699 554 1781 Gosmogrsphico
577 1719 631 1781 pro
649 1702 790 1781 justaet
813 1703 950 1780 legitima
972 1703 1086 1779 haberi,
1111 1723 1178 1766 cum
1201 1704 1243 1765 sit
1264 1702 1443 1766 universalis
1463 1710 1495 1765 et
1510 1721 1646 1766 commn-

293 1791 350 1854 nis·
366 1790 503 1854 omnibus
531 1790 672 1873 planetis.
718 1791 807 1864 Illam
829 1793 921 1872 igitur
943 1793 1000 1855 hac
1023 1793 1122 1872 operis
1146 1800 1232 1872 parte
1256 1791 1415 1856 declarabo
1427 1791 1565 1872 amplius.
1602 1792 1647 1854 Et

291 1881 361 1960 quia
384 1879 549 1942 declaratio
573 1875 631 1942 erit
658 1881 818 1960 generalis,
842 1891 912 1944 utar
933 1900 1007 1944 vocs
1030 1882 1216 1962 planetae.
1261 1881 1372 1944 Lector
1399 1889 1501 1944 sutem
1531 1881 1567 1943 in·
1585 1881 1658 1942 hoc·

289 1979 321 2030 et
344 1968 539 2055 sequentibus
563 1967 680 2056 aliquot
702 1970 852 2048 capitibus
874 1990 994 2050 semper
1016 1971 1164 2052 in'specis
1178 1971 1334 2034 Terram
1359 1969 1570 2050 Ooper'nici
1593 1969 1644 2031 rel

282 2057 636 2140 solemuyehsnis
660 2058 841 2138 intelligat.¹
1083 2125 1087 2133 ,
1373 2081 1380 2093 ’

242 2197 246 2203 ,
322 2195 327 2206 .
362 2147 509 2223 ¹Priprnm
531 2147 631 2222 sciat,·
663 2141 798 2216 inomni
828 2145 988 2229 hypothesi
1008 2147 1261 2211 Ptolemaios
1285 2147 1342 2210 hac
1366 2147 1463 2210 forms
1484 2146 1642 2222 instructa,

290 2231 518 2318 quantacunque
541 2236 759 2300 -ec'csntricitas
790 2237 895 2318 luerit,
914 2237 1111 2300 celeritatem
1139 2237 1168 2300 in
1192 2237 1336 2317 perihelio
1359 2245 1391 2299 et
1412 2237 1589 2300 tarditatem
1612 2237 1645 2298 in

290 2325 409 2406 aphelio
446 2325 667 2406 proportionari
703 2347 793 2409 quam
829 2327 963 2408 proxime
1001 2325 1090 2389 lineis
1120 2346 1159 2390 ex
1177 2331 1293 2391 'centro
1325 2325 1427 2388 mnndi
1462 2325 1579 2388 eductis
1612 2324 1644 2388 in

175 2423 178 2431 ’
289 2415 475 2498 planetam.¹
606 2441 614 2452 ·
709 2455 721 2474 .-
854 2405 861 2424 '
908 2415 913 2420 ’
1072 2456 1105 2483 ,ι
1149 2445 1154 2451 ·

367 2557 370 2562 .
440 2520 443 2528 ⁴
478 2522 483 2537 ‘
666 2531 669 2538 ¹
704 2573 706 2578 ,
791 2529 794 2536 ·
1069 2508 1105 2569 In
1128 2506 1298 2579 schemate,
1329 2503 1360 2570 in
1382 2523 1441 2587 qno
1464 2527 1485 2569 α
1507 2510 1645 2566 centrum
1706 2577 1713 2591 ⁵

435 2585 439 2599 '
472 2653 477 2664 ,
516 2631 523 2676 ·.
588 2589 641 2656 rig
664 2589 707 2642 ⁸5·
796 2659 799 2666 ,
1004 2595 1105 2661 mnndi
1127 2595 1201 2669 init,
1224 2591 1298 2671 etti
1325 2602 1461 2656 centrum
1483 2591 1645 2656 eccentrici

1005 2691 1129 2764 ha‘ety
1147 2677 1290 2765 punctum
1305 2683 1474 2765 aequantia,
1492 2681 1645 2744 scribatur

1003 2785 1132 2854 centroy
1146 2773 1292 2836 distantia
1305 2774 1348 2850 po
1362 2772 1492 2837 circulus
1507 2790 1644 2853 aequans

990 2854 1067 2944 ’νφς
1090 2872 1123 2926 et
1142 2882 1198 2944 per
1212 2886 1240 2925 ,α
1263 2869 1398 2932 centrum
1421 2860 1538 2935 mundi,
1560 2859 1643 2922 unde

884 2959 901 3000 “r
1004 2960 1194 3035 computatur
1217 2951 1427 3013 eccentrioitas
1451 2951 1516 3024 (est
1539 2956 1643 3011 autem

911 3038 926 3084 ”⁸
1003 3041 1211 3124 inpraesenti
1236 3040 1359 3120 negotio
1382 3039 1437 3104 Sol
1461 3038 1641 3119 Gopernico,

937 3158 964 3207 i.
1005 3134 1099 3194 Terra
1135 3130 1260 3204 ceteris)
1302 3137 1409 3209 agatur
1446 3136 1532 3190 recta
1572 3141 1641 3207 ψω,

943 3214 954 3285 i
1004 3241 1112 3283 secans
1131 3219 1342 3289 -eccentricum
1370 3219 1401 3279 in
1424 3231 1451 3297 qr
1478 3224 1509 3278 et
1532 3238 1574 3293 o,
1606 3224 1644 3279 ut

952 3311 968 3331 ''
1002 3312 1127 3391 planeta
1163 3309 1206 3371 sit
1238 3308 1269 3370 in
1305 3322 1332 3387 ψ
1368 3315 1400 3368 et
1431 3330 1473 3381 o,
1511 3305 1642 3367 arcubus

958 3450 970 3475 0
1004 3398 1164 3460 eccentrici
1188 3403 1238 3477 hep
1260 3404 1292 3458 et
1314 3420 1359 3465 ss
1383 3394 1545 3468 conlectis,
1575 3393 1642 3456 illic

960 3491 976 3586 ξι
1003 3488 1041 3549 ab
1065 3488 1185 3571 aphelio
1209 3506 1263 3548 sen
1286 3504 1432 3566 spogseo‚
1448 3484 1504 3557 ,hic
1520 3504 1539 3544 a
1554 3483 1641 3563 peri-

977 3572 979 3578 ’
1002 3578 1084 3640 helio
1108 3596 1161 3639 sen
1185 3576 1345 3655 perigaeo:
1373 3574 1423 3655 qui
1446 3590 1534 3635 srcus
1558 3591 1596 3633 ex
1619 3595 1641 3633 α

1002 3672 1152 3747 ponuntur
1174 3683 1338 3745 apparere
1373 3664 1531 3744 aequales,
1569 3660 1642 3742 qnia

863 3793 869 3802 =
976 3764 1087 3818 ¹recta
1125 3770 1183 3834 ψω
1221 3752 1296 3820 lacit
1332 3757 1408 3831 ψαό
1434 3760 1466 3813 et
1492 3774 1566 3813 orus
1600 3750 1643 3811 ad

896 3832 905 3859 ¹
1002 3832 1148 3906 verticem
1170 3842 1322 3923 aequales.
1350 3840 1439 3905 -Cnm
1461 3848 1562 3902 sutem
1580 3844 1641 3919 tor,

918 3993 920 3996 .
1003 3958 1047 3995 eo>
1070 3953 1158 3998 arcus
1181 3940 1330 4012 ponantur
1348 3948 1415 3991 esse
1438 3928 1562 4003 minimi,
1587 3934 1640 3989 ut-

883 4099 886 4105 ,
1002 4032 1075 4103 pote·
1093 4020 1220 4101 in'ipsis
1236 4021 1293 4094 d,s
1316 4019 1488 4099 apsidibus,
1513 4038 1532 4077 s
1546 4016 1641 4105 rectis

352 4158 356 4165 -
595 4182 600 4191 ,
733 4184 736 4191 Δ
1003 4109 1096 4191 igitur
1123 4110 1210 4171 lineis
1238 4108 1312 4170 nihil
1341 4108 1483 4171 differunt
1504 4107 1544 4167 ad
1565 4125 1640 4167 sen·
1706 4178 1709 4182 y

265 4235 365 4282 snm.
411 4212 517 4293 ltaque
538 4206 662 4290 perinde
675 4220 722 4268 “ac
743 4196 782 4268 si'
795 4211 884 4285 hoq,
908 4226 980 4266 eas
1010 4209 1113 4263 essent
1143 4198 1295 4277 triangula
1321 4198 1494 4270 rectilinea,
1518 4197 1554 4256 et'
1572 4200 1600 4270 d,
1624 4218 1640 4255 s

272 4286 393 4392 ⁸anguli
417 4300 491 4364 recti
509 4290 548 4362 ''et'
568 4320 588 4359 α
611 4295 775 4383 communis
797 4302 919 4368 vertex,
951 4287 1065 4353 erit'ut
1087 4296 1130 4351 ta
1146 4288 1192 4348 ad
1215 4310 1254 4348 aa
1279 4286 1323 4347 sic
1345 4293 1395 4365 bqr
1417 4306 1505 4347 arcus
1528 4284 1566 4344 sd
1591 4306 1639 4344 sn>

292 4412 403 4458 arcum.
441 4390 503 4455 Sed
525 4386 643 4467 longior
666 4393 715 4447 est
736 4388 780 4446 ad
802 4400 890 4465 qnam
908 4397 971 4457 αις
985 4378 1110 4458 ¹longior
1132 4378 1225 4458 igitur
1248 4375 1339 4436 etiam
1357 4394 1453 4443 ,arcus
1475 4380 1526 4451 top
1548 4391 1639 4453 qnam

269 4465 347 4548 ⁸eor.
384 4480 426 4544 Hi
450 4478 604 4550 arcns'(re
621 4474 693 4537 ve‘ra
707 4472 895 4555 inaequales)
920 4476 1068 4551 apparent
1083 4487 1120 4527 ex
1143 4492 1163 4527 α
1187 4463 1339 4545 aequales:
1378 4460 1543 4533 Quaeritur
1560 4460 1645 4540 jsm‚.

293 4580 404 4657 quanto
428 4555 562 4649 tempore
585 4556 717 4651 rnqretur
746 4562 869 4643 planeta
892 4560 923 4622 in
945 4566 1069 4638 utroque
1102 4572 1173 4617 arcu
1202 4573 1240 4614 ex
1262 4551 1400 4614 doctrina
1422 4560 1454 4613 et
1471 4549 1639 4633 hypothesi

291 4654 610 4737 Ptolemaei‚.qnando
625 4650 662 4715 is‘
684 4660 861 4735 aequantem
885 4647 1032 4710 adhibet?
1052 4644 1148 4726 Igitur
1171 4662 1237 4722 exy
1260 4648 1362 4704 centro
1384 4659 1439 4722 per
1461 4640 1547 4721 signa
1560 4654 1596 4719 ψ,
1612 4662 1647 4700 ω-

200 4780 202 4791 =
292 4761 405 4815 rectee-
417 4750 573 4819 ducantur,
593 4742 937 4820 secantes'aoqnantem
953 4737 985 4798 in
1002 4760 1030 4817 χ,
1044 4755 1072 4797 s.
1105 4733 1199 4817 Dicet
1220 4730 1312 4811 igitur
1329 4729 1547 4798 Ptolemaeus:
1570 4747 1638 4790 cnm

247 4816 251 4824 ’
293 4843 410 4919 integer
433 4834 562 4899 circulus
585 4830 743 4913 sequentis
766 4850 813 4906 oq
836 4828 961 4905 denotat
982 4823 1100 4905 teinpus
1122 4821 1306 4901 periodicum
1327 4818 1479 4900 planetae,
1502 4826 1574 4881 tnnc
1595 4840 1637 4900 υχ

293 4946 361 4992 esse
380 4940 553 4989 mensuram
575 4919 718 5001 temporis
742 4916 820 5000 quod
848 4916 973 4998 planeta
1000 4912 1148 4975 consumit
1174 4911 1215 4973 in.
1233 4927 1306 4973 srcu
1335 4908 1493 4970 eccentrici
1515 4912 1581 4985 qo,
1605 4914 1649 4969 et-

295 5016 432 5096 qr'esse‘
453 5006 622 5076 mensuram
644 5005 805 5087 temporis,
830 4996 909 5087 quod
930 5003 1053 5085 plancta
1080 4997 1282 5065 consumitis
1303 5014 1377 5062 arcu
1398 4994 1558 5082 eccentrici
1579 5017 1635 5057 so.
