3517 5525
270 396 336 469 tlt
750 410 791 470 tn
809 417 915 501 neuun
934 412 1129 468 selmana

264 581 344 688 Erit
370 583 470 690 iqitur
498 595 533 652 ut
562 592 717 660 distantia
742 597 799 660 ΕΚ
821 600 866 662 ad
898 600 1082 664 distantiam
1103 601 1180 676 ΑΚ,
1209 599 1256 664 εἰσ
1283 600 1373 662 dnus
1400 594 1605 684 apparentiae

264 691 367 755 aperus
389 672 493 736 uncae
515 678 545 740 K
568 705 607 748 en
624 688 664 756 A,
687 689 732 751 nd
753 689 857 752 sinum
879 691 1086 772 apparentiae
1107 689 1244 774 ejusdem
1265 707 1305 750 ero
1322 687 1358 750 Ε.
1395 687 1440 751 Aa
1460 687 1605 750 nt'sinns
1666 691 1670 699 “

265 759 354 864 ΕΛΚ
383 763 427 824 ad
439 766 562 865 'tinum
582 776 686 851 ΛΕΚ,
717 779 764 840 εἰσ
793 778 947 842 distantia
973 779 1031 840 RK
1059 779 1104 840 ad
1134 778 1318 842 distantiam
1347 777 1415 838 ΑΚ.
1460 775 1549 858 Erqo
1571 782 1632 838 ut·

266 870 357 953 agnae
378 849 468 918 Eas
497 860 542 920 ad
574 867 679 927 sinum
709 867 815 943 ΑΕΚ,
844 872 892 932 εἰσ
918 869 1008 932 sinus
1038 869 1242 950 apparentiae
1273 865 1376 932 tineae
1397 865 1427 929 K
1449 886 1489 932 ea
1510 866 1540 929 A
1562 864 1607 927 ad

266 956 372 1002 sanum
396 951 604 1029 apparentiae
624 954 762 1042 ejsudem
783 977 823 1020 ea
844 957 880 1018 Ε.
1657 1009 1664 1016 -

354 1030 464 1097 Minor
485 1047 562 1103 nota
583 1052 629 1107 est
651 1065 691 1108 ea
711 1046 859 1110 dedeina
890 1045 1136 1128 lampaia-nm,
1169 1055 1198 1110 et
1219 1047 1403 1111 nominatim
1424 1065 1465 1110 eu
1485 1045 1528 1108 Ν.
1553 1039 1604 1106 14.

143 1209 148 1216 4
265 1112 342 1180 libri
363 1122 435 1186 Ill.
473 1125 722 1214 Trianqularum
743 1136 1019 1219 Landsperqii.
1056 1135 1164 1223 Major
1185 1138 1304 1218 indiqet
1319 1135 1515 1218 probatione.
1556 1131 1607 1196 Sit

320 1279 348 1331 F·
398 1279 446 1332 m
506 1239 579 1304 erqo
600 1232 688 1288 recta
710 1224 788 1298 VO,
812 1245 851 1288 ea
874 1225 963 1310 caina
994 1225 1114 1290 duobus
1137 1229 1264 1308 punctis
1284 1225 1309 1286 P
1332 1232 1361 1288 et
1383 1225 1415 1286 M
1446 1225 1607 1306 eriqantur

299 1355 319 1402 v
341 1297 375 1348 ¹³⁸
448 1317 454 1331 '
512 1311 595 1375 dnae
611 1312 892 1398 perpendiculares
913 1321 943 1377 et
964 1313 1110 1396 aequales
1130 1314 1186 1387 PQ
1201 1324 1230 1379 et
1247 1315 1317 1386 ML,
1340 1321 1370 1376 et
1391 1320 1608 1377 connectantur·

314 1445 315 1448 =
459 1437 475 1504 p
511 1397 593 1471 Qet
613 1403 641 1464 L
664 1404 790 1466 mmini
811 1411 1014 1486 cumpuncta
1036 1402 1228 1480 tineaeVO,
1252 1403 1335 1486 quod
1356 1404 1398 1466 sit
1419 1401 1455 1466 Ο.
1496 1401 1607 1466 anan

474 1551 482 1571 ,
509 1511 580 1554 nero
604 1491 641 1567 0,
664 1495 767 1574 spatio
790 1490 855 1567 ΟΕ,
878 1493 1035 1557 enitatur
1056 1515 1163 1569 arare,
1186 1513 1295 1558 ucarts
1317 1489 1375 1563 Qo
1396 1493 1432 1554 in
1452 1491 1496 1565 N,
1519 1499 1548 1554 et
1569 1511 1608 1554 eu

509 1578 539 1641 N
566 1582 748 1646 demittatur
776 1581 1049 1664 perpendictdaris
1078 1582 1137 1645 NR
1164 1585 1201 1647 in
1229 1581 1298 1644 VO.
1344 1581 1421 1644 Erit
1449 1573 1549 1664 iqiticr
1573 1588 1609 1643 ut

420 1706 425 1725 ν,
452 1717 470 1763 h
508 1667 871 1748 Fundamenta
895 1672 939 1734 ad
962 1669 1029 1732 NO.
1069 1672 1135 1736 Sed
1155 1673 1220 1756 ipsi
1236 1670 1292 1743 ΡΟ
1314 1667 1458 1754 aequatis
1479 1669 1606 1732 estML.

514 1758 555 1823 Ut
576 1761 675 1839 iqitur
695 1760 754 1822 ML
776 1761 821 1823 ad
843 1758 912 1835 Qo,
934 1761 981 1822 sic
1002 1759 1060 1823 RN
1084 1761 1128 1824 ad
1150 1761 1215 1825 LO.
1259 1760 1320 1823 Est
1345 1779 1415 1822 nero
1437 1757 1499 1822 ML
1521 1760 1609 1822 sinus

508 1848 619 1931 anquli
640 1847 749 1924 LOM,
780 1870 841 1931 quo
862 1857 1021 1931 spectatur
1053 1853 1213 1930 quantitas
1236 1847 1290 1920 Pa
1310 1846 1359 1912 uel
1379 1849 1441 1910 LM
1463 1848 1608 1938 depro-

503 1941 633 2023 pinquo,
656 1948 691 2002 ut
711 1941 754 2002 sit
767 1938 834 2012 LO,
857 1959 937 2018 quae
954 1945 999 2001 est
1012 1938 1166 2002 ἅίεἰεσσίσ
1188 1941 1307 2002 brevior
1321 1939 1447 2002 termini
1460 1937 1495 2012 L,
1519 1939 1608 2000 εἰηεε

507 2036 608 2098 ntur,-
631 2024 688 2097 Qo
710 2048 782 2090 uero
805 2036 850 2091 ert
871 2029 1027 2091 distantia
1048 2027 1172 2111 lonqior
1194 2029 1379 2109 quantitatis
1397 2027 1459 2090 ML
1479 2023 1528 2089 oet
1541 2024 1607 2102 ΡΟ,

505 2116 632 2180 termini
653 2116 772 2180 scitica
790 2116 828 2187 Q.
866 2117 912 2180 Et
931 2116 986 2178 RN
1011 2119 1167 2180 asisinus
1189 2115 1299 2199 anquti
1313 2113 1413 2191 NOR‚
1435 2135 1495 2198 quo
1518 2135 1607 2198 epec-

496 2215 593 2269 tatur
623 2205 683 2266 LM
710 2204 758 2268 cel
778 2204 835 2277 PQ
856 2207 1017 2278 εσειείἰσε,
1044 2214 1079 2268 ut
1100 2207 1141 2268 sit
1167 2227 1294 2269 rursum
1315 2205 1384 2278 NO,
1407 2206 1464 2267 lrac
1485 2211 1531 2267 est
1551 2204 1608 2267 LO

505 2296 595 2357 sinus
622 2302 711 2357 totus.
762 2295 803 2357 Ut
831 2315 903 2377 erqo
933 2295 1023 2357 sinus
1052 2297 1258 2378 apparentiae
1289 2296 1329 2357 de
1355 2295 1535 2378 propinquo
1565 2294 1609 2355 ad

506 2383 689 2445 distantiam
711 2382 889 2466 impioram,
913 2384 960 2446 sic
981 2386 1070 2447 sinus
1092 2387 1298 2468 apparentiae
1320 2383 1359 2446 de
1376 2381 1542 2465 lonqinquo
1565 2383 1610 2444 od

273 2479 459 2543 distantiam
481 2474 657 2537 braiorern.
702 2473 749 2536 Et
765 2475 969 2556 permutatim
990 2481 1082 2553 atque
1104 2475 1284 2548 conversim,
1306 2481 1342 2536 ut
1363 2473 1515 2536 distantia
1538 2473 1608 2535 irre-

269 2569 339 2631 oior
363 2567 408 2627 nd
431 2565 616 2646 lonqiornm¹
649 2563 696 2624 sic
716 2562 807 2626 nnus
833 2562 1035 2644 apparentiae
1056 2562 1096 2624 de
1117 2561 1285 2646 lonqinquo
1307 2561 1352 2624 ad
1372 2563 1477 2626 tinum
1507 2579 1608 2645 appa-

270 2656 394 2719 rentiae
416 2656 457 2717 de
473 2652 661 2737 propinquo.
706 2651 750 2713 Et
770 2651 801 2713 in
822 2651 975 2731 praesenti
1001 2651 1138 2730 negotio,
1167 2653 1300 2734 adeoque
1328 2651 1553 2724 universaliter,
1576 2657 1610 2713 ut

269 2743 422 2807 distantia
439 2743 548 2805 Martis
569 2762 588 2802 a
606 2741 701 2803 Terra
724 2739 760 2802 ad
785 2739 960 2803 distantiam
982 2739 1115 2819 ejusdem
1131 2762 1149 2803 a
1164 2739 1245 2816 Sole,
1270 2740 1313 2803 sie
1337 2741 1418 2804 sinus
1441 2739 1609 2803 latitudinis
1636 2815 1640 2823 ⁵

271 2835 309 2895 ad
346 2834 444 2896 sinum
474 2830 675 2895 inclinationis
711 2829 876 2909 plannmm.
929 2828 970 2891 Et
1002 2830 1152 2906 vicissim,
1182 2840 1216 2892 ut
1247 2830 1392 2893 distantia
1412 2850 1447 2903 ,a
1470 2830 1541 2893 Sole
1572 2828 1611 2891 ad

272 2921 449 2987 distantiam
472 2942 491 2982 a
513 2922 616 2993 Terra,
641 2918 684 2981 sie
706 2918 859 2981 inclinatio
883 2920 920 2979 ad
943 2918 1139 2981 latitudinem.
1187 2920 1224 2993 Q.
1250 2940 1275 2982 e.
1300 2920 1328 2981 d.
1384 2956 1388 2967 ·

365 3013 449 3073 Haec
472 3028 537 3072 cum
568 3008 630 3070 sint
651 3017 751 3082 certa,
781 3016 812 3068 et
834 3028 899 3069 cunr
925 3008 1005 3069 linea
1028 3026 1081 3088 per
1103 3008 1132 3070 K
1152 3009 1272 3087 signata
1291 3016 1356 3083 (teg.
1379 3004 1440 3067 122)
1463 3026 1612 3089 apparue-

276 3102 317 3163 rit
347 3120 385 3162 ex
407 3100 434 3161 Ε
458 3092 635 3180 5016010,
672 3098 753 3157 tacta
774 3097 1023 3177 multiplicatione
1045 3098 1133 3177 hujus
1157 3098 1239 3160 sinus
1261 3116 1316 3178 per
1338 3097 1432 3159 sinum
1456 3096 1557 3171 ΕΛΚ,
1580 3104 1634 3169 et,

274 3190 349 3254 laeti
363 3188 508 3251 divisione
526 3206 581 3268 per
599 3186 693 3247 sinum
709 3184 805 3260 AER,
819 3186 921 3265 prodit
936 3186 1017 3247 sinus
1033 3182 1127 3256 3188,
1143 3187 1227 3267 eujus
1246 3206 1333 3249 arcus
1347 3196 1395 3248 est
1413 3182 1515 3251 10190
1530 3184 1611 3271 370ος

274 3286 365 3360 atque
394 3279 468 3341 haec
497 3284 545 3338 est
571 3274 725 3336 inclinatio
754 3274 846 3353 ipsius
875 3275 978 3355 puncti
1001 3274 1049 3346 tt,
1072 3283 1185 3357 quauta
1209 3285 1366 3356 appareret
1394 3294 1430 3337 ex
1452 3277 1501 3355 A„
1536 3274 1612 3341 Cum

277 3375 377 3430 autem
407 3368 448 3429 sit
469 3367 554 3429 Mars
581 3365 611 3424 in
635 3359 696 3426 20⁰
720 3358 793 3445 l¹l,‘
816 3380 878 3438 σεε,
909 3362 1005 3425 nodus
1032 3364 1063 3425 iu
1095 3362 1153 3429 16⁰
1183 3360 1237 3428 130
1260 3365 1301 3440 ὅ,
1338 3372 1367 3425 et
1392 3366 1435 3426 sic
1458 3364 1610 3443 elongatio

277 3457 388 3521 Martis
415 3478 433 3515 a
460 3455 538 3515 nodo
571 3447 725 3515 86046οε
757 3461 790 3513 ut
816 3452 907 3530 igitur
937 3452 1019 3515 sinus
1043 3452 1130 3532 hujus
1153 3453 1353 3531 elongationis
1376 3454 1413 3515 ad
1437 3460 1546 3526 totum,
1569 3454 1612 3515 sie
1692 3528 1694 3539 Ι

277 3547 360 3607 sirius
387 3542 422 3605 10
444 3540 498 3607 490
521 3540 585 3605 3700
608 3540 646 3601 ad
670 3540 766 3601 sinum
788 3539 990 3603 inclinationis
1005 3542 1152 3604 maximae
1167 3540 1264 3606 3200.
1303 3542 1398 3623 Igitur
1410 3543 1485 3605 haec
1495 3548 1611 3605 rursum

274 3642 308 3697 ut
328 3634 411 3717 prius
432 3631 532 3713 prodit
557 3628 593 3692 1⁰
611 3624 663 3691 500
686 3626 729 3693 800
751 3628 780 3689 ἰε
804 3639 947 3691 austrum·

360 3722 420 3784 Pro
443 3719 634 3782 inclinatione
657 3716 780 3780 boreali.
812 3718 902 3781 Auno
920 3715 1013 3783 1585.
1029 3719 1058 3781 d.
1076 3716 1127 3781 31.
1147 3720 1217 3782 Jun.
1244 3726 1387 3800 sequente
1405 3719 1503 3781 media
1526 3721 1612 3783 uo'cte

271 3813 302 3875 iu
339 3810 500 3873 altitudine
525 3806 635 3870 Martis
668 3801 730 3869 53⁰
758 3806 814 3868 tuit
843 3808 1019 3872 decrescens
1039 3808 1103 3886 jam
1128 3808 1256 3869 latitudo
1279 3808 1387 3869 Martis
1410 3802 1450 3883 10
1471 3804 1525 3872 310
1548 3808 1622 3871 bon·

272 3902 344 3965 Fuit
376 3911 476 3961 antem
509 3896 657 3977 oppositio
694 3912 766 3955 vera
799 3905 868 3956 ante
901 3897 991 3957 horas
1027 3892 1075 3959 16.
1109 3892 1162 3960 160
1193 3896 1220 3958 ἰε
1245 3893 1306 3962 21⁰
1328 3892 1425 3981 36¹l,‘
1448 3902 1482 3974 tt.
1528 3898 1611 3960 Tunc

273 3996 505 4052 cousentaneum
529 3993 577 4047 est
599 3984 691 4046 tuisse
715 3983 904 4045 latitudinem
937 3979 975 4045 10
1002 3980 1056 4047 310
1081 3982 1153 4048 1000.
1200 3985 1274 4049 Cum
1298 3987 1389 4065 igitur
1411 3987 1612 4069 complemen-

274 4086 339 4141 tum
362 4075 530 4138 anomaliae
552 4081 735 4153 coaequatae
757 4073 867 4135 Martis
891 4073 981 4134 luent
1003 4070 1041 4136 7⁰
1063 4070 1095 4137 60
1117 4071 1191 4151 8300,
1217 4076 1273 4137 trit
1296 4094 1367 4154 ergo
1386 4076 1450 4156 ejus
1467 4074 1613 4138 distantia

271 4190 291 4229 a
315 4166 386 4229 Sole
413 4160 550 4237 166331,
581 4162 663 4224 Solis
686 4182 705 4223 a
727 4163 821 4224 Terra
852 4160 998 4223 distantia
1029 4158 1147 4227 98724.
1193 4164 1322 4228 Rursum
1355 4165 1445 4243 igitur
1466 4164 1498 4227 iu
1521 4164 1611 4227 sche-

272 4262 354 4319 mate
381 4251 437 4315 121
466 4254 492 4315 εἰ
514 4251 571 4316 AO
597 4246 735 4324 166331,
759 4252 815 4314 AB
839 4246 969 4325 98723,·
993 4258 1025 4313 et
1047 4250 1128 4314 EBG
1151 4248 1191 4315 t⁰
1212 4250 1264 4315 310
1291 4252 1371 4317 100οε
1404 4254 1505 4333 prodit
1526 4252 1611 4317 BcA

274 4343 313 4407 2⁰
335 4340 389 4407 400
413 4340 487 4405 5000.
534 4341 594 4414 Qui
624 4339 744 4401 ablatus
772 4340 809 4402 ab
833 4338 914 4401 EBG
944 4339 1086 4419 relinquit
1112 4340 1196 4406 BAO
1223 4338 1259 4403 10
1280 4338 1333 4404 500
1356 4340 1430 4407 2000.
1475 4342 1612 4424 Atquin

273 4430 312 4499 50
335 4433 476 4494 absumus
491 4452 510 4491 a
526 4430 628 4498 limite,
652 4428 755 4490 limitis
776 4428 868 4507 igitur
890 4429 1046 4491 inclinatio
1070 4430 1188 4492 circiter
1203 4428 1269 4494 2500
1290 4432 1384 4511 major
1404 4431 1470 4502 erit,
1494 4430 1611 4493 seilicet

274 4521 312 4587 1⁰
333 4517 387 4585 50‘
411 4515 487 4582 1500.
531 4519 620 4585 Prius
652 4518 784 4579 austrina
815 4517 970 4585 inclinatio
1001 4528 1067 4579 erat
1099 4514 1135 4581 10
1162 4517 1215 4582 5110
1239 4517 1300 4595 80ος
1334 4520 1503 4582 differentia
1534 4518 1608 4596 3700,

270 4612 382 4676 εεΙΙίεε
413 4612 564 4670 momenti.
619 4606 751 4668 Medium
779 4605 883 4666 horum
914 4614 960 4668 eet
994 4600 1030 4668 10
1057 4604 1111 4678 500
1141 4604 1215 4684 2500,
1250 4608 1404 4671 inclinatio
1429 4608 1609 4689 justissima,

271 4708 384 4784 quanta
407 4698 498 4759 etiam
525 4714 616 4776 supra
645 4714 709 4775 cap,
733 4694 821 4757 xttl.
846 4694 936 4757 variis
970 4695 1066 4759 modis
1090 4702 1121 4757 et
1144 4696 1367 4775 operationibus
1397 4697 1520 4761 iuventa
1542 4698 1608 4774 tuit,
1698 4740 1700 4744 -

272 4808 346 4871 quos
369 4788 418 4849 hic
440 4784 584 4865 repetitos
608 4785 687 4845 volo.

357 4878 424 4939 Hac
449 4875 514 4955 jam
542 4871 736 4934 inclinatione
763 4869 890 4932 limitum
917 4890 1007 4947 usus,
1041 4873 1068 4933 εἰ
1098 4882 1267 4954 computem
1299 4874 1474 4945 latitudines
1498 4874 1609 4949 Martis

273 4969 328 5035 sub
353 4966 445 5031 sitnm
468 4964 533 5046 ejus
555 4960 585 5027 in
608 4960 747 5043 opposito
768 4958 859 5041 Solis,
885 4960 1001 5028 invenio
1024 4961 1086 5029 cie:
