3517 5525
1067 177 1095 256 ss⁸
1155 212 1186 280 'q

316 441 381 515 738
805 444 919 514 muron
934 424 967 499 'ns
984 441 1048 497 soro
1065 445 1171 513 unqua

316 633 507 709 comparata,
539 620 574 690 u't
594 624 700 702 vobis,
730 624 788 688 viri
815 622 916 699 docti,
943 621 1156 704 interpretibus
1178 639 1273 702 genus
1295 623 1454 686 homanum
1471 624 1526 686 illa
1546 623 1677 687 docere

315 717 428 798 possit,
457 735 532 796 quae
558 715 647 780 hodie
672 721 853 796 qnaemntur
876 713 914 776 ab
937 713 1129 775 astronomis.
1175 713 1308 778 Primum
1330 713 1389 776 fuit
1410 713 1539 775 meridiei
1560 710 1678 774 vicina

318 805 438 869 Galliae
465 804 644 886 praesertim
673 813 704 866 et
730 803 916 884 Hispaniae3
949 802 1057 864 deinde
1088 819 1202 882 magna
1230 805 1348 880 fuitei
1376 803 1463 864 nohis
1489 802 1679 866 interiorem

317 893 399 958 Solis
421 900 538 974 partein
560 894 657 969 texit,
688 901 722 956 ut
744 891 930 973 impossihile
954 891 1012 966 sit,
1041 891 1119 973 quod
1147 891 1193 953 his
1220 893 1348 971 pagellis
1372 889 1567 962 demonstro,
1596 890 1681 971 quin

317 983 427 1046 alicubi
450 983 480 1045 in
505 982 609 1045 Gallia
633 983 679 1044 vel
700 981 863 1062 Hispania,
888 980 938 1042 uhi
961 1000 1039 1062 pax,
1063 979 1112 1043 nbi
1135 982 1327 1052 commercia,
1349 981 1402 1042 ubi
1425 979 1678 1044 Christianorum

318 1073 468 1152 imperia,¹
491 1091 549 1152 qua
576 1071 675 1134 facilis
698 1071 784 1134 robis
813 1071 855 1133 rei
883 1070 1097 1150 investigatio,
1128 1079 1297 1132 centromm
1318 1070 1386 1130 visa
1408 1069 1451 1131 sit
1474 1067 1675 1150 conjunctio,·

317 1161 443 1243 denique
467 1162 554 1225 Luna
576 1161 633 1224 luit
654 1162 722 1223 loco
745 1161 847 1224 Terris
868 1177 946 1238 pene
968 1158 1114 1239 proximo,
1138 1159 1187 1221 uhi
1210 1159 1324 1239 majore
1346 1159 1458 1238 angulo
1481 1159 1631 1220 cernitur.

405 1252 489 1312 Haec
512 1252 645 1318 comita
668 1250 808 1323 habeant,
833 1248 969 1330 equidem
993 1254 1065 1329 opto
1087 1248 1225 1309 mihimet
1245 1255 1426 1329 potestatem
1452 1267 1534 1322 esse,
1558 1245 1674 1308 iterio

317 1341 371 1404 illa
394 1340 461 1401 loca
484 1339 667 1421 suscipiendi
689 1340 861 1422 passimque
885 1357 987 1400 omnes
1010 1338 1206 1417 percontandi
1230 1357 1347 1412 coram,
1368 1344 1462 1418 atque
1484 1337 1531 1399 ita
1554 1336 1589 1397 in
1613 1355 1681 1397 rem

316 1436 507 1512 praesentem
529 1428 679 1499 veniendi.
726 1425 794 1500 Qua
823 1433 979 1510 potestate
1008 1427 1077 1508 quia
1104 1445 1212 1502 careo,
1243 1446 1297 1488 ros
1330 1445 1385 1505 ego
1410 1427 1480 1507 jam
1508 1424 1573 1490 virt
1595 1424 1679 1488 docti

317 1538 372 1600 per
394 1519 469 1580 haec
493 1519 658 1598 stupendae
682 1517 800 1580 divinae
824 1516 990 1596 sapientiae
1014 1535 1115 1596 opera,
1139 1535 1193 1595 per
1214 1515 1318 1590 tidem,
1347 1534 1404 1595 qna
1427 1514 1573 1578 Creatori
1602 1514 1676 1576 estis

318 1607 456 1687 obligati,
479 1626 533 1688 per
556 1626 686 1670 amorem
710 1606 908 1688 posteritatis,
932 1625 986 1684 per
1008 1613 1126 1667 vestras
1150 1605 1285 1676 delicias,
1309 1625 1383 1686 quas
1404 1605 1497 1666 vobis
1518 1603 1576 1665 riri
1604 1603 1675 1684 phi·

318 1696 436 1776 losophi
457 1697 522 1776 jam
545 1697 616 1758 olim
640 1715 697 1760 uon
722 1695 851 1758 absimili
876 1695 976 1756 studio
999 1701 1089 1776 atque
1112 1713 1185 1756 cura
1206 1712 1364 1774 peperere,
1387 1713 1442 1754 vos
1466 1695 1596 1774 inquam
1623 1692 1673 1753 oh

319 1804 405 1849 secro
429 1794 519 1866 atque
543 1785 688 1858 obtestor,
711 1785 755 1846 uti
781 1785 855 1846 hanc
876 1783 1061 1846 levissimam
1075 1801 1197 1863 operam
1215 1784 1354 1844 lubentes
1369 1783 1509 1844 volentes
1536 1782 1670 1855 sumatis,

319 1883 448 1956 atquae
473 1874 597 1956 quisque
621 1873 706 1948 vidit,
732 1893 807 1955 quae
831 1873 976 1934 memoria
999 1874 1170 1953 complexus
1194 1880 1250 1946 est,
1276 1891 1351 1951 qnae
1375 1893 1395 1932 a
1416 1871 1539 1945 ricinis,
1564 1871 1670 1942 doctis

318 1964 466 2038 indoctis,
497 1964 585 2026 modo
608 1964 665 2024 fide
689 1963 787 2042 dignis
811 1962 940 2037 audivit,
967 1961 1027 2023 imo
1056 1961 1194 2044 quarab
1218 1962 1323 2023 iisdem
1346 1961 1492 2039 singulari
1518 1961 1671 2022 studioet

319 2053 423 2115 dedita
445 2071 537 2133 opera
559 2052 716 2132 explorare
740 2052 903 2113 etiamnum
924 2051 1047 2131 poterit,
1071 2070 1109 2112 ea
1126 2051 1211 2112 hreri
1229 2049 1368 2132 epistolio
1387 2049 1583 2129 consignata,
1613 2049 1672 2111 dum

318 2161 428 2204 recens
448 2150 497 2204 est
518 2141 678 2211 memoria,
709 2141 1082 2213 veredariis'committat,
1111 2139 1243 2219 Pragam
1265 2140 1465 2201 Bohemorum
1489 2139 1531 2200 ad
1552 2139 1676 2218 Regum

320 2239 352 2293 et
373 2230 545 2313 Principum
567 2237 735 2293 vestrorum
765 2231 884 2310 legatos
913 2238 944 2291 et
974 2236 1206 2310 procuratores,
1238 2236 1290 2291 aut
1318 2228 1345 2289 si
1368 2227 1513 2290 mavultis
1536 2229 1676 2290 franco

320 2321 431 2383 furtum
456 2320 494 2381 ad
519 2319 676 2383 Claudium
699 2318 849 2382 Maruiurn
872 2318 999 2399 indeque
1022 2318 1130 2380 adme
1153 2318 1398 2398 transportanda.

409 2409 488 2474 Sunt
511 2418 611 2472 autem
635 2408 737 2488 capita
759 2408 963 2490 quaesitorum
984 2408 1054 2471 ista.
1089 2404 1207 2476 Quibus
1227 2407 1305 2470 loeis
1329 2405 1483 2486 aliquado
1498 2402 1582 2467 Sole
1609 2423 1673 2486 par·

319 2498 416 2570 ticula
437 2499 466 2560 in
491 2517 627 2579 supremo
651 2497 733 2560 Solis
760 2493 914 2576 margine,
947 2515 1014 2558 cum
1041 2503 1124 2557 esset
1151 2495 1273 2575 eclipsis
1300 2495 1447 2570 medium,
1478 2495 1674 2573 superfuerit,

322 2588 429 2671 quibus
452 2587 584 2650 vicissim
613 2586 714 2668 aliqua
740 2587 769 2649 in
800 2587 860 2648 imo
892 2586 1047 2666 margine;
1079 2593 1111 2646 et
1141 2585 1247 2667 quihus
1278 2585 1354 2647 locis
1385 2592 1467 2648 totus
1495 2583 1558 2645 Sol
1590 2583 1678 2646 suerit

321 2684 442 2753 tectus;
475 2684 539 2738 tum
561 2695 636 2756 quae
660 2675 753 2740 facies
784 2675 861 2750 diei,
895 2683 1024 2754 quantae
1052 2675 1214 2749 tenebrae,
1243 2693 1318 2756 quae
1347 2673 1464 2754 speeies
1487 2673 1575 2734 aeris
1600 2673 1676 2734 circs

322 2766 424 2831 Solem
449 2766 637 2841 circumfusi,
668 2786 705 2827 an
729 2766 845 2846 integer
868 2765 995 2827 circulus
1019 2765 1135 2827 lucidus
1157 2764 1238 2827 circa
1260 2765 1395 2840 Lunam,
1424 2762 1510 2845 isque
1537 2762 1591 2824 vel
1615 2772 1674 2824 ter-

321 2854 453 2918 minatus
476 2856 555 2917 intra
577 2864 609 2917 et
637 2862 742 2930 extra,
772 2857 821 2917 vel
844 2854 978 2915 exterius
1001 2855 1144 2916 evanidus
1167 2856 1281 2916 incerto
1304 2855 1381 2927 fine3
1415 2853 1464 2933 qui
1487 2852 1600 2913 Lunae
1625 2854 1675 2913 snb

322 2944 395 3009 Sole
424 2952 506 3007 tecto
535 2944 728 3007 consistentis
756 2945 857 3018 color;
892 2964 969 3025 quae
1003 2943 1109 3014 stellae
1142 2943 1247 3017 visae3
1282 2950 1314 3004 et
1345 2962 1421 3022 quae
1453 2942 1567 3022 cuique
1601 2941 1674 3003 ultro

322 3040 444 3115 praeter
470 3034 562 3096 istam
593 3033 825 3097 admonitionem
860 3041 1025 3095 occurrent.
1071 3033 1163 3096 Nulla
1193 3032 1269 3093 adeo
1297 3032 1441 3111 despecta
1470 3039 1502 3091 et
1524 3030 1604 3093 vilis
1625 3032 1679 3093 erit

323 3122 468 3199 narratio,
493 3124 650 3185 dummodo
666 3122 725 3185 fida
745 3132 777 3184 et
792 3122 931 3199 candida,
955 3141 1044 3201 quam
1067 3140 1122 3201 ego
1145 3140 1205 3183 non
1228 3120 1344 3201 ingenti
1366 3120 1536 3199 gratiarum
1560 3122 1677 3183 actione

324 3232 389 3276 sum
413 3220 616 3292 suscepturus.
662 3214 708 3274 De
732 3212 806 3292 ipsis
831 3212 923 3273 etiam
946 3211 1072 3273 nubibus
1095 3212 1212 3272 discere
1235 3210 1339 3289 cupio,
1369 3228 1427 3271 non
1451 3210 1536 3289 quod
1561 3210 1623 3271 bae
1644 3209 1680 3270 nd

323 3320 387 3365 rem
410 3302 532 3377 faciant,
559 3302 616 3373 sed
636 3310 671 3365 ut
692 3302 723 3363 iu
745 3322 793 3362 me
817 3300 899 3363 sitim
921 3300 997 3362 hanc
1021 3298 1186 3381 inquirendi
1210 3299 1418 3378 exstinguant,
1443 3300 1469 3359 si
1495 3298 1678 3371 constiterit,

324 3397 518 3471 conspectum
541 3390 623 3454 Solis
647 3390 759 3452 alicubi
781 3407 834 3470 per
857 3390 912 3450 has
937 3397 1081 3470 ereptum.

413 3480 448 3543 Si
471 3479 520 3563 qui
543 3488 614 3542 sunt
636 3479 840 3542 mathematici
864 3498 902 3539 ex
924 3480 1062 3558 professo
1086 3478 1170 3550 (uam
1187 3476 1332 3539 hactenus
1355 3474 1537 3557 alloquebar
1559 3477 1680 3537 unirer-

325 3570 409 3645 sos),
440 3570 488 3652 qui
514 3570 597 3631 coelo
621 3588 727 3631 sereno
750 3569 797 3629 usi
820 3587 888 3629 sese
911 3568 950 3629 ad
973 3568 1060 3647 hujus
1084 3565 1204 3645 deliquii
1229 3565 1466 3627 observationem
1490 3582 1538 3625 eo·
1555 3564 1681 3628 artificio

165 3716 168 3725 ,
204 3724 211 3741 ,
326 3666 545 3741 compararunt,
570 3659 647 3739 quod
671 3665 740 3720 ante
766 3676 874 3719 annum
899 3656 973 3738 ipsis
996 3656 1026 3719 in
1053 3654 1172 3734 Opticis
1197 3653 1287 3715 editis
1310 3654 1471 3733 descripsi,
1496 3645 1682 3717 adliortanrs

324 3755 442 3812 mature
467 3766 569 3811 omnes
593 3748 632 3809 ad
656 3748 828 3827 diligentem
850 3746 939 3826 hujus
958 3746 1095 3807 defectus
1114 3742 1364 3810 observationem,
1387 3742 1433 3805 illi
1457 3743 1604 3823 quamvis
1626 3764 1682 3805 non

327 3857 362 3900 eo
385 3838 416 3899 in
439 3844 537 3899 tractu
562 3838 685 3912 versati,
710 3836 757 3917 qui
782 3844 877 3898 totum
901 3835 1015 3898 Solem·
1028 3842 1139 3895 tectum
1162 3832 1255 3906 vidit,
1279 3832 1469 3894 nihilominus
1494 3834 1533 3894 de
1558 3832 1680 3915 quanti-

327 3934 392 3989 tate
417 3926 556 3990 diametri
578 3926 682 3987 Lunae
706 3926 858 4006 ipsiusque
890 3926 1031 3986 defectus'
1054 3924 1103 3984 vel
1126 3942 1174 3983 me
1197 3921 1338 4001 privatim
1360 3922 1409 3983 rel
1432 3921 1555 4000 publice
1580 3942 1683 3985 omnes

329 4016 513 4091 edocebunt,
547 4015 652 4096 quihus
680 4014 812 4077 vicissim
841 4033 897 4095 ego
925 4015 982 4075 hoc
1011 4006 1183 4092 quantulum
1207 4018 1256 4072 est
1277 4027 1411 4072 mearum
1433 4010 1684 4074 observationum

327 4104 410 4169 hisce
434 4104 561 4185 pagellis
585 4104 778 4178 communico,
802 4112 835 4165 nt
857 4102 991 4177 videant,
1015 4110 1128 4183 quanta
1144 4119 1191 4163 me
1210 4100 1303 4162 nubes
1327 4100 1554 4179 opportunitate
1579 4102 1683 4181 priva-

329 4195 443 4271 verint,
473 4212 603 4275 snasque
630 4194 785 4255 liberiores
809 4200 895 4254 tanto
919 4192 1060 4254 libentius
1083 4191 1113 4252 in
1137 4189 1410 4269 compensationem
1432 4188 1491 4251 mei
1515 4190 1623 4252 damni
1646 4190 1685 4251 ad

330 4302 378 4346 me
401 4284 619 4346 transmittant.
667 4281 782 4355 Quibus
807 4282 925 4365 quidem
948 4280 1137 4361 Hipparchus
1164 4298 1264 4354 meus,
1297 4278 1346 4359 qui
1372 4278 1438 4358 jam
1464 4279 1496 4340 in
1523 4278 1684 4359 procinctu

332 4379 397 4447 est,
430 4370 508 4433 hanc
538 4373 655 4435 unicam
684 4370 809 4453 eclipsin
837 4391 857 4433 a
884 4371 970 4434 vohis
998 4369 1124 4432 aunarii
1152 4368 1218 4432 loco
1248 4374 1429 4448 exspectans
1456 4368 1624 4448 plurimum
1652 4388 1684 4430 se

333 4461 442 4525 dehere
465 4459 570 4524 lubens
595 4462 747 4526 fatebitur.

339 4577 343 4583 ’
420 4550 508 4629 Rogo
533 4558 632 4613 autem
655 4549 799 4633 imprimis
826 4547 909 4611 viros
935 4548 1034 4611 literis
1062 4547 1213 4620 celebres,
1247 4564 1370 4627 quornm
1399 4563 1466 4606 sese
1496 4544 1538 4608 ad
1567 4552 1685 4608 remota

333 4642 402 4705 loca
423 4638 550 4723 porrigit
573 4641 695 4718 notitia,
719 4641 763 4702 uti
786 4659 822 4701 ea
841 4639 907 4718 jam
930 4645 1052 4700 utantur
1074 4639 1113 4699 ad
1135 4635 1355 4715 percontandos
1378 4634 1518 4708 idoneos,
1552 4635 1595 4695 ad
1616 4654 1683 4697 mo-

334 4730 448 4793 nendos
464 4731 645 4808 Magnetes3
668 4750 740 4811 rogo
755 4730 926 4809 Magnetes,
951 4746 1025 4809 quos
1042 4728 1149 4789 harum
1171 4744 1268 4788 rerum
1291 4744 1363 4788 cura
1384 4724 1492 4801 tangit,
1517 4722 1685 4786 ditionibus

335 4827 486 4901 potentes,
510 4818 673 4900 quemlibet
694 4838 748 4901 pro
772 4818 928 4899 dignitatis
945 4836 1016 4879 suae
1035 4816 1215 4891 conditione,
1238 4822 1273 4877 ot
1287 4814 1424 4895 exemplo
1437 4812 1684 4887 Monarcharum,

338 4928 461 4990 quorum
483 4909 565 4989 prius
589 4910 670 4971 facta
693 4910 813 4983 mentio,
839 4928 898 4987 qua
921 4908 1044 4988 quisque
1063 4906 1177 4969 ratione
1194 4904 1433 4967 commodissime
1446 4910 1562 4982 potest,
1586 4902 1684 4981 pluri-

338 5016 418 5063 mum
445 4998 533 5078 hujus
560 4998 742 5065 narrationis
771 4996 926 5079 conquirat
953 5015 1046 5077 eoque
1079 5014 1125 5057 ure
1156 5012 1210 5075 per
1241 5012 1313 5056 suos
1331 4994 1485 5056 'literatos
1516 4991 1684 5073 impertiat.
