3517 5525
583 439 644 495 Pars
663 440 754 496 Tertia
792 443 873 510 Caput
887 439 980 526 ,xxm
1384 443 1449 514 293

107 615 247 680 bisecans
270 640 313 690 pe
335 617 371 682 in
389 621 422 694 23
446 628 479 682 et
501 627 714 683 connectantur
737 643 798 698 pqr
820 639 885 683 cum
905 623 934 699 β.Ι
969 620 1044 686 Onm
1060 640 1131 702 ergo
1156 626 1225 702 καβ
1247 625 1289 688 sit
1307 628 1451 706 graduum

107 707 289 786 integrorum
312 710 457 788 angulus,
489 709 546 771 erit
570 719 601 772 et
623 709 759 772 residuus
783 711 869 787 κβα,
903 711 987 792 eique
1011 712 1146 792 aequalis
1168 718 1248 790 μαὸ
1270 715 1451 795 integrorum

107 799 268 876 graduum,
301 806 333 858 et
355 797 384 859 iu
409 798 566 878 triangulis
590 801 673 876 βκα,
696 800 771 875 βλα
798 799 944 862 similibus
969 800 1093 881 aequale
1117 802 1174 863 erit
1197 804 1276 864 latus
1301 829 1341 867 ru
1365 806 1452 868 lateri

106 888 158 963 λβ,
184 895 216 946 et
239 888 280 963 κβ
302 887 360 965 ipsi
383 891 438 950 λα.
484 889 543 951 Εει
573 895 671 950 antem
700 890 743 964 λβ
765 887 848 950 siuns
871 889 972 967 anguli
995 891 1077 966 λμβ,
1100 892 1176 967 λυβς
1204 901 1235 954 ει
1262 894 1356 972 ipsius
1379 897 1397 955 λ
1405 897 1452 971 μβ

106 975 359 1056 complementum
382 986 430 1038 εει
452 979 533 1054 λβμ,
559 981 642 1056 idn
667 977 788 1058 ejusque
803 977 887 1039 sinus
902 977 982 1039 linea
1005 980 1060 1054 tp,
1076 982 1130 1053 teu
1155 989 1186 1042 et
1199 980 1329 1060 ipsarum
1344 997 1399 1058 ap,
1413 1007 1454 1044 ar

106 1065 277 1126 differentia
300 1067 352 1127 tu.
397 1067 491 1146 Atqui
516 1067 700 1148 quantitates
717 1069 768 1141 λα,
783 1069 828 1144 λβ
838 1067 904 1146 jam
920 1067 1059 1128 inventae
1073 1078 1143 1130 suot
1157 1069 1186 1129 in
1206 1072 1352 1152 triangulo
1374 1074 1450 1148 αβκ.

104 1154 188 1233 Ergo
229 1155 314 1216 nnius
352 1153 494 1234 trianguli
527 1175 583 1232 ope
615 1162 741 1235 quatuor
772 1156 898 1217 inveniri
928 1164 1055 1236 possunt
1082 1158 1244 1219 distantiae
1281 1161 1454 1240 aequalibus

106 1242 228 1322 angulis
259 1244 297 1305 ad
331 1268 366 1320 α,
400 1253 517 1307 remota
547 1246 668 1308 alinea
691 1245 827 1322 apsidum
864 1245 987 1325 ejusque
1015 1247 1250 1326 perpendiculari
1279 1245 1319 1326 ζη
1346 1269 1399 1328 per
1436 1275 1456 1311 α

103 1333 213 1394 ducta:
247 1341 295 1394 eat
327 1333 404 1396 enim
436 1331 507 1408 μαζ
526 1334 659 1414 aequalis
690 1333 747 1413 ipsi
777 1338 855 1396 θαι
886 1343 918 1395 ει
946 1356 1014 1413 req
1044 1335 1102 1415 ipsi
1129 1359 1196 1398 rae.
1256 1339 1314 1399 Est
1350 1340 1451 1418 itaque

103 1421 284 1500 longissima
308 1423 455 1485 distantia
479 1423 506 1486 in
532 1430 558 1497 ι,
581 1421 758 1484 brevissima
781 1422 809 1484 iu
834 1447 858 1497 a,
882 1423 1038 1485 mediocris
1053 1444 1123 1487 vero
1138 1432 1169 1486 ει
1183 1427 1317 1507 aequalis
1335 1427 1389 1505 ipsi
1406 1425 1455 1506 βζ,

103 1530 165 1571 non
189 1511 220 1571 in
244 1506 298 1588 ζη;
320 1512 374 1572 sed
398 1531 493 1594 neqne
516 1513 546 1574 in
570 1512 649 1574 linea
670 1529 725 1590 per
741 1513 774 1589 β,
800 1513 858 1590 ipsi
881 1509 922 1584 ζα
944 1514 1099 1592 parallelo,
1123 1533 1197 1596 quae
1219 1515 1260 1576 sit
1282 1513 1329 1588 ξε.
1376 1516 1458 1578 Nam

103 1597 149 1672 αζ
175 1599 273 1662 minor
305 1609 354 1661 est
381 1620 468 1682 quam
496 1599 555 1680 βζ,
586 1620 622 1662 eo
653 1601 731 1682 quod
753 1601 858 1662 minori
882 1598 955 1677 ζβα
978 1601 1175 1666 subtendatur
1198 1623 1285 1684 qnam
1310 1613 1357 1665 est
1381 1602 1453 1684 ζαβ,

103 1697 213 1770 utpote
236 1698 353 1763 rectus3
378 1698 410 1752 et
431 1688 474 1764 αξ
497 1691 588 1752 ducta
609 1689 728 1768 longior
750 1697 799 1751 est
821 1709 911 1772 qnam
933 1688 992 1769 βξ,
1011 1711 1046 1752 eo
1070 1694 1146 1775 quod
1170 1694 1276 1773 maJ'ori
1299 1692 1367 1772 ξβα
1390 1696 1455 1768 (nt-

104 1787 177 1858 pote
202 1781 301 1854 recto)
325 1780 537 1854 subtendatur,
562 1778 603 1855 ξβ
627 1799 696 1840 vero
720 1779 825 1840 minori
848 1774 933 1855 ξαβ.

195 1867 240 1930 Ut
262 1877 364 1932 autem
388 1868 552 1931 distantiae
576 1869 693 1929 mediae
717 1870 800 1929 locus
824 1869 1005 1946 geometrice
1023 1869 1204 1948 designetur,
1235 1872 1386 1933 bisecetnr
1407 1875 1457 1951 αβ
1549 1872 1553 1876 “

104 1957 192 2035 signo
218 1979 246 2033 o,
271 1978 381 2038 perque
404 1959 461 2020 hoc
484 1957 738 2038 perpendicularis
762 1956 820 2036 ipsi
843 1959 891 2034 αβ
913 1966 1022 2036 agatur
1044 1979 1106 2038 πρ,
1131 1978 1237 2022 secans
1261 1961 1402 2022 circulum
1425 1962 1454 2024 in

104 2068 135 2120 rr,
152 2070 180 2125 ρ.
220 2047 395 2114 Dicohaec
420 2067 487 2108 esse
512 2048 599 2125 signa
623 2045 789 2130 aequaliter
814 2045 851 2106 ab
876 2069 896 2106 α
919 2055 951 2106 ει
973 2067 992 2106 a
1014 2047 1034 2124 β
1057 2046 1211 2110 distantia.
1251 2049 1455 2114 connectatur

107 2133 185 2198 subn
211 2137 339 2199 alterum
362 2137 515 2217 signorum
538 2157 560 2198 rr
583 2155 648 2197 cum
672 2158 692 2196 α
715 2143 746 2196 ει
769 2154 836 2196 cum
858 2137 893 2214 β,
917 2142 1005 2196 emnt
1026 2159 1087 2209 πα,
1105 2139 1155 2214 sp
1176 2139 1359 2219 aequalibus
1387 2141 1455 2214 (nt-

105 2233 178 2303 pote
202 2228 310 2300 rectis)
334 2226 452 2306 augulis
475 2247 561 2300 uno,
584 2226 664 2302 πσβ
688 2223 858 2298 subtensae,
884 2232 916 2286 et
938 2227 1050 2301 ασ,σβ
1073 2227 1225 2308 aequales,
1251 2236 1282 2290 ει
1303 2250 1349 2290 uo
1371 2247 1456 2290 com-

106 2315 214 2376 munis.
261 2315 342 2395 Ergo
369 2337 429 2391 πα,
453 2317 499 2394 πβ
533 2315 684 2395 aequales.
731 2313 773 2375 Et
802 2313 846 2373 sic
876 2312 1044 2375 Reioholdo
1072 2313 1218 2395 usurpata
1241 2318 1456 2402 demonstratio

107 2404 145 2465 de
170 2411 239 2466 tota
260 2429 299 2484 αγ
321 2415 352 2467 ει
376 2405 440 2486 ejus
462 2404 562 2466 medio
585 2411 694 2484 puncto
718 2404 747 2479 β,
773 2421 844 2463 vera
866 2410 968 2464 manet
991 2395 1028 2464 de
1050 2411 1159 2484 puncto
1180 2428 1200 2467 σ
1217 2418 1249 2468 ει
1262 2406 1384 2469 dimidia
1402 2410 1456 2485 αβ.
1565 2400 1569 2406 ’

196 2495 301 2556 Possit
323 2494 415 2575 igitur
437 2494 544 2574 aliquis
566 2495 714 2572 cogitare,
740 2509 807 2552 oum
830 2491 858 2551 in
883 2512 904 2552 a
926 2491 1073 2555 distantia
1094 2515 1145 2556 απ
1166 2495 1220 2566 liat
1243 2497 1378 2578 aequalis
1400 2497 1459 2576 ipsi

106 2583 153 2658 βπ
174 2583 417 2658 semidiametro,
442 2583 582 2662 angulum
606 2581 696 2643 etiam
719 2582 792 2657 βπα
815 2581 960 2660 majorem
983 2600 1050 2643 esse
1075 2582 1142 2663 ipso
1165 2581 1245 2661 βζα,
1271 2585 1365 2649 etsie
1388 2606 1456 2648 ma-

105 2673 220 2736 ximam
244 2673 452 2754 aequationem
475 2669 505 2733 in
528 2693 549 2733 rr
571 2671 757 2751 contingere:
784 2677 960 2749 argumento
982 2690 1064 2745 usus,
1089 2673 1167 2752 quod
1182 2682 1267 2736 recta
1288 2676 1338 2751 βα
1360 2674 1457 2755 ipsiu

107 2763 251 2825 directius
278 2762 437 2843 objiciatur
470 2780 559 2841 quam
587 2760 646 2840 ipsi
673 2756 697 2833 ζ.
753 2759 848 2841 Atqui
877 2777 979 2821 vemm
1003 2780 1060 2823 uon
1085 2770 1149 2837 est,
1181 2764 1259 2844 quod
1293 2772 1359 2827 erat
1385 2784 1457 2845 pro-

106 2852 248 2931 positum.
298 2852 377 2914 Nem
407 2860 518 2933 quanto
551 2848 698 2929 obliquius
726 2850 771 2926 βα
795 2848 918 2928 respicit
939 2845 971 2923 ζ,
1000 2857 1086 2911 tanto
1109 2851 1227 2931 longius
1251 2852 1384 2915 vicissim
1407 2855 1456 2917 di-

107 2950 172 3003 stat
195 2963 216 3002 a
238 2960 327 3021 quam
349 2937 375 3015 ζ,
398 2960 465 3003 cum
488 2960 535 3003 rro
557 2939 598 3004 ait
620 2937 735 3018 longior
758 2956 847 3017 quam
869 2933 928 3013 ζα,
953 2936 1049 3017 major
1071 2940 1150 3006 enim
1172 2944 1246 3019 πβσ
1269 2962 1359 3023 quam
1380 2939 1455 3021 ζβα,

107 3031 155 3091 cui
178 3025 220 3102 ζα
243 3030 441 3093 subtenditur.

198 3120 425 3182 Demonstravit
447 3118 538 3198 igitur
560 3122 641 3178 recte
664 3115 855 3177 Ptolemaeus
880 3121 912 3175 et
934 3133 973 3175 ex
995 3132 1029 3176 eo
1045 3114 1230 3178 Reioholdns
1249 3118 1279 3180 iu
1294 3119 1457 3195 Theoricis,

108 3208 270 3271 maximam
294 3210 500 3290 aequationem
526 3205 670 3279 (eccentri
694 3204 811 3283 quidem
840 3202 1007 3265 solitariam
1034 3223 1087 3265 sen
1102 3206 1259 3283 'opticam)
1282 3209 1465 3294 contingere*

107 3298 137 3360 iu
167 3296 193 3373 ζ.
247 3300 324 3361 Eam
354 3298 461 3360 tamen
484 3294 768 3358 demonstrationem
798 3292 828 3353 in
857 3292 954 3354 forma
977 3292 1037 3355 alia
1060 3292 1186 3355 faciliori
1211 3296 1259 3358 hic
1281 3314 1454 3377 proponam.

107 3386 158 3450 Sit
182 3390 298 3469 signnm
331 3388 533 3469 qualecunque
565 3402 655 3467 sopra
678 3378 709 3457 ζ,
733 3384 903 3462 utpotae,
934 3392 966 3442 ει
989 3383 1190 3463 qualecunque
1218 3384 1296 3446 infra
1317 3408 1336 3463 η
1354 3385 1454 3466 vell,

108 3485 212 3558 utpote
236 3504 261 3552 ι,
292 3485 324 3539 ει
345 3482 563 3539 connectantur
594 3491 661 3534 cnm
683 3490 720 3545 ας
751 3480 783 3531 ει
814 3471 896 3547 eud
924 3471 1186 3551 perpendiculares
1219 3475 1330 3536 cadant
1351 3474 1382 3537 iu
1403 3481 1456 3539 θα

107 3568 156 3629 vel
180 3591 214 3630 ια
238 3566 451 3639 continuatam,
475 3582 550 3645 quae
574 3562 635 3624 sint
657 3562 708 3637 βκ.
756 3559 836 3631 Quia
851 3558 955 3639 ¹igitur
984 3561 1128 3641 aequales
1156 3570 1226 3624 sunt
1248 3560 1319 3635 ιαζ
1337 3571 1368 3625 ει
1389 3567 1458 3642 βκα

107 3662 212 3737 utpote
236 3656 320 3732 recti,
346 3665 377 3719 et
400 3655 481 3734 κβα,
505 3652 572 3729 aad
589 3650 686 3729 juncti
710 3648 851 3730 aequales
876 3649 927 3712 uni
950 3657 1049 3726 recto,
1074 3650 1179 3712 eodem
1201 3652 1295 3732 igitur
1313 3658 1386 3716 tad
1407 3656 1457 3717 vel

107 3746 179 3822 tica
202 3747 240 3809 ab
270 3746 444 3827 aequalibus
473 3742 589 3816 ablato,
622 3739 826 3820 relinquentur
848 3733 934 3813 θαζ,
965 3739 1033 3815 allo
1065 3740 1217 3820 aequales.¹
1264 3742 1307 3803 Et
1328 3742 1455 3822 primum

108 3844 198 3917 atque
223 3855 315 3917 supra
336 3814 478 3917 punctum
500 3827 519 3904 ζ
538 3808 655 3892 ducitur
678 3828 779 3908 aliqua
800 3846 855 3907 per
878 3851 907 3900 c,
932 3835 966 3891 ut
982 3827 1049 3907 jam
1061 3832 1125 3903 oa,
1150 3850 1203 3893 seu
1225 3830 1392 3910 proximum
1414 3829 1457 3894 sit

107 3921 248 4005 ttipsi(
267 3945 321 4008 squ
343 3931 508 3995 remotum,
532 3918 620 3981 simul
644 3918 736 3980 etiam
760 3936 777 3979 a
801 3917 847 3993 βα
871 3916 1006 3977 declinat
1027 3917 1109 3980 illius
1131 3920 1389 3999 perpendicularis
1403 3923 1453 3998 βκ.

108 4014 210 4097 Major
232 4021 333 4077 autem
356 4020 404 4077 est
426 4014 470 4090 βα
494 4026 582 4091 quam
609 4007 671 4069 ulla
700 4005 990 4087 perpendicularium
1012 4007 1068 4082 βε,
1097 4026 1163 4070 cnm
1185 4010 1231 4086 βα
1258 4010 1455 4074 subtendatur

107 4106 175 4181 βκα
198 4112 298 4179 recto,
322 4104 364 4182 βκ
386 4121 457 4165 vero
492 4105 580 4169 acuto
604 4098 669 4176 βακ
692 4103 722 4157 ει
744 4094 860 4158 minori.
909 4092 983 4157 Cum
1011 4105 1111 4158 autem
1139 4093 1192 4175 βζ,
1225 4098 1288 4174 βθ,
1322 4102 1357 4177 βε
1392 4100 1455 4163 sint

110 4194 262 4274 aequales,
287 4200 319 4255 et
340 4187 418 4270 βαζ,
442 4190 520 4269 lind,
544 4188 601 4263 βκι
623 4184 716 4259 recti;
741 4184 890 4264 quadrant
912 4183 1002 4261 igitur
1025 4184 1202 4248 ineundam
1223 4187 1452 4260 semicirculum,

109 4284 193 4365 cujus
227 4283 372 4345 diameter
402 4287 450 4342 est
480 4274 615 4357 aequalis
647 4273 721 4354 ipsis
754 4267 807 4349 βζ,
839 4274 902 4349 βθ,
935 4273 980 4349 βι.
1026 4273 1135 4355 Itaque
1167 4277 1212 4353 βα
1239 4273 1289 4348 (ut
1319 4275 1451 4359 longior)

110 4372 255 4453 majorem
287 4366 555 4433 circumferentiam
586 4360 792 4441 hujuscemodi
807 4422 809 4429 ,
825 4360 952 4440 alicqjus
983 4362 1160 4425 semicirculi
1191 4363 1345 4430 subtendit
1366 4386 1456 4448 quam

113 4462 153 4538 lla
176 4468 230 4523 ant
253 4477 443 4542 quaecunque
473 4450 783 4536 perpendicularium3
816 4457 847 4510 et
869 4449 993 4528 proinde
1025 4452 1121 4530 major
1147 4452 1207 4513 erit
1233 4454 1298 4533 ejus
1326 4456 1454 4536 angulus

112 4550 131 4625 β
138 4545 181 4621 ζα
209 4568 299 4629 quam
321 4550 391 4626 dds
419 4553 472 4608 aut
502 4543 702 4624 cujuscunque
730 4538 833 4619 puncti
860 4537 985 4601 alterius
1013 4558 1105 4619 supra
1126 4535 1157 4616 ζ,
1184 4548 1288 4622 utpote
1311 4565 1333 4606 rr
1355 4544 1403 4605 vel
1425 4541 1453 4618 ξ,

115 4638 241 4719 angulus
263 4636 579 4718 prosthaphaereseos.
627 4626 714 4699 Quod
737 4634 803 4691 erat
825 4627 1099 4691 demonstrandum.

199 4724 287 4797 Quae
310 4727 365 4789 hoc
387 4724 486 4805 capite
518 4722 555 4783 de
578 4717 786 4798 computandis
809 4716 961 4781 distantiis
976 4714 1058 4779 Solis
1082 4724 1114 4780 et
1131 4716 1241 4781 Terrae
1264 4725 1334 4782 sunt
1355 4719 1451 4797 dicta,

112 4816 255 4879 valebunt
286 4815 376 4878 etiam
391 4813 427 4887 ,in
446 4811 562 4885 Marte,
592 4805 765 4889 quantisper
788 4805 844 4868 erit
865 4806 896 4868 ln
920 4806 1099 4887 suppositis,
1123 4808 1311 4889 planetarum
1333 4807 1449 4870 orbitas

113 4922 179 4967 esse
204 4904 330 4969 circulos
351 4904 510 4985 perfectos.
557 4896 623 4973 Quo
648 4895 724 4959 falso
748 4895 947 4976 deprehenso,
973 4894 1034 4958 alia
1054 4896 1212 4961 methodus
1235 4897 1372 4959 tradetur
1395 4916 1448 4959 eas

114 4992 316 5077 computandi.

693 5102 876 5117 m
