3517 5525
652 438 808 509 temne
827 387 950 507 tom·
1223 516 1225 521 ,
1410 440 1472 511 ret

118 618 205 671 flue
228 617 356 684 predones
378 618 464 677 credie
483 620 685 685 eppeopinquetio
704 619 736 670 ed
753 624 866 671 eentum
885 618 1017 671 eccentrIei
1036 623 1062 667 et
1079 618 1116 667 sio
1134 616 1240 684 segnius
1259 618 1292 671 ed
1309 618 1335 671 id
1352 627 1472 681 centrum.

117 705 194 756 quere
219 691 348 741 attendit
369 692 448 755 portio
473 692 563 749 orelier
588 693 694 756 denique
712 706 743 743 su
760 692 808 741 hcc
825 693 847 740 le
863 693 942 742 etiem
960 688 1080 755 sepulte,
1106 703 1178 755 quem
1197 690 1284 741 eedem
1302 694 1379 757 portio
1397 696 1472 745 orelie

118 762 250 812 rebteudit
266 762 300 813 ed
317 771 430 813 centrum
448 761 519 812 Solis.
556 759 587 823 t)
599 753 723 829 Ἀτεχνια
741 764 793 813 elie
808 763 968 829 inquirendus
986 760 1146 826 longitudinis
1163 762 1218 813 tite
1237 764 1327 822 ocelle,
1346 766 1391 815 sed
1408 778 1472 831 quse

119 835 288 899 metrice!
311 842 398 885 terueu
422 834 604 899 speculetiouse
622 834 686 883 elius
702 834 841 884 comitetur.
879 833 979 883 Dentur
997 834 1062 883 euim
1081 832 1130 882 duo
1148 833 1243 889 circuli.
1268 848 1398 901 eorumque
1424 837 1472 888 duo

4 912 16 935 ι
119 905 214 963 Μ..
234 905 340 955 fflm
360 904 551 964 mmmm,
570 906 676 955 neem
692 906 876 971 geometricum,
895 918 997 969 quornm
1015 904 1056 952 illo
1074 904 1153 965 molor
1170 905 1275 955 circulus
1288 906 1407 965 efficitur,
1424 908 1471 959 hoc

118 978 208 1027 nium.
246 976 350 1033 Duobus
366 978 443 1042 igitir
461 978 613 1043 ergumentie
630 977 721 1040 ellipsis
739 976 856 1040 probetur
870 974 981 1040 secutis
994 974 1075 1025 medio
1092 974 1254 1039 erithmetico
1269 978 1346 1029 sibero
1362 995 1471 1030 commu·

118 1050 182 1097 niori
195 1062 214 1098 e
222 1056 355 1099 mutrectu
366 1055 538 1106 omentorum,
550 1049 629 1099 eltsro
639 1049 790 1114 geometn'co
806 1046 889 1111 plene,
908 1061 955 1113 quo
969 1046 1149 1095 demonstretur
1168 1046 1258 1111 ellipsis
1271 1056 1337 1099 certo
1355 1064 1471 1115 superero

117 1121 201 1169 smnus
219 1120 338 1177 medium,
356 1120 431 1184 igiurr
444 1132 552 1185 sequere
564 1122 645 1183 mejus
656 1118 764 1169 medium
775 1118 910 1183 probabile.
936 1113 964 1178 5)
977 1116 1107 1167 Proceseus
1120 1131 1183 1165 unus
1194 1118 1331 1183 inquirendi
1344 1124 1470 1187 eequetio-

118 1203 180 1245 ια.
208 1192 252 1256 qui
269 1188 387 1257 negligit,
413 1204 477 1256 ques
501 1205 603 1241 numero
621 1188 646 1239 3.
666 1197 693 1239 et
710 1188 736 1238 t.
754 1196 814 1239 sunt
831 1188 914 1240 dictu:
931 1188 1031 1252 perinde
1050 1202 1081 1239 ec
1098 1188 1120 1237 si
1138 1189 1210 1238 utin
1227 1204 1324 1243 summe
1340 1196 1377 1244 sic
1402 1200 1428 1244 et
1445 1194 1472 1243 iri

120 1262 236 1327 pertibus
254 1276 282 1313 ee
294 1269 380 1312 mutuo
397 1268 565 1326 compensent.
603 1259 631 1324 0)
650 1262 841 1311 Demonstretur
858 1261 1015 1326 geometrice,
1040 1272 1090 1309 oon
1113 1260 1210 1309 esseio
1228 1263 1337 1325 pertibus
1356 1265 1472 1333 eequelee

119 1332 341 1396 mpnteeeonem
364 1334 466 1383 rleirsm
495 1347 526 1383 ex
547 1334 783 1397 appropinquatione
805 1347 872 1381 num.
893 1328 917 1381 3.
946 1338 972 1381 et
995 1331 1145 1381 conhsriem
1168 1330 1363 1385 decurtationem
1382 1336 1471 1401 ellipti·

119 1419 206 1470 corum
225 1418 327 1455 neruum
351 1420 420 1455 num.
438 1402 464 1453 t.
502 1402 531 1464 7)
549 1404 682 1455 Processus
699 1411 842 1455 recensetur
859 1404 981 1469 genuinus
998 1401 1070 1463 buius
1096 1402 1184 1465 cepitis
1202 1403 1374 1457 demonstretis
1393 1408 1471 1457 omni·

119 1476 167 1525 hus
184 1483 383 1526 comentensus:
402 1482 429 1525 et
445 1477 606 1541 uquedonss
618 1471 683 1525 ¹hine
699 1477 816 1525 inventes
835 1474 918 1525 edhuc
936 1474 1023 1525 erroris
1041 1479 1184 1541 arguuntur.
1253 1480 1256 1487 ’

165 1612 169 1619 ,
191 1571 196 1581 “
212 1563 234 1615 0
239 1578 285 1629 ep.
297 1562 392 1614 XIIX.
430 1560 457 1624 1)
479 1562 612 1615 Methodur
629 1564 739 1628 superior
756 1562 893 1613 ostenditur
909 1561 1053 1627 principium
1070 1566 1154 1625 petere
1172 1568 1198 1613 et
1216 1554 1302 1614 conte
1318 1564 1344 1615 id
1357 1580 1470 1629 pectere,

114 1635 187 1700 ‘quod
213 1643 271 1687 eret
293 1636 342 1699 ipsi
365 1635 523 1699 propositum.
540 1674 543 1680 .
560 1632 589 1697 2)
615 1634 697 1684 Missis
723 1634 799 1699 igitur
821 1649 871 1683 nou
889 1640 987 1683 tntum
1006 1632 1070 1683 ereis
1088 1634 1176 1697 cepitis
1198 1634 1288 1685 XLVI.
1306 1634 1408 1693 XLVII.
1426 1638 1471 1689 red

120 1709 201 1757 etiem
220 1706 331 1757 orelibus
347 1707 549 1757 cueumIesenflis
567 1706 655 1772 espiu’s
673 1704 789 1761 XLVIII.
808 1706 841 1755 nd
860 1718 950 1755 censes
968 1704 1068 1760 reditur.
1087 1705 1175 1767 quibus
1186 1706 1269 1757 ontio
1287 1706 1400 1758 efficitur.
1437 1708 1472 1759 Et

120 1780 180 1843 quie
198 1778 323 1829 hectenus
341 1778 465 1842 epioycIus
482 1780 509 1827 in
526 1779 691 1830 eecentrIcurn
709 1784 765 1826 met
781 1778 958 1840 uuuspoeitne.
986 1776 1028 1825 nbi
1052 1774 1245 1829 couiundebetur
1262 1774 1337 1829 vens
1354 1780 1471 1844 plunstee

118 1843 224 1913 proprie
239 1864 297 1901 sum
314 1850 403 1900 sirtuts
420 1864 452 1900 eu
469 1848 541 1909 Scis,
559 1851 689 1901 resumitur
706 1849 781 1913 igitur
798 1848 922 1912 epicyclus
940 1862 996 1899 cum
1015 1850 1171 1899 concentrlco
1181 1854 1207 1899 et
1215 1849 1371 1913 applicentur
1379 1861 1471 1903 ceusee

119 1921 242 1985 physices
273 1935 303 1971 ex
333 1934 389 1986 cep.
412 1919 491 1971 XLV.
522 1928 551 1971 ut
572 1921 761 1973 fundementum
787 1918 924 1985 inquirendi
951 1920 1111 1985 aequetionce
1137 1919 1186 1970 hec
1212 1922 1253 1970 rie
1279 1929 1347 1971 recte
1369 1922 1470 1973 hebeti.

119 1991 151 2053 3)
175 1992 313 2043 hicthodus
339 1992 395 2057 ipse
421 1998 617 2043 comtmcterum
640 1992 817 2057 -eequutionnm
843 1995 985 2040 recensetur
1010 1995 1035 2039 et
1062 1992 1221 2055 eequetienes
1248 1993 1358 2055 ejusdem
1385 1996 1471 2044 erroris

119 2072 261 2129 muretus
290 2065 323 2114 eb
350 2064 515 2131 experientis,
539 2066 581 2129 qui
607 2076 683 2128 cupre
708 2063 755 2111 luit
776 2076 832 2125 sep.
858 2060 961 2111 XLVII.
1004 2059 1035 2122 4)
1058 2060 1191 2112 Diiuuntur
1218 2063 1294 2128 igitur
1321 2066 1471 2135 suspiciones

119 2138 210 2185 mne
226 2137 254 2185 iu
272 2134 384 2193 cuculo,
408 2150 473 2201 quse
490 2150 566 2200 eupre
582 2148 638 2201 cep.
658 2132 759 2183 XLVII
783 2132 958 2191 uescebantur,
977 2138 1004 2183 et
1021 2131 1181 2193 concluditm,
1202 2148 1308 2198 pectere
1325 2136 1471 2201 hypothesin

157 2328 164 2331 .
211 2278 283 2343 Cep.
302 2278 333 2329 1.
358 2278 443 2329 Hebet
459 2284 565 2329 coneus
575 2292 627 2342 rer,
643 2292 688 2343 per
704 2276 839 2344 dntpntiu
856 2276 923 2339 ipses
940 2274 1079 2340 inquirendi
1091 2276 1270 2341 musonem,
1284 2278 1362 2347 idest
1377 2293 1473 2331 morsm

118 2349 242 2415 plenetee
258 2350 285 2401 in
303 2356 372 2401 certo
390 2363 451 2403 ertu
468 2350 616 2415 ecoeutrici,
642 2355 773 2413 usurpetur
794 2349 935 2415 priusquem
953 2348 1041 2397 scirem
1058 2348 1084 2397 in
1102 2348 1176 2411 pleno
1194 2349 1275 2399 Inesse
1290 2362 1414 2401 ‘mmm
1433 2353 1469 2401 di-

118 2422 279 2471 stentierum.
316 2422 416 2471 Etenim
440 2436 523 2472 morse
547 2436 577 2473 er
602 2420 725 2471 dhnntis
742 2434 797 2471 esse
815 2418 978 2469 demendae
997 2420 1160 2469 certieshnum
1178 2426 1217 2471 est
1234 2435 1265 2471 ex
1283 2434 1338 2486 oep.
1357 2422 1471 2473 XXXIII.

118 2488 156 2543 ht
171 2507 231 2543 cum
248 2499 300 2545 tres
316 2494 369 2543 sint
385 2492 543 2544 nemetim
561 2506 625 2551 une,
643 2506 709 2558 queo
726 2492 841 2555 temporis
859 2496 899 2541 eet
915 2503 1044 2549 mensuret
1063 2491 1186 2549 secunde,
1209 2505 1273 2557 quse
1291 2504 1363 2543 ersus
1381 2508 1471 2545 eccen-

119 2566 192 2623 trici;
211 2566 303 2627 tertis,
328 2579 392 2630 quee
416 2564 509 2631 eupuli.
528 2578 602 2628 quem
619 2563 746 2615 subtendit
762 2563 804 2613 ille
822 2576 895 2612 ersus
914 2562 946 2612 sd
964 2560 1057 2613 Solem:
1077 2563 1184 2613 omnium
1201 2564 1275 2613 tium
1293 2566 1472 2617 tuomuIIerum
1501 2586 1502 2591 ¹

120 2636 234 2700 pertibus
254 2632 307 2684 3110
334 2635 478 2701 sequelibue
501 2635 605 2703 singulis
626 2634 736 2701 singulte
754 2634 812 2685 dedi
829 2633 969 2705 distentus.
1013 2633 1068 2683 Hoc
1093 2634 1177 2699 iteque
1207 2636 1306 2686 nomine
1328 2636 1416 2701 triplex
1435 2644 1473 2688 eet

121 2709 193 2758 tecte
210 2706 376 2759 mudderetio
394 2707 577 2758 diemtierum.
605 2706 648 2759 Sic
666 2722 722 2759 cum
738 2720 771 2757 ex
788 2706 876 2758 eodem
894 2719 950 2772 cep.
967 2704 1080 2755 XXXIII.
1099 2711 1196 2770 petest,
1214 2706 1262 2757 iter
1278 2706 1395 2773 planetes
1406 2710 1471 2759 diur-

118 2795 182 2832 sum
206 2780 233 2829 iu
256 2779 355 2844 ephelio
373 2780 406 2831 ed
423 2779 536 2830 diorum
553 2778 681 2844 periboli,
709 2792 831 2843 epperens
856 2792 888 2828 ee
905 2782 989 2828 cenho
1007 2779 1080 2843 quusi
1096 2776 1176 2836 Solle,
1204 2793 1258 2830 esee
1275 2781 1301 2830 in
1318 2783 1472 2846 proportione
1547 2782 1548 2790 ’

122 2851 201 2916 duple
220 2865 340 2906 converse
358 2853 503 2916 eluentes
521 2858 560 2902 est
577 2853 642 2903 inter
659 2850 792 2901 mentes
809 2850 927 2914 planetee
946 2849 1027 2899 eSele
1048 2848 1170 2913 spheliem
1188 2857 1217 2898 et.
1231 2849 1392 2914 periheliem:
1411 2866 1472 2918 que-

120 2923 192 2973 dreri
210 2924 288 2988 igitur
305 2938 390 2974 omnes
408 2924 541 2974 mlius
558 2930 586 2973 et
602 2923 674 2972 ‹lislei
692 2937 735 2986 per
752 2922 901 2971 mediocrem
921 2917 1033 2979 100000,
1052 2927 1081 2970 ut
1098 2921 1163 2985 quod
1179 2923 1261 2986 prodit
1269 2922 1295 2972 id
1304 2931 1473 2988 comparatum

121 2993 155 3044 ed
172 2995 324 3044 mediocrem
343 2991 449 3044 100000
466 3001 666 3059 represseuteret
682 2993 752 3043 illem
769 2994 891 3042 sotionem
909 2991 1022 3056 duplam.
1041 3005 1105 3056 queo
1123 3000 1213 3059 regnet
1229 2995 1294 3044 inter
1312 2994 1411 3046 diurnos
1429 3010 1473 3060 cp-

120 3073 242 3130 petentes
259 3081 291 3116 ex
309 3072 394 3116 eentm
412 3065 485 3116 Sciit.
522 3066 609 3117 Tribus
627 3066 703 3131 igitur
721 3065 895 3114 domomum
913 3064 1044 3129 generibus
1057 3063 1160 3114 totidem
1176 3068 1406 3130 generetertierum
1418 3081 1472 3131 pro-

120 3136 299 3200 portiouelium
322 3145 493 3195 eccessemnt3
517 3139 604 3203 quibus
628 3137 767 3200 perquisitis
785 3136 883 3198 epereri
901 3135 963 3185 nihil
981 3149 998 3185 s
1015 3149 1054 3184 ms
1072 3136 1272 3198 prsetermiseum
1289 3138 1335 3195 iri,
1360 3139 1427 3203 quod
1444 3138 1476 3188 ed

120 3206 241 3258 effecum
267 3221 399 3260 ceuserum
415 3208 566 3260 ueturellmn
584 3206 661 3275 (quse
678 3221 723 3270 per
740 3207 873 3258 dhteutus
890 3206 981 3256 docent
999 3206 1122 3271 inquirere
1134 3206 1215 3256 locum
1228 3207 1347 3272 plun'etee
1359 3211 1481 3260 eccentri·⁴

121 3279 191 3343 mm)
206 3282 359 3343 pertineret:
377 3287 407 3330 ut
422 3283 462 3332 ite
479 3294 523 3331 sex
539 3280 628 3330 herem
645 3278 720 3329 modi.
1261 3327 1263 3334 ,
1421 3339 1425 3348 Ι

211 3350 243 3402 In
266 3354 346 3415 primo
370 3359 397 3403 et
414 3352 537 3407 nmio.
556 3355 598 3417 qui
614 3351 691 3402 hebet
717 3349 851 3400 distentet
870 3346 1010 3399 enomeliee
1030 3349 1139 3398 eccentri
1155 3360 1201 3400 eeu
1218 3349 1350 3412 mcuudee,
1370 3353 1479 3402 occurrit

125 3422 222 3488 elipuid
240 3424 418 3488 geometricum
435 3423 632 3475 consideratione
650 3422 760 3486 dignum.
798 3419 902 3472 Summe
919 3420 985 3469 enim
1004 3413 1056 3468 360
1073 3419 1194 3470 lineorum
1211 3422 1340 3472 tertierm
1357 3425 1476 3489 effluent

122 3503 246 3544 euurmem
265 3491 318 3542 300
337 3495 526 3546 rediorum'eeu
540 3497 674 3560 primorum
691 3493 823 3543 litterum.
859 3491 889 3541 ld
906 3492 1048 3558 proponitur
1066 3494 1197 3556 gsomehis
1215 3491 1441 3545 demonstrsndum.

209 3565 348 3617 Preetem
368 3567 495 3616 modorum
516 3565 602 3616 horum
619 3580 663 3616 sex
680 3566 832 3628 comperetIo
856 3562 921 3615 heec
945 3569 991 3612 eet.
1028 3561 1095 3630 Nem
1118 3563 1166 3614 duo
1191 3561 1304 3630 (quemue
1323 3572 1349 3614 et
1366 3563 1477 3630 quintus)

121 3651 176 3688 reru
193 3637 290 3688 ducunt
306 3639 333 3687 iu
352 3638 483 3688 absurdum
501 3645 528 3688 et
546 3637 674 3701 duplicent
690 3650 784 3687 encres
802 3637 986 3700 secudum.
1025 3633 1210 3696 Quemne-vero
1228 3636 1314 3700 reliqui
1333 3635 1491 3687 coincidunt'

123 3723 182 3758 eum
198 3708 280 3758 modis
297 3711 408 3772 cepitum
425 3710 684 3773 praecedentium„ex
701 3708 789 3772 quibus
806 3707 855 3758 duo
874 3703 1008 3768 (secundus
1027 3712 1053 3757 et
1070 3704 1168 3769 tertiue)
1185 3714 1281 3771 ponunt
1297 3710 1345 3758 iter
1356 3708 1475 3772 plsuecee

120 3793 176 3830 esee
195 3780 329 3842 clreulum,
354 3780 403 3832 duo
420 3795 478 3831 rere
496 3777 600 3846 (primus
617 3783 645 3830 'et
660 3777 757 3841 sextus)
774 3778 928 3830 tranferunt
946 3777 1080 3826 dIsimties
1101 3784 1127 3828 et
1145 3779 1214 3830 orele
1232 3781 1279 3828 lter
1297 3786 1426 3843 praestent
1445 3795 1475 3830 ex

120 3852 254 3901 meentie.
268 3853 360 3916 cepitis
377 3851 456 3902 XLV.
492 3851 526 3902 Et
542 3858 663 3918 quencnm
680 3851 717 3902 ilii
734 3864 837 3902 excessu
853 3855 952 3900 tentum
970 3849 996 3899 hi
1014 3853 1121 3912 peccent
1139 3849 1237 3902 deiectu
1256 3851 1398 3918 hebenoque
1412 3853 1474 3902 reri-
1512 3853 1513 3860 ’

122 3929 202 3972 tetem
220 3924 247 3972 in
265 3922 354 3973 medlo.
1323 3949 1324 3952 =
1367 3947 1369 3956 v

209 4009 283 4076 Cep.
300 4011 344 4062 LI.
380 4010 549 4077 Deprehsese
569 4013 729 4077 sequemet
747 4011 850 4062 vitiosus
866 4009 920 4059 fieri
937 4022 982 4074 per
999 4001 1096 4078 orclem
1114 4011 1203 4076 cepitis
1219 4009 1302 4070 XLV,
1325 4012 1379 4074 jem
1397 4013 1474 4063 etiem

121 4082 823 4148 eeplontus,snesdemeteircedisteutieepecoet
1373 4089 1399 4146 ,¹

210 4154 292 4220 Igitur
314 4155 364 4205 hoe
388 4157 474 4219 capite
492 4161 651 4221 momentu
666 4156 745 4218 primo
762 4152 960 4210 obseratione,
986 4151 1475 4218 ιοοιιιιᾱο(1111111111111111111·’1“ειἠι

119 4225 206 4291 pueles
232 4231 292 4276 sunt
318 4228 455 4278 cetiuime
473 4227 657 4278 demonstrate
674 4232 746 4290 perte
763 4226 852 4281 sordet
877 4230 1009 4288 prseteree
1031 4224 1093 4274 ethii
1110 4227 1209 4288 ponitur
1225 4223 1353 4291 seu'int'er
1371 4225 1471 4276 demon·

120 4299 248 4357 Μοτύη
265 4300 389 4363 pincipis
406 4300 547 4350 munitur.
584 4299 622 4350 lix
638 4297 678 4348 hit
696 4297 772 4363 Igitur
790 4296 990 4346 demonstrentur
1008 4295 1145 4346 distentiee
1159 4295 1247 4346 Mortis
1267 4294 1353 4346 e'Sole
1362 4299 1388 4347 in
1397 4300 1472 4363 pluri·

119 4370 166 4418 mle
192 4369 256 4420 locis
284 4369 419 4421 ecoenirlci
448 4385 492 4435 per
517 4364 605 4421 totum
624 4369 761 4420 ambitum:
785 4373 812 4417 et
837 4366 937 4431 quidem
962 4367 988 4416 iu
1006 4367 1066 4418 locis
1083 4369 1121 4417 itu
1138 4369 1253 4427 selectis,
1272 4376 1301 4418 ut
1317 4371 1417 4436 singnis
1443 4384 1473 4420 er

119 4441 225 4507 s'mgdie
245 4442 408 4493 amichcnlie
430 4442 583 4494 ammte
600 4447 628 4492 et
644 4440 810 4492 descendente
829 4438 967 4503 usqueliter
993 4447 1164 4490 removerentur
1182 4453 1200 4490 e
1216 4440 1270 4490 loco
1289 4440 1380 4504 aphelii
1398 4455 1484 4505 euprev

120 4525 171 4562 en
193 4527 247 4565 une
269 4515 441 4568 sieinmto.
478 4511 552 4566 Unde
577 4513 749 4578 comprobetur
773 4509 897 4575 sphetim
923 4515 949 4560 et
974 4511 1047 4560 simul
1071 4510 1211 4576 exploretur
1228 4511 1295 4574 tides,
1308 4505 1471 4577 hypotheseos

207 4655 285 4722 Cep.
304 4655 360 4708 LII.
396 4655 434 4707 Ex
458 4655 634 4708 dnouemtis
659 4655 749 4719 cepitis
766 4655 853 4719 prioris
871 4653 1053 4704 demonstretur
1070 4667 1155 4718 portu,
1178 4660 1264 4719 putes
1280 4653 1418 4719 sequeliter
1435 4655 1468 4704 sh

121 4727 221 4780 heuto
237 4727 337 4794 ephslie
354 4733 473 4788 remotes,
500 4728 624 4779 dimise
642 4727 779 4790 uquehus
797 4739 814 4776 e
831 4724 904 4784 eote,
928 4725 1021 4776 dietsre
1039 4725 1204 4791 insequeliter
1221 4741 1237 4778 e
1254 4737 1398 4792 quocunqne
1417 4727 1468 4775 elio

121 4807 214 4866 puncto
231 4806 304 4852 extre
319 4798 412 4850 lineum
429 4813 474 4865 per
490 4798 573 4850 Mem
590 4804 617 4850 et
634 4797 773 4863 epheiimn:
791 4811 850 4863 ergo
871 4797 966 4847 lineum
991 4797 1104 4862 epeidum
1121 4796 1210 4862 hiereis
1228 4813 1272 4864 per
1289 4799 1369 4860 ipsum
1382 4809 1468 4860 corpus

125 4869 190 4922 belis
206 4874 323 4930 emus,
342 4883 398 4921 cmn
416 4873 570 4922 ecoeufficue
585 4868 676 4921 Ilurtie
695 4870 728 4920 eb
739 4869 852 4919 omuibus
870 4869 926 4920 eliis
939 4869 1011 4920 lineis
1024 4868 1129 4919 absurde
1138 4871 1238 4920 scilicet
1249 4871 1275 4918 in
1287 4869 1334 4917 duo'
1348 4869 1468 4932 ineque·

120 4941 157 4993 irs
171 4944 297 4996 dividetur
313 4948 453 5009 sugerente.
484 4942 592 4993 AddItur
604 4943 803 5007 preeoscupetic.
820 4943 843 4989 ei
859 4943 914 5006 quis
932 4941 1001 4991 illurn
1013 4943 1178 4992 moeoticum
1188 4955 1260 5004 snper
1272 4934 1468 5003 sllud'punctum

120 5014 194 5067 vellet
210 5014 360 5074 edidicere,
386 5015 424 5066 sic
445 5021 475 5066 ut
496 5016 529 5065 eb
543 5014 599 5066 elie
615 5016 637 5064 ie
654 5013 737 5072 lines,
763 5027 838 5078 quem
855 5025 920 5078 quse
938 5027 981 5077 per
1000 5011 1081 5064 Solem
1099 5015 1202 5073 emit,
1224 5015 1254 5062 ‘in
1279 5005 1327 5066 duc
1352 5012 1468 5078 emuniit
