3517 5525
593 405 735 485 ¹nnana
761 398 942 461 isra-isan.
1160 438 1167 455 .
1379 400 1441 471 631

1362 512 1374 541 0

196 587 340 653 Apparet,
368 588 484 652 quatuor
513 581 681 652 integrorum
708 584 843 655 graduum
868 581 1068 637 retroductione
1095 583 1157 637 nodi
1186 600 1234 637 nos
1264 583 1312 638 vix
1335 586 1445 655 assequi

104 662 211 732 justam
231 664 407 726 durationem,
429 669 520 717 stante
539 662 593 715 hac
613 663 743 715 diametro
757 664 879 716 umbrae.
910 662 948 715 Et
968 668 1032 715 tunc
1052 679 1128 717 mora
1147 653 1226 717 fiere't
1245 664 1331 718 minor
1351 667 1445 733 qbser·

109 750 185 797 rata.
226 745 301 813 Ergo
323 743 380 805 hic,
409 743 471 813 quia
491 742 633 797 lunatione
653 742 715 795 nodi
735 759 790 795 non
810 759 953 811 possumus
970 741 1076 809 juvari,
1100 744 1226 814 arguitur
1246 744 1445 799 semidiameter

107 826 223 878 umbrae
243 824 333 878 nimia.
373 822 456 893 Atqui
478 840 538 875 eam
558 822 698 875 nonlicet
724 822 801 874 nobis
825 828 932 875 mutare
957 838 1007 891 per
1035 823 1104 875 alias
1132 824 1262 892 eclipses,
1291 832 1335 879 est
1359 826 1444 879 etiam

109 906 235 959 revincta
253 902 527 956 demonstrationibus
548 901 720 972 geometricis
742 902 971 970 aparailaxibus
988 908 1017 953 et
1037 902 1240 957 semidiametris
1261 904 1443 961 luminarium.

107 979 324 1054 Explorebimus
344 992 444 1046 tomen,
466 990 596 1052 quantum
616 988 736 1035 mutetur
757 988 850 1035 stante
871 982 924 1034 hac
944 980 1089 1034 latitudine
1110 982 1217 1039 calculi.

276 1108 279 1113 -
635 1074 692 1124 Lat.
729 1071 754 1122 θ’
773 1070 826 1123 32”
843 1076 920 1124 Antii.
939 1072 981 1123 00.
992 1072 1043 1122 053

353 1149 479 1216 Ponuntur
496 1162 543 1197 ner.
562 1147 615 1197 dur.
634 1147 691 1195 dim.
710 1142 752 1193 00.
790 1144 807 1195 4
859 1169 895 1179 -
941 1145 982 1195 15.
993 1142 1044 1193 267

377 1236 461 1285 rmus
478 1248 573 1285 sumne
590 1216 752 1285 seminato.
774 1232 806 1283 ro
860 1258 895 1267 -
942 1232 1045 1286 rasso

437 1306 487 1357 Sed
505 1313 543 1356 est
558 1306 643 1355 semid.
663 1298 829 1381 3³2⁵]-

395 1379 466 1463 'Erqo
484 1394 569 1444 tamid.
588 1390 879 1469 umbraefflb-eum
899 1391 1007 1443 esiodus
1025 1392 1068 1443 det
1084 1396 1209 1455 majorem.

456 1484 502 1543 *Et
519 1482 570 1531 diff.
589 1479 692 1532 semidd.
712 1479 754 1530 28.
775 1479 807 1529 20
861 1508 896 1518 -
941 1479 1046 1531 01191
1135 1518 1138 1523 .

383 1573 448 1638 Ergo
465 1586 512 1622 eor.
531 1584 615 1619 morae
633 1569 691 1621 dim.
711 1568 753 1618 28.
772 1566 806 1618 ³3
860 1596 894 1605 -
927 1550 1099 1619 bsts'd'-
1118 1564 1205 1619 71270

573 1641 692 1690 flotarius
711 1637 760 1703 33„
790 1638 807 1688 4
1117 1638 1204 1690 59580

500 1728 572 1778 More
590 1728 693 1777 dimidie
711 1726 753 1776 51.
772 1725 805 1778 ts
1086 1710 1222 1781 W

531 1800 604 1862 paulo
622 1801 713 1855 minor,
733 1813 806 1863 quam
824 1799 869 1848 dat
886 1800 1030 1849 observatio.
1089 1829 1092 1840 ·
1210 1795 1214 1807 '

201 1895 247 1949 lta
265 1891 444 1945 conciliantur
465 1906 545 1960 quam
565 1890 688 1959 proxime
709 1890 864 1943 observatio
885 1889 1035 1944 durationis
1054 1907 1113 1945 cum
1134 1892 1324 1947 observatione
1345 1910 1447 1949 morae.

112 1978 189 2047 Ergo
211 1974 254 2028 hic
274 1973 350 2025 valet
370 1970 510 2025 diminutio
528 1970 641 2023 umbrae
661 1969 761 2038 optica,
784 1986 864 2039 quam
877 1970 1036 2023 nullatenus
1051 1970 1170 2025 admittit
1183 1974 1342 2043 geqmetria.
1372 1976 1450 2027 Adde

112 2072 211 2124 nempe
232 2055 267 2107 ad
287 2049 336 2105 Μ’
359 2047 415 2108 15”
435 2050 475 2104 sic
494 2048 613 2103 elicitam
632 2048 725 2103 semid.
746 2044 779 2107 Θ
802 2044 849 2104 15’
871 2046 937 2113 33”,
966 2066 1036 2120 quae
1056 2058 1131 2103 certo
1152 2069 1205 2104 non
1226 2054 1361 2117 esmalia,
1387 2072 1450 2108 con·

112 2136 193 2190 dabis
215 2129 262 2187 59‘
284 2126 355 2195 48⁴¹,
382 2146 452 2202 quae
479 2129 599 2183 debebat
618 2144 679 2181 esse
700 2144 804 2183 summa
827 2129 1014 2198 paraliaxium
1036 2124 1068 2188 Θ
1091 2136 1119 2183 et
1140 2122 1180 2193 J),
1209 2148 1268 2189 oum
1296 2141 1389 2187 tamen
1414 2135 1451 2189 sit

114 2221 190 2268 certo
211 2212 325 2275 certius,
353 2210 512 2280 paralluxin
536 2208 619 2261 solius
642 2199 667 2268 D
693 2208 738 2260 hio
759 2225 819 2261 esse
840 2205 889 2263 62‘
910 2204 1024 2264 circiter.
1065 2210 1117 2263 Est
1137 2211 1221 2282 igitur
1241 2217 1271 2265 et
1290 2211 1342 2265 hoc
1363 2212 1451 2284 aeque

114 2301 227 2357 certum,
249 2291 475 2346 semidiametrum
496 2289 608 2341 umbrae
628 2288 811 2359 geometricae
832 2306 893 2343 esse
913 2288 1051 2358 majorem,
1075 2306 1153 2359 quam
1176 2296 1281 2361 quanta
1301 2281 1392 2361 prodit
1412 2311 1449 2348 ex

114 2373 320 2433 observatione3
351 2371 415 2441 quia
441 2368 563 2423 nimirum
586 2369 682 2421 umbra
708 2369 743 2419 ob
770 2384 869 2439 causas
896 2368 1025 2439 physices
1051 2376 1080 2422 et
1108 2371 1213 2439 opticus
1233 2371 1286 2449 hac
1307 2372 1366 2427 vioe
1387 2358 1451 2427 con-

114 2454 229 2511 tractior
248 2453 308 2507 fuit.

301 2549 399 2657 xuvi
427 2599 545 2668 Eelipsis
563 2598 659 2651 Lunae
680 2590 857 2653 mn01625.
880 2592 972 2656 13123.
993 2598 1087 2653 Martii
1106 2606 1185 2652 nocte
1207 2616 1264 2671 seq.
1329 2604 1341 2627 '

204 2743 308 2802 Nubila
328 2743 434 2814 quidem
454 2741 545 2806 nulls,
567 2743 614 2795 sed
636 2749 709 2797 totus
730 2744 780 2796 aer
800 2742 869 2795 adeo
890 2756 998 2794 crassus
1019 2746 1093 2804 erat,
1115 2747 1146 2795 ut
1165 2742 1274 2812 Jupiter
1293 2744 1378 2799 rideri
1399 2763 1454 2800 non

115 2835 225 2901 posset,
251 2824 373 2896 quamvis
393 2825 488 2878 Lunae
509 2823 612 2875 vicinus
632 2829 722 2875 staret
740 2822 811 2875 hora
830 2821 918 2890 prima
938 2827 1001 2890 post
1021 2822 1134 2876 mediam
1154 2831 1268 2880 noctem.
1310 2825 1376 2879 Cum
1392 2826 1453 2894 jam

117 2927 136 2963 a
156 2905 263 2962 dimidio
283 2905 367 2958 horae
388 2905 541 2974 quadrante
561 2902 621 2955 visa
641 2909 716 2954 esset
734 2902 841 2971 pallere
862 2902 896 2953 ad
915 2899 1052 2954 sinistram
1073 2901 1152 2964 infra,
1174 2909 1206 2956 ut
1225 2903 1297 2956 solet
1317 2911 1381 2957 ante
1402 2907 1453 2959 ini·

117 2990 199 3051 tium,
225 2985 308 3039 eciam
328 3001 387 3037 cum
408 2996 478 3052 pura
498 2988 541 3035 est
561 2997 643 3045 aura,
667 2980 837 3048 jentamen
858 2981 973 3033 discerni
993 2998 1046 3033 nou
1073 2982 1179 3050 potuit,
1208 2991 1317 3035 essetne
1337 2984 1451 3047 initium.

117 3072 187 3124 adeo
208 3067 313 3120 coelum
334 3070 396 3117 erat
414 3062 550 3115 turbidum
570 3067 600 3114 et
619 3062 696 3130 quasi
720 3061 893 3122 nebulosam,
919 3059 958 3112 sic
981 3067 1013 3113 ut
1037 3061 1172 3128 paulatim
1193 3069 1368 3117 enumeretur
1387 3062 1453 3120 halo

117 3150 191 3204 circa
209 3147 330 3206 Lunam;
351 3143 495 3196 videbatur
514 3141 566 3194 iiia
585 3140 671 3198 veluti
690 3157 741 3210 per
760 3156 860 3210 aquam
880 3139 972 3193 dilutis
995 3139 1172 3209 marginibus.

206 3227 273 3280 Post
293 3225 469 3294 quadrantem
490 3223 525 3275 ad
545 3221 682 3274 sinistram
703 3220 774 3273 infra
794 3219 884 3288 pallor
903 3217 1010 3289 'quidem
1031 3227 1103 3282 erat,
1126 3221 1267 3274 obscurum
1289 3227 1395 3285 tamen,
1417 3241 1455 3276 ex

117 3306 308 3364 debilitatione
330 3320 422 3356 snex
449 3301 539 3371 aliquo
567 3301 675 3357 defectu
700 3315 765 3353 orae
788 3300 931 3353 rotundae.
972 3299 1040 3354 Post
1066 3298 1149 3352 aliurn
1179 3295 1360 3370 quadrantem
1382 3301 1456 3356 infra

117 3403 265 3459 parumper
285 3386 320 3437 ad
341 3383 478 3436 sinistrant
498 3387 560 3435 erat
578 3381 669 3449 pallor
688 3380 736 3444 rin
757 3380 957 3450 agnoscendus,
985 3385 1097 3448 aspectu
1111 3379 1212 3433 ›Lunae
1236 3380 1323 3452 magis
1351 3383 1455 3453 magis·

118 3485 172 3539 qne
193 3466 313 3520 confuso.
353 3464 421 3515 Post
441 3470 496 3515 tres
516 3463 681 3531 quadrantes
702 3459 793 3528 pallor
813 3460 870 3512 fere
891 3459 975 3524 inira,
997 3460 1118 3512 defectus
1140 3461 1274 3524 incertus,
1303 3477 1354 3513 uec
1374 3461 1455 3515 facile

118 3548 182 3619 quis
201 3544 303 3615 aliquid
324 3543 515 3605 desiderasset,
537 3541 587 3594 nisi
609 3542 641 3593 de
662 3539 770 3592 deiectu
790 3539 865 3608 prius
887 3539 1045 3594 admonitus.
1079 3539 1146 3593 Post
1169 3537 1222 3602 10¹,
1246 3541 1366 3610 quamvis
1386 3541 1456 3594 nihil

118 3627 187 3682 certi
208 3628 241 3678 de
261 3623 378 3684 deiectu,
399 3628 489 3675 tamen
511 3619 613 3690 siquis
634 3618 793 3688 diligentius
814 3619 953 3682 lustraret,
975 3611 1067 3689 p‘ailor
1081 3625 1141 3672 eret
1159 3620 1237 3690 quasi
1257 3621 1285 3673 in
1306 3621 1367 3675 imo.
1398 3621 1455 3675 Ita-

118 3725 172 3778 que
192 3707 220 3760 b.
242 3701 267 3760 1.
290 3698 337 3758 55‘
358 3701 473 3756 mediu'm
493 3699 603 3760 suisset.
630 3690 917 3769 0010011101106,
944 3705 974 3751 01
995 3699 1031 3751 sit
1051 3689 1077 3758 )
1099 3699 1127 3751 in
1147 3699 1339 3770 Nonagesimo.
1381 3702 1455 3762 Qua-

117 3790 215 3840 drante
236 3791 298 3854 post
318 3782 344 3835 h.
367 3778 396 3837 2.
420 3781 508 3835 adhuc
536 3778 602 3832 nihil
630 3779 705 3831 aliud
721 3776 840 3846 judicari
866 3778 974 3848 potuit,
1006 3795 1086 3848 quam
1112 3781 1181 3848 quod
1205 3780 1297 3849 pallor
1318 3781 1355 3834 sit
1374 3781 1455 3834 inira.

116 3868 188 3920 Post
208 3861 226 3920 2
248 3865 414 3936 quadrantes
434 3861 511 3914 ultra
530 3855 557 3914 2.
576 3858 625 3912 rix
646 3863 792 3928 conspecta
811 3857 897 3923 Luna,
920 3863 969 3912 adr
988 3858 1122 3929 paulatim
1143 3860 1169 3911 in
1191 3861 1298 3913 nubem.

243 3975 309 4025 Calc.
330 3973 406 4036 Tyeh.
425 3974 464 4024 oni
482 3986 535 4037 aeq.
554 3978 629 4035 temp.
649 3969 673 4018 i'
694 3968 746 4018 12¹⁴
764 3969 828 4019 subt
847 3971 879 4019 ab
898 3982 953 4034 app.
972 3969 1011 4020 bic
1031 3971 1087 4022 add.
1109 3969 1223 4033 (vacuum
1241 3968 1327 4036 spat).

669 4075 770 4126 Ceionio
787 4089 842 4125 meo
860 4076 904 4123 sic.

265 4169 320 4218 Pro.
342 4165 384 4229 Θ.
422 4165 487 4217 Curr.
509 4163 660 4214 teitaun.
683 4160 918 4212 17d10u52131¹¹
954 4189 988 4201 -
1023 4169 1102 4230 Apoq.
1125 4161 1148 4212 6.
1187 4163 1210 4214 9.
1233 4163 1316 4224 ibe)

577 4236 661 4286 Martii
682 4233 723 4282 13.
745 4231 837 4284 13.13

603 4326 662 4374 Dies
680 4323 722 4374 st.
742 4325 784 4371 21.
821 4320 844 4369 9.
864 4321 896 4370 31
954 4345 989 4358 -·
1106 4321 1263 4372 913112

695 4395 756 4459 Loq.
779 4390 864 4442 stood
1164 4394 1209 4444 52.
1230 4393 1263 4444 13

749 4461 864 4542 ,ΕΒ-θ
1073 4480 1148 4544 ωε.
1167 4481 1209 4533 42.
1230 4477 1339 4548 30γὲ

778 4550 865 4602 rasso
1002 4547 1005 4556 ·

191 4625 292 4694 rap.
376 4628 489 4686 rnsssu
508 4622 584 4675 sors.
623 4623 662 4673 ss.
701 4624 724 4672 s.
761 4623 786 4673 0.
805 4623 837 4674 ss
857 4649 892 4660 -
912 4621 935 4673 r.
972 4627 997 4676 s.
1018 4622 1059 4674 ss.
1080 4624 1112 4674 27
1131 4649 1166 4660 -
1185 4627 1209 4676 s.
1229 4624 1270 4676 ss.
1291 4623 1332 4676 as.
1353 4623 1387 4674 eo

378 4698 446 4748 Com.
465 4696 509 4748 12.
527 4697 602 4746 Mart.
621 4693 663 4743 71.
680 4692 724 4742 Ι13.
744 4692 778 4742 ts

621 4762 840 4773 ————-—

524 4768 601 4831 simpl.
620 4781 663 4832 ss.
685 4782 726 4832 ιτ.
745 4779 787 4832 so.
807 4779 838 4832 11

452 4856 537 4908 sessu
555 4855 600 4907 ur.
619 4852 662 4903 se.
683 4853 722 4903 15.
742 4855 784 4904 ss.
804 4851 839 4903 ss
857 4878 891 4889 -
910 4852 935 4904 o.
972 4853 997 4903 s.
1020 4851 1059 4902 12.
1079 4851 1113 4903 ss
1133 4877 1164 4890 -
1184 4853 1208 4905 o.
1246 4850 1270 4904 1.
1291 4851 1333 4903 22.
1352 4851 1387 4903 ss
