3517 5525
341 450 362 523 Β
778 458 808 509 ln
827 458 1012 510 Commentaria
1028 459 1061 509 de
1078 466 1146 511 motu
1163 456 1253 509 Martia

341 635 499 699 consilium
522 634 597 715 cepi,
623 654 698 717 opus
722 638 801 719 apud
824 636 1010 699 academiam
1031 637 1215 717 deponere,“'
1238 636 1317 717 qued
1339 635 1497 701 consilium
1511 633 1556 697 ita
1570 635 1702 717 quidem

339 725 584 811 persequebatur,
607 733 641 787 ut
663 726 693 787 in
712 725 809 789 literis
832 728 871 787 ad
886 734 1032 789 senatum
1048 724 1269 805 Tuhingensem
1292 725 1414 805 scriptia
1430 732 1599 805 quaereret,
1622 742 1704 786 num

340 814 399 895 ipsi
414 814 528 889 liceret,
554 812 776 879 Commentaria
790 815 900 879 Martis
916 816 995 895 apud
1012 823 1149 876 senatum
1166 813 1341 895 deponeret
1369 821 1465 887 (torma
1478 822 1535 872 Vct.
1546 822 1581 872 11.
1594 838 1620 886 p.
1637 816 1703 881 aa.)

315 973 321 993 ,
338 902 495 966 Restituta
517 910 616 964 autem
639 903 811 968 valetudiue
833 923 897 966 rem
920 924 978 967 non
993 904 1119 965 ulterius
1135 902 1270 983 urgebat
1307 904 1342 964 ln
1359 902 1456 965 literis
1469 903 1513 975 (d.
1533 901 1584 966 16.
1600 904 1703 975 Dec.)

341 992 380 1053 ad
402 990 617 1054 Fabricium
640 992 712 1055 item
734 1002 873 1057 recenset
896 994 1015 1056 labores
1038 1013 1110 1055 suos
1133 991 1164 1054 in
1182 992 1322 1054 eruendis
1338 991 1499 1067 erroribus,
1522 992 1574 1074 qui
1592 991 1704 1074 hypo-

342 1081 422 1142 thesi
445 1100 517 1143 snae
545 1081 724 1157 obstabant,
755 1082 882 1145 formam
908 1082 1022 1145 latetur
1053 1078 1168 1151 orbitae
1199 1081 1340 1161 planetae
1369 1081 1522 1163 hucusque
1552 1081 1592 1142 ab
1622 1081 1703 1160 ipso

339 1178 505 1233 assumtam
528 1170 663 1245 ovalem,
695 1171 804 1235 falsam
826 1190 910 1246 esse,
935 1190 1007 1251 ergo
1029 1171 1203 1233 mutandam
1226 1188 1294 1231 esse
1318 1170 1402 1232 illam
1423 1170 1566 1243 formam,
1591 1169 1639 1230 ita
1662 1178 1703 1229 ut

342 1259 423 1335 „via
446 1258 585 1323 Martia
606 1262 785 1341 perlecta
808 1262 885 1323 liat
906 1259 1097 1341 ellipsis.“
1137 1259 1278 1322 Ceterum
1294 1259 1389 1335 addit,
1408 1260 1537 1321 nondum
1556 1276 1591 1320 se
1605 1256 1699 1322 itt-m

337 1350 507 1411 accuratius
539 1348 748 1430 inquisivisse,
779 1349 960 1413 inserturum
989 1368 1062 1413 vero
1094 1346 1325 1419 Commentariis
1357 1350 1425 1423 („in
1462 1348 1570 1429 quihus
1607 1354 1699 1408 totns

339 1456 416 1499 nunc
440 1436 542 1512 snm“)
565 1437 676 1500 falsam
699 1458 783 1501 suam
805 1439 1002 1521 hypothesin,
1033 1446 1069 1500 nt
1090 1438 1144 1500 alii
1165 1437 1304 1512 videant,
1337 1442 1479 1518 quantum
1507 1438 1566 1519 ipsi
1588 1434 1699 1497 iaces-

341 1526 416 1589 serit
438 1526 560 1608 negotii.
902 1536 926 1603 ο
1303 1558 1306 1563 -

426 1616 516 1679 Anno
548 1612 642 1680 1605.
667 1616 761 1677 refert
783 1616 933 1699 Keplerus
956 1616 1221 1696 Longomoutano‚
1251 1632 1374 1676 causam
1397 1634 1430 1675 se
1452 1614 1571 1676 itineris
1594 1612 1701 1675 ovalis

341 1704 450 1767 Martis
473 1705 603 1768 nondum
625 1703 715 1786 plane
737 1704 884 1787 pleneque
907 1706 1114 1767 demonstrare
1135 1722 1241 1785 posse,
1274 1703 1536 1783 comprehendisse
1559 1720 1634 1763 vero
1658 1720 1702 1762 ea

341 1812 416 1875 quae
435 1794 594 1875 explorata
608 1794 720 1857 haheat
743 1794 933 1875 capitibus
957 1793 1015 1857 51.
1055 1794 1178 1858 Certum
1196 1809 1265 1854 asse
1284 1811 1323 1853 ex
1337 1792 1428 1856 Sole
1440 1791 1603 1874 propagari
1621 1789 1700 1864 vim,

342 1901 418 1963 qnae
441 1884 581 1963 planetas
604 1882 716 1963 rapiat;
742 1883 853 1946 similia
874 1883 1068 1962 Hegulontio,
1091 1900 1193 1943 meuse
1216 1879 1293 1961 Maji
1318 1877 1413 1956 1605,
1437 1881 1566 1943 addens:
1597 1878 1700 1941 Com-

342 1972 490 2034 mentaria
503 1970 613 2033 Martis
632 1972 680 2033 edi
699 1990 758 2035 non
779 1990 881 2053 posse,
905 1973 964 2034 nisi
980 1971 1096 2036 Caesar
1114 1981 1230 2034 sumtus
1246 1970 1427 2051 praebuerit
1458 1971 1564 2032 Menae
1577 1968 1701 2032 Martio

341 2060 465 2123 nunciat
494 2060 676 2136 Maestlino,
708 2062 894 2141 processisse
927 2080 960 2123 se
989 2062 1020 2122 in
1050 2059 1284 2126 Commentariis
1315 2060 1354 2121 ad
1378 2058 1453 2140 Cap.
1476 2058 1536 2135 52;
1569 2076 1699 2119 causam

341 2149 506 2211 celeritatis
535 2150 701 2231 inaequalis
729 2150 920 2229 planetarum
951 2168 1019 2211 esse
1053 2150 1113 2211 vim
1135 2149 1201 2213 Soli
1231 2147 1327 2221 (circa
1348 2166 1438 2210 axem
1459 2147 1637 2220 convoluto)
1662 2154 1700 2207 et

340 2236 472 2316 planetis
494 2237 620 2301 inditam
642 2238 842 2317 magneticam
862 2237 911 2299 vel
927 2238 1028 2321 qnasi;
1051 2238 1121 2301 dein
1144 2250 1312 2301 arearum
1335 2238 1402 2317 lege
1416 2237 1573 2317 proposita
1586 2235 1696 2299 addit:

337 2325 438 2406 capita
460 2334 547 2388 erunt
569 2323 612 2390 60
635 2334 687 2388 ant
711 2324 763 2390 70.

422 2416 482 2477 Per
504 2434 613 2478 annum
637 2412 729 2479 1605.
748 2434 822 2498 opus
845 2434 938 2497 prope
961 2415 1000 2476 ad
1021 2416 1111 2477 tinem
1129 2415 1305 2495 perductum
1328 2433 1397 2477 esse
1419 2412 1554 2490 videtnr;
1577 2412 1697 2494 ellip-

335 2502 447 2565 ticam
469 2504 567 2567 viam
589 2512 660 2585 post
691 2504 786 2567 multa
808 2524 887 2567 vana
910 2504 1116 2585 experimenta
1146 2512 1180 2565 et
1206 2502 1376 2566 taediosum
1407 2498 1557 2565 calculum
1578 2502 1694 2583 depre-

337 2590 441 2655 hendit
462 2594 614 2675 Keplerus
639 2594 740 2669 „circa
760 2593 923 2657 Paschatis
945 2593 1096 2672 tempus“.
1135 2591 1236 2672 Caput
1252 2591 1305 2655 57.
1329 2594 1367 2655 de
1389 2592 1570 2673 magneticia
1592 2592 1696 2653 virtu—

333 2680 415 2743 tibus
439 2682 641 2764 couscriptum
664 2690 712 2745 est
734 2690 853 2745 aestate
877 2684 966 2764 hujus
988 2683 1060 2744 anui
1084 2686 1173 2754 (comp.
1188 2692 1274 2740 uteres
1286 2690 1506 2741 adreberctane.
1521 2689 1547 2739 a
1560 2688 1604 2737 tt.
1619 2686 1694 2753 oet)

422 2773 456 2834 In
481 2771 577 2835 literis
601 2774 640 2834 ad
662 2791 876 2836 amanuensem
899 2789 985 2835 auum
999 2772 1034 2837 0.
1052 2771 1216 2835 Odontium
1232 2770 1325 2845 (Non.
1341 2772 1422 2851 Aug.
1442 2767 1554 2846 1605.)
1568 2771 1692 2832 scribit:

337 2856 561 2924 commentaria
583 2881 651 2924 mea
674 2881 709 2924 eo
733 2862 799 2924 loco
824 2869 907 2937 sunt,
942 2870 976 2923 ut
1006 2861 1135 2943 primum
1156 2869 1246 2942 atque
1270 2860 1475 2942 Tengnaglius
1504 2860 1696 2922 concesserit

310 2947 384 3016 ,vel
409 2947 525 3012 Caesar
550 2951 680 3030 jusserit
711 2949 838 3032 pecunia
868 2950 1073 3033 suppeditata,
1105 2951 1175 3012 dum
1206 2950 1414 3029 imprimantur
1444 2949 1543 3012 limari
1572 2957 1604 3010 et
1631 2949 1693 3010 ab·

337 3035 414 3098 solvi
438 3039 566 3118 possint.

421 3126 479 3188 His
516 3147 576 3191 nou
613 3128 744 3190 alienum
780 3148 799 3189 a
835 3146 868 3189 rc
904 3134 1045 3207 putamus
1083 3127 1274 3208 interponere
1309 3145 1407 3208 pauca
1443 3127 1481 3188 do
1505 3126 1575 3202 -iis,
1612 3145 1691 3207 quos

336 3211 473 3276 adhibuit
495 3217 643 3299 Keplerus
667 3218 706 3280 ad
729 3217 861 3279 calculos
885 3227 917 3277 et
938 3215 1137 3278 describenda
1160 3216 1394 3279 commentaria.
1442 3215 1561 3294 Oaapar
1580 3214 1691 3278 Odon-

335 3302 396 3364 tius
427 3321 481 3385 per
513 3325 621 3380 annum
657 3303 750 3370 1605.
786 3305 866 3387 apud
901 3306 1066 3386 Keplerum
1102 3305 1296 3379 versabatur,
1338 3321 1462 3386 eumque
1499 3305 1530 3368 ln
1562 3303 1689 3366 calculis

336 3391 453 3472 adJ'uvit
482 3402 514 3455 et
548 3396 626 3457 sicut
660 3395 725 3476 ipse
753 3397 882 3456 affirmat
910 3395 1127 3467 „describendo
1155 3394 1239 3474 operi
1266 3395 1303 3455 de
1325 3401 1409 3455 motu
1431 3394 1543 3456 Martis
1567 3411 1691 3473 operam

339 3481 470 3543 locavit“
500 3487 535 3551 (v.
554 3507 578 3555 p.
601 3489 655 3550 tt).
702 3483 792 3545 Initio
822 3481 893 3542 anni
920 3478 1012 3544 1606.
1037 3502 1056 3542 a
1077 3481 1210 3562 Keplero
1238 3481 1417 3544 discessisse
1445 3482 1582 3557 videtur,
1611 3482 1689 3544 ortis

341 3571 419 3629 forte
443 3569 579 3630 dissidiis
611 3570 688 3632 inter
719 3572 816 3652 ipsos,
844 3587 911 3631 cnm
943 3570 974 3631 in
1004 3568 1102 3632 literis
1124 3570 1248 3650 Kepleri
1276 3571 1315 3631 ad
1343 3571 1426 3634 Sam.
1450 3571 1690 3639 Haienreiierum

341 3662 432 3731 (comp.
452 3663 507 3714 Vol.
521 3665 556 3716 11.
573 3679 632 3731 pag.
646 3661 719 3728 8³⁵.)
738 3659 889 3738 legamus:
907 3657 1205 3739 SperoaMaestlino
1219 3677 1286 3721 meo
1300 3660 1466 3740 suppetias
1485 3661 1566 3723 Nam
1581 3669 1688 3735 ,mn-

340 3765 405 3807 cum
428 3745 606 3819 uodosnm“,
630 3763 688 3826 quo
710 3747 816 3808 utebar
839 3765 985 3810 concessu
999 3746 1276 3828 Noribergensiom,
1300 3749 1404 3812 remisi
1422 3748 1595 3811 academiae
1614 3769 1688 3812 suae

339 3835 518 3900 Altorhnae.
564 3834 635 3898 Jam
656 3833 687 3896 in
710 3853 745 3896 eo
769 3853 843 3911 sum,
866 3844 901 3899 ut
922 3836 1003 3920 typis
1025 3838 1092 3900 dem
1112 3838 1227 3902 comm.
1250 3838 1289 3904 de
1306 3839 1422 3915 Μανιος
1450 3845 1580 3919 quantos
1602 3837 1689 3901 labor

339 3923 534 3998 abluturus,
558 3923 624 4002 jam
647 3940 685 3983 ex
706 3922 862 3986 vilioribus
885 3925 1038 4005 opusculis
1063 3926 1201 4007 judicare
1222 3927 1348 4008 possim.
1394 3928 1501 4008 ltaque
1530 3927 1686 4008 ingenioso

340 4021 371 4074 et
392 4013 540 4076 industrio
565 4011 713 4091 adjutore,
736 4013 786 4094 qui
804 4030 859 4074 nec
875 4015 1105 4097 descriptionem
1117 4017 1337 4090 nonnullorum,
1359 4035 1414 4078 nec
1430 4017 1593 4096 figurarum
1608 4016 1686 4079 deli-

338 4102 518 4177 neationem,
542 4119 597 4162 neo
620 4101 767 4164 calculum
790 4101 984 4168 omnivarinm
1006 4125 1061 4168 nec
1076 4115 1278 4169 correcturum
1300 4106 1457 4180 detrectet,
1483 4123 1558 4186 opus
1580 4106 1686 4183 habeo,

337 4200 368 4253 et
391 4192 441 4273 qui
464 4190 631 4253 delectetur
653 4190 919 4272 comprehensione
942 4194 1244 4271 demonstrationum,
1267 4194 1347 4278 quod
1370 4202 1420 4255 eat
1440 4192 1559 4256 unicum
1582 4197 1686 4276 tatem

336 4303 442 4344 acam.
487 4279 572 4344 Malo
596 4297 662 4343 meo
685 4281 749 4342 lato
772 4281 814 4355 ht
839 4287 871 4341 ut
896 4281 990 4362 legati
1010 4284 1255 4364 Winambergici
1277 4282 1415 4346 Dresdae
1438 4283 1500 4344 sint
1529 4293 1592 4345 tam
1618 4283 1685 4359 diu;

334 4371 398 4450 jam
430 4369 480 4432 diu
512 4367 592 4430 euim
623 4369 818 4454 obtinuissem
850 4389 869 4430 a
901 4371 1039 4452 Principe
1072 4373 1237 4450 alumnum,
1275 4372 1327 4454 qui
1357 4369 1505 4436 sumtibus
1537 4371 1686 4453 Principis

339 4477 454 4522 mecum
478 4465 568 4521 esset.

373 4551 378 4561 '
425 4547 510 4611 Haec
532 4545 698 4628 Keplerus,
722 4544 772 4626 qui
795 4545 868 4608 item
890 4547 1085 4611 Maeatlinum
1108 4550 1196 4624 adiit,
1228 4556 1264 4611 ut
1285 4547 1349 4610 voti
1380 4547 1428 4610 sui
1450 4567 1572 4630 compos
1601 4552 1685 4615 lieret

338 4643 405 4707 (uda
424 4642 509 4708 loha).
554 4637 590 4698 In
613 4633 738 4698 Odontii
761 4634 858 4698 locum
881 4638 1029 4700 successit
1050 4636 1225 4701 Victorinus
1240 4637 1411 4712 Eichlerus,
1432 4639 1568 4720 pastoris
1584 4639 1683 4704 Goer-

339 4727 461 4788 liceuaia
483 4725 562 4789 filim
586 4729 892 4801 (comparuere),
925 4726 975 4807 qui
1005 4725 1421 4809 descriptisOommentariis
1443 4729 1626 4809 (postquam,
1649 4741 1683 4793 ut

341 4814 447 4878 scribit
467 4821 555 4896 pater
575 4813 724 4893 Keplero',
757 4813 974 4888 „describendo
1002 4834 1077 4896 opus
1108 4816 1184 4878 illud
1214 4815 1470 4890 mathematicum,
1492 4817 1683 4882 Atalantaeis

343 4903 495 4969 laboribus
519 4902 579 4966 tuis
602 4902 798 4978 elaboratum,
822 4903 1025 4978 absolverit“)
1050 4906 1107 4981 „oh
1124 4903 1265 4981 scabiem,
1289 4921 1365 4985 quaa
1380 4903 1412 4965 in
1427 4903 1533 4966 febrim
1551 4905 1683 4985 degene-

342 4994 430 5068 ravit,
453 5011 491 5058 ne
515 4990 688 5056 foedissimo
713 4991 824 5056 scabiei
847 4991 926 5054 malo
949 4993 1095 5057 familiam
1117 5002 1250 5056 vestram
1270 4992 1402 5056 inliciat“
1427 5001 1550 5074 epatre
1564 4993 1682 5060 domum
