3517 5525
314 380 376 449 188
794 378 834 436 De
852 380 960 435 Motibus
978 381 1071 437 Stellae
1089 352 1197 473 blattis

310 561 419 624 lineam
442 564 489 639 ιβ,
513 569 546 624 ει
567 558 624 641 ipsi
647 562 683 641 βγ
705 560 839 645 aequalis
862 566 916 650 fiat
938 566 988 640 βμ,
1010 565 1100 645 plane
1125 567 1201 629 situs
1225 564 1339 631 itineris
1361 561 1521 645 planetarii
1537 567 1650 637 manet,

311 651 367 716 sed
389 652 513 731 planeta
535 670 593 712 nou
616 651 647 712 in
669 674 678 711 ι
701 653 803 714 sedin
826 676 844 731 γ
866 655 900 715 iit
914 654 1126 731 tardissimus,
1161 655 1308 717 tarditate
1335 652 1469 736 physica.
1515 652 1653 713 Mutatur

311 741 403 821 igitur
424 742 453 802 in
477 740 584 802 itinere
607 739 748 821 planetae
771 743 850 824 quod
874 744 983 804 mutari
1007 762 1064 805 non
1088 753 1198 825 potest,
1225 744 1294 825 quia
1316 743 1441 824 physica
1451 741 1582 804 tarditas
1592 758 1651 802 non

311 838 345 892 ut
367 831 470 909 optica
492 831 531 891 ad
554 831 780 892 observatorum
802 831 948 893 visionem
963 834 1113 914 sequitur.
1152 834 1220 895 Etsi
1244 852 1314 894 vero
1337 828 1380 894 20
1404 822 1508 894 diebus
1526 830 1653 909 planeta

312 920 390 980 idem
423 942 453 993 ιη
484 919 542 981 ἰιει
565 920 740 994 conficeret,
774 922 852 1002 quod
875 923 905 983 iu
929 946 949 983 α
971 922 1083 1003 majus,
1117 922 1147 985 in
1170 928 1187 983 ι
1210 922 1307 984 miuus
1331 928 1474 1001 apparet:
1498 926 1599 981 tamen
1623 918 1651 979 si

312 1016 415 1088 partes
438 1008 525 1089 hujus
549 1010 692 1089 temporis
715 1010 905 1086 consideres,
929 1010 1120 1073 vehementer
1143 1011 1313 1091 turbabitur
1335 1010 1414 1072 ratio
1438 1006 1650 1090 applicationis

312 1117 414 1159 earum
437 1098 475 1159 ad
499 1107 601 1178 partes
625 1096 712 1179 hujus
735 1098 863 1173 itineris,
886 1100 1036 1182 multoque
1061 1100 1156 1181 magis
1181 1100 1209 1161 in
1233 1099 1369 1181 partibus
1391 1098 1469 1173 aliis,
1494 1116 1569 1179 quae
1593 1114 1653 1157 nou

314 1194 384 1248 snut
406 1187 582 1269 interjectae
606 1188 684 1250 inter
708 1188 803 1249 lineas
826 1210 866 1266 ιη.
914 1182 1052 1267 Inprimis
1076 1190 1239 1252 mutabitur
1258 1188 1336 1251 visui
1349 1189 1379 1250 in
1395 1208 1480 1251 asna
1494 1180 1654 1268 aequatio-

313 1294 381 1337 uum
405 1277 559 1357 quantitas
577 1277 771 1353 notabiliter,
805 1278 830 1338 si
855 1276 883 1338 ei
906 1279 956 1358 qui
978 1286 1027 1339 est
1049 1278 1078 1339 iu
1102 1285 1120 1339 ι
1142 1278 1198 1340 hoc
1222 1277 1381 1359 eripueris,
1418 1278 1572 1358 planetam
1596 1293 1656 1335 nou

314 1366 344 1425 iu
367 1391 378 1425 ι
398 1364 603 1429 tardissimum
626 1386 703 1441 esse,
727 1366 783 1427 hoc
807 1375 855 1427 est
878 1368 905 1428 si
927 1356 1067 1447 puuctum
1091 1368 1248 1449 aequant-is
1273 1386 1338 1447 ειιγ
1360 1366 1390 1427 ἰιι
1414 1363 1654 1442 μιιειιειιιιειίε.

314 1453 415 1515 Ducta
437 1454 515 1516 euim
538 1464 622 1517 recta
643 1473 697 1536 per
710 1478 752 1534 γμ
774 1455 803 1516 iu
819 1455 1074 1518 circumferentiae
1098 1466 1238 1536 punctum
1252 1480 1275 1533 a,
1302 1465 1334 1517 ει
1348 1456 1488 1517 connexis
1503 1478 1532 1530 α,
1547 1474 1573 1526 v,
1597 1452 1657 1513 erit

314 1543 381 1604 sola
412 1542 488 1604 haec
516 1544 655 1625 aequatio
688 1567 744 1619 arn
772 1545 906 1625 aequalis
934 1545 1024 1624 priori
1055 1566 1118 1624 αιγ;
1151 1564 1242 1625 supra
1268 1569 1284 1607 a
1306 1564 1377 1607 vero
1401 1543 1595 1627 aequationes
1619 1560 1657 1601 ex

314 1641 444 1707 parunt
466 1633 612 1705 minores,
650 1632 729 1694 inira
750 1656 766 1695 r
788 1634 937 1713 majores:
970 1641 1004 1696 ut
1034 1635 1105 1712 inp
1134 1636 1260 1715 angulus
1292 1657 1352 1713 μηα
1375 1635 1467 1697 multo
1492 1641 1539 1694 eet
1563 1630 1658 1693 minor

315 1740 404 1801 quam
426 1744 487 1801 γγα.
534 1723 609 1785 Tum
632 1731 730 1784 autem
753 1742 848 1805 neque
873 1723 985 1798 factum
1010 1724 1053 1785 sic
1077 1732 1132 1799 est,
1157 1726 1236 1806 quod
1259 1724 1504 1803 institueramus;
1527 1720 1657 1782 nondum

315 1812 434 1873 scilicet
455 1811 534 1891 prior
559 1813 655 1873 forma
677 1812 878 1893 hypotheseos
902 1812 991 1892 plane
1014 1814 1180 1875 constituta
1203 1822 1259 1875 est.
1307 1815 1374 1875 Non
1399 1812 1476 1875 enim
1499 1818 1532 1872 ut
1554 1809 1594 1887 αβ
1617 1809 1657 1869 ad

315 1903 350 1980 βγ
371 1899 415 1961 sic
438 1902 476 1979 ιβ
498 1902 537 1961 ad
561 1903 621 1979 βμε
645 1921 714 1963 uam
737 1902 778 1978 βμ
801 1902 935 1982 aequalis
959 1910 1008 1963 est
1029 1902 1086 1981 ipsi
1109 1904 1151 1981 βγ,
1177 1911 1209 1963 at
1233 1904 1269 1980 ιβ
1291 1902 1386 1983 major
1407 1920 1495 1983 qnam
1513 1901 1563 1976 αβ.
1600 1896 1656 1959 Sin

317 1993 419 2053 aut'em
442 1989 539 2051 facias
562 1999 597 2052 ut
619 1992 660 2068 αβ
683 1990 722 2051 ad
744 1992 779 2069 βγ
801 1991 844 2051 sic
868 1992 906 2067 ιβ
928 1990 966 2051 ad
990 1992 1039 2068 βμ,
1065 1993 1159 2070 major
1181 1992 1232 2052 liet
1255 1992 1296 2067 βμ
1319 2010 1406 2073 quam
1429 1994 1471 2071 βγ.
1503 1989 1588 2053 Unde
1604 2006 1657 2048 se-

316 2079 424 2161 quitur,
457 2080 551 2169 multo
584 2081 680 2159 magis
704 2080 840 2140 vitiatum
864 2080 902 2142 iri
925 2080 1002 2141 visui
1026 2079 1056 2141 iu
1080 2104 1099 2141 α
1122 2099 1206 2141 suam
1229 2081 1454 2163 aequationem,
1486 2076 1657 2159 etquidem

317 2168 410 2229 etiam
434 2170 605 2243 maximam,
630 2176 751 2249 propter
774 2176 893 2231 auctam
913 2168 1030 2231 scilicet
1046 2169 1311 2231 eccentricitatem.
1348 2170 1415 2231 Non
1431 2176 1547 2229 tautum
1566 2166 1659 2245 igitur

317 2257 377 2319 alio
414 2257 479 2318 loco
515 2258 641 2337 planeta
673 2258 788 2319 futurus
821 2264 870 2317 est
896 2258 1086 2320 tardissimus
1110 2278 1196 2339 quam
1220 2256 1317 2338 prius,
1351 2258 1404 2320 sed
1429 2258 1519 2320 etiarn
1542 2255 1603 2317 alia
1626 2262 1660 2316 et

317 2346 437 2427 quidem
468 2348 582 2426 majore
614 2345 768 2409 tarditatis
792 2365 880 2409 verae
914 2366 1060 2411 mensura.
1094 2350 1233 2427 Apparet
1256 2338 1367 2429 itaque,
1393 2344 1658 2429 aequipollentiam

319 2436 408 2497 uobis
432 2436 597 2516 expetitam
621 2436 736 2497 institui
759 2454 817 2496 nou
839 2454 929 2515 posse
954 2436 1082 2515 trajecta
1104 2437 1184 2498 linea
1208 2438 1342 2517 apsidum
1367 2456 1404 2497 ex
1427 2442 1444 2498 ι
1466 2454 1519 2517 per
1542 2436 1561 2513 β
1583 2450 1658 2496 cen-

318 2533 399 2586 trum
423 2526 596 2600 ecceutrici;
621 2544 743 2605 cumque
768 2524 854 2586 simul
876 2526 1018 2606 patuerit,
1043 2526 1146 2607 quanti
1169 2526 1301 2600 intersit,
1325 2534 1359 2587 ut
1381 2526 1459 2587 idem
1482 2548 1497 2605 γ
1517 2528 1659 2604 punctum

292 2614 478 2695 ‚aequantis
508 2614 686 2684 retineatur,
723 2612 840 2676 omnino
869 2614 961 2693 igitur
991 2624 1043 2678 aut
1070 2615 1127 2676 hac
1157 2616 1403 2695 perrumpendum
1436 2623 1488 2676 aut
1511 2612 1657 2693 nuspiam.

361 2715 365 2725 ’
412 2700 493 2775 Quid
525 2723 595 2784 ergo
625 2703 755 2766 futurum
783 2700 847 2778 est,
878 2703 904 2764 si
932 2722 970 2766 ex
993 2710 1010 2766 ι
1032 2723 1110 2766 nova
1133 2704 1212 2766 linea
1235 2704 1371 2784 apsidum
1393 2722 1447 2784 per
1468 2726 1483 2784 γ
1505 2704 1658 2784 antiquum

319 2794 479 2874 aequantis
511 2801 653 2874 punctum
683 2792 851 2873 trajiciatur
879 2799 911 2854 ει
943 2813 1020 2855 nova
1052 2794 1227 2874 hypothesis
1258 2794 1398 2876 antiquae
1436 2789 1660 2855 conformetur?

319 2883 436 2944 scilicet
458 2882 482 2943 si
506 2892 638 2944 centrum
662 2883 821 2944 ecceutrici
844 2901 882 2942 ex
904 2884 924 2960 β
946 2883 974 2942 iu
999 2883 1108 2944 lineam
1130 2887 1162 2960 ιγ
1184 2890 1406 2963 transponatur,
1431 2865 1539 2963 licique
1563 2888 1596 2943 ut
1618 2880 1661 2956 αβ

319 2972 358 3033 ad
380 2973 414 3051 βγ
436 2971 479 3033 aio
503 2976 546 3034 ιθ
568 2973 607 3035 ad
628 2977 676 3051 ιγ,
700 2979 733 3033 ει
755 2972 797 3034 sit
818 2976 843 3031 ι
865 2979 999 3034 centrum
1014 2972 1195 3034 eccentrici?
1231 2972 1376 3033 Nimirum
1391 2972 1447 3033 hoc
1462 2973 1658 3041 futurumest,

316 3070 352 3123 ut
381 3080 438 3122 nou
470 3062 559 3142 plane
588 3061 667 3123 idem
695 3062 835 3141 planetae
863 3062 920 3121 iter
947 3059 976 3121 in
1007 3063 1089 3123 coelo
1113 3069 1243 3122 maneat.
1265 3071 1268 3080 '
1291 3060 1448 3124 Scribatur
1471 3059 1549 3122 enim
1572 3077 1609 3119 ex
1631 3061 1660 3118 θ

317 3151 503 3212 eccentricus
525 3150 617 3230 priori
636 3152 770 3231 aequalis
781 3153 829 3212 ειλ
842 3158 874 3210 ει
888 3169 941 3231 per
954 3153 989 3223 θ,
999 3152 1019 3228 β
1034 3157 1116 3212 recta
1135 3150 1324 3212 continuatur
1342 3152 1372 3212 in
1389 3147 1655 3218 circumferentias,

316 3239 386 3301 binc
409 3239 437 3300 iu
461 3238 488 3314 ξ,
511 3261 537 3312 o,
562 3247 593 3301 ει
617 3240 697 3301 illinc
721 3239 750 3301 in
774 3258 844 3318 un.
891 3237 1012 3310 Quanta
1036 3239 1125 3318 igitur
1149 3246 1197 3300 est
1211 3240 1266 3316 ιβ,
1290 3247 1378 3300 tanta
1397 3247 1444 3302 est
1460 3248 1490 3300 et
1506 3237 1540 3312 οξ
1554 3245 1585 3300 ει
1599 3253 1656 3316 prt;

317 3339 350 3390 ει
381 3337 467 3390 tauto
494 3331 614 3410 propior
643 3329 678 3390 fit
706 3329 829 3406 planeta
851 3328 880 3388 in
905 3349 922 3388 o
946 3327 1003 3406 ipsi
1027 3330 1046 3404 β
1069 3336 1211 3409 tantoque
1235 3329 1377 3391 remotior
1398 3328 1429 3389 iu
1453 3351 1486 3408 p,
1519 3325 1658 3409 quamsi

317 3419 446 3499 priorem
478 3417 674 3480 ecceutrinum
707 3417 898 3478 decurrisset.
952 3415 1068 3480 Sedet
1091 3417 1119 3478 in
1144 3417 1205 3479 alia
1226 3417 1317 3497 plaga
1339 3419 1463 3498 planeta
1486 3417 1520 3478 lit
1541 3415 1657 3477 tardis-

318 3509 428 3581 simus3
450 3505 534 3586 prius
557 3507 635 3567 enim
660 3506 688 3566 in
711 3530 728 3578 ι,
751 3505 869 3583 jamin
893 3528 909 3566 κ
932 3513 979 3566 εει
1003 3505 1095 3585 apsis
1134 3507 1234 3586 Atque
1258 3525 1296 3570 ex
1311 3506 1366 3567 hac
1382 3505 1657 3587 contemperatione

319 3596 463 3665 efficitur,
494 3603 528 3656 ιιι
557 3594 646 3674 priori
677 3594 752 3654 visui
783 3595 811 3654 iu
835 3616 855 3654 α
878 3594 1042 3656 constituto
1075 3593 1280 3675 relinquantur
1312 3615 1400 3677 quam
1426 3595 1559 3675 proxime
1583 3611 1656 3655 auae

320 3684 470 3746 visiones:
496 3683 712 3764 quodquidam
736 3681 784 3743 hic
808 3685 903 3769 solum
927 3684 1089 3764 quaeritur.
1135 3683 1171 3744 ld
1194 3693 1294 3746 autem
1313 3686 1379 3764 jam
1402 3686 1530 3748 numeris
1545 3683 1659 3764 proba·

320 3773 416 3836 bimus
439 3773 549 3834 Martis
580 3771 673 3834 motui
696 3771 909 3844 familiaribus,
942 3771 1000 3834 etsi
1032 3773 1121 3854 paulo
1155 3773 1229 3833 alios
1252 3773 1387 3836 Braheus
1410 3773 1554 3854 prodidit,
1580 3770 1659 3854 quod

321 3862 394 3923 nihil
417 3880 471 3925 nos
494 3861 646 3941 impediet,
671 3861 719 3942 qui
742 3862 790 3923 hic
810 3863 931 3923 'tautum
954 3858 1229 3940 προγυμναζομεθα.
1406 3905 1408 3909 -

408 3953 622 4014 Aecumcutec·
642 3952 706 4012 ictu
720 3951 755 4012 ia
777 3957 846 4030 ιγα.
887 3950 939 4013 Sit
961 3956 1003 4012 ια
1019 3947 1105 4013 3584
1128 3953 1366 4016 eccentricitctia
1382 3951 1469 4016 Sota
1491 3951 1661 4035 qumttitca,

321 4039 464 4125 qualium
493 4047 531 4119 ιγ
560 4040 773 4102 eccerttricitaa
804 4041 922 4104 Martia
952 4035 1079 4107 30138ι
1111 4049 1139 4102 et
1169 4039 1306 4123 anquina
1335 4045 1397 4120 αιγ
1427 4036 1488 4104 47ο
1519 4035 1571 4102 59¹
1598 4034 1662 4100 16¹¹

322 4129 500 4210 differentia
528 4149 740 4213 apopceomm
769 4128 857 4193 Solia
885 4137 915 4192 et
942 4129 1069 4193 Martia.
1116 4129 1172 4192 En
1201 4131 1302 4192 traua
1330 4132 1428 4214 iyitur
1456 4131 1542 4194 datis
1573 4136 1602 4191 et
1624 4149 1664 4206 γα

322 4219 458 4294 dubitur,
480 4240 560 4282 accc
581 4215 699 4282 scilicet
721 4217 839 4282 Mattio
860 4221 1081 4292 eccerdre'citna,
1105 4220 1223 4299 eritque
1246 4215 1364 4294 27971,
1389 4227 1418 4282 et
1440 4215 1577 4302 crapulae
1599 4223 1662 4296 ιγα

323 4303 362 4371 5⁰
377 4306 430 4370 27‘
446 4305 520 4370 47”.
564 4309 688 4386 Quodsi
702 4312 927 4390 dy‘cpopoeum
947 4308 1039 4388 priua
1054 4307 1357 4389 Martierepoontur
1372 4311 1407 4372 in
1422 4304 1664 4381 23032‘16‘¹u‚

326 4419 368 4478 αγ
387 4417 500 4460 nonum
521 4397 640 4460 Martie
661 4416 836 4479 upopcenm
858 4398 949 4459 cadet
971 4399 1006 4458 io
1028 4393 1088 4460 29⁰
1110 4396 1142 4458 0‘
1166 4393 1208 4458 3¹‘
1233 4401 1266 4468 ii.
1282 4390 1323 4471 ²⁸)

413 4486 465 4549 Sit
484 4507 555 4549 vero
578 4485 619 4563 βξ
644 4483 771 4548 100000
800 4494 830 4549 et
858 4509 897 4564 αγ
926 4485 1040 4549 talium
1065 4474 1187 4559 18034,
1221 4505 1301 4568 quae
1327 4487 1422 4568 ptius
1451 4479 1663 4560 eructuant,

324 4571 466 4662 qualium
488 4579 524 4654 ιγ
545 4571 662 4639 30138.
709 4571 784 4637 Erit
815 4595 887 4656 erpo
916 4578 953 4638 ia
983 4577 1042 4637 hac
1072 4575 1264 4638 dictionarium
1291 4580 1327 4653 ιγ
1359 4573 1474 4640 19763.
1526 4575 1666 4655 Utraque

324 4687 395 4735 vero
418 4664 518 4748 aquia
539 4669 573 4740 θ,
597 4665 616 4742 β
639 4663 801 4728 diuidutar
821 4666 858 4726 in
874 4667 1080 4747 proportione
1102 4664 1171 4737 toli,
1193 4671 1229 4726 ot
1250 4667 1297 4724 ιθ
1318 4666 1363 4728 ud
1383 4669 1435 4745 ιγ,
1457 4667 1531 4728 item
1553 4666 1597 4742 αβ
1620 4663 1666 4725 od

326 4758 364 4835 βγ
384 4757 504 4820 aialim
529 4747 613 4816 1260
636 4753 679 4815 ad
702 4749 776 4816 756.
821 4751 898 4816 Eht't
918 4758 965 4814 dd
990 4749 1106 4828 12352,
1139 4757 1182 4831 dy
1213 4747 1318 4826 7411;
1351 4762 1379 4818 et
1402 4756 1445 4833 αβ
1477 4751 1597 4830 11271,
1622 4753 1665 4831 dy

328 4840 434 4907 6763:
463 4851 498 4906 ιιι
526 4843 573 4904 itu
594 4849 622 4903 ct
644 4863 739 4925 super
761 4847 779 4903 ι
801 4851 830 4905 ct
860 4863 955 4923 super
978 4867 998 4903 α
1025 4847 1223 4922 construatur·
1252 4843 1429 4926 hypotloese'e
1453 4846 1580 4928 plamae
1611 4844 1664 4904 ia-

327 4931 528 5017 oequclitatio
540 4930 748 4998 Ptolemaiou.
785 4930 876 4996 Ῥιιιιο
897 4933 931 4996 iu
947 4931 1138 4994 diureueioae
1157 4933 1262 5014 priori
1283 4931 1423 5014 qualium
1441 4939 1483 4996 ια
1506 4941 1552 4998 εει
1566 4926 1664 5005 3584,
