3517 5525
247 350 292 418 90
666 352 767 405 literae
783 352 886 417 Kapteri
904 353 1055 420 aliorumque
1073 359 1174 407 mutuae

247 548 268 590 a
291 525 331 607 Q
354 527 404 591 vel
426 526 493 611 ejus
516 546 650 611 apogaen
673 530 864 610 pendentem.
912 528 1122 609 Quinetiam,
1155 531 1206 595 nbi
1231 530 1297 611 jam
1329 537 1429 595 certus
1460 549 1529 593 snm
1559 528 1598 593 de

247 617 473 681 eccentricitate
497 616 549 697 Θ,
572 634 694 697 possum
712 620 792 700 jam,
827 619 853 683 si
885 621 1013 683 maxime
1038 620 1226 703 acronyohiis
1250 639 1398 697 carerem,
1430 618 1600 683 eccentrica

248 708 316 771 loca
338 707 523 788 investigare
546 717 733 789 quotcunque
756 728 830 788 opus
855 718 904 772 est
926 729 964 773 ex
986 710 1064 773 binis
1088 709 1284 793 aoronychiis.

336 795 400 860 Sed
421 816 515 878 pergo
539 798 569 860 iu
602 797 760 861 eccentrici
792 797 962 874 distantiis;
995 800 1044 863 ubi
1076 801 1187 863 multas
1221 799 1384 863 distantias
1415 816 1470 879 per
1501 802 1600 859 totum

248 886 408 949 eccentrici
431 886 577 949 ambitum
597 886 831 966 investigavero,
856 887 945 951 facile
970 897 1057 969 patet
1080 898 1112 951 et
1134 888 1184 953 ubi
1203 890 1245 951 sit
1259 906 1425 969 apogaeum
1441 893 1473 949 et
1486 894 1601 968 quanta

248 975 459 1039 eccentricitate
481 984 513 1038 et
536 996 574 1038 an
596 976 648 1037 via
668 976 775 1039 ovalis.
817 978 901 1040 'Iuno
924 978 1017 1059 igitur
1039 978 1216 1061 hypothesis
1238 978 1417 1041 invenienda
1440 984 1499 1049 est,
1521 994 1600 1056 qnae

250 1082 356 1129 omnes
379 1065 471 1129 haece
490 1066 654 1127 distantias
669 1075 889 1145 repraesentet.
926 1066 1013 1131 Hanc
1027 1068 1218 1149 hypothesin,
1241 1066 1320 1150 qnod
1341 1075 1423 1129 recte
1439 1073 1472 1127 tn
1485 1076 1600 1139 mones,

248 1161 371 1236 oportet
391 1154 436 1218 sio
450 1173 518 1219 esse
532 1164 749 1237 comparatam,
773 1164 808 1218 nt
820 1163 950 1233 constet,
974 1177 1064 1239 posse
1088 1175 1142 1238 per
1161 1157 1286 1220 eandem
1301 1157 1393 1220 etiam
1408 1156 1477 1217 loca
1490 1172 1600 1217 eccen-

202 1266 206 1272 ·
248 1244 329 1307 trica
355 1244 450 1307 reddi.
495 1244 541 1308 At
562 1264 621 1307 non
650 1253 699 1307 εει
727 1264 842 1307 summe
869 1246 1073 1309 necessarium
1104 1254 1136 1309 et
1158 1246 1309 1310 calculari.
1356 1245 1455 1309 Multa
1484 1242 1600 1307 eminus

248 1332 443 1413 adspicimus,
476 1334 515 1396 ad
545 1353 621 1415 qnae
644 1333 682 1396 ob
707 1334 857 1397 defectum
877 1336 1042 1399 mediorum
1064 1356 1123 1399 non
1147 1336 1353 1415 pertingimus.
1399 1333 1465 1414 Ego
1497 1341 1601 1395 tamen

248 1422 408 1503 plurimum
429 1422 548 1497 laboro,
580 1432 616 1485 nt
642 1423 758 1487 calculo
788 1424 857 1486 loca
878 1424 1062 1498 eccentrica‚
1095 1424 1126 1486 id
1149 1434 1198 1487 est
1219 1426 1355 1487 tabulam
1389 1423 1603 1505 aequationum

250 1511 382 1573 eccentri
404 1531 442 1574 ex
464 1512 676 1576 distantiarum
699 1512 859 1594 hypothesi
883 1515 1018 1578 condam
1056 1514 1191 1593 Despero
1207 1514 1324 1596 quidem
1340 1513 1459 1593 singula
1474 1511 1603 1574 seorsim

248 1619 370 1678 eruere,
402 1610 437 1664 ut
467 1600 536 1665 aliie
558 1602 774 1683 hypothesibus
796 1602 861 1665 fieri
883 1612 995 1685 potest.
1044 1601 1153 1667 Omnia
1176 1623 1247 1666 vero
1270 1602 1373 1665 ordine
1403 1602 1441 1664 ab
1471 1598 1603 1681 apogaei

248 1690 345 1770 gradu
367 1708 455 1772 spero
477 1709 525 1753 me
548 1691 618 1755 olim
642 1699 872 1756 exstructurum.

340 1777 402 1843 Cur
424 1799 462 1841 ex
483 1780 749 1863 proathaphaeresi
772 1789 798 1852 ό
821 1799 957 1861 apogaeo
972 1778 1053 1843 Solis
1074 1781 1205 1863 propiori
1230 1782 1317 1844 detur
1339 1779 1469 1861 simplex
1492 1797 1603 1841 cocen-

249 1866 368 1933 tricitas
390 1869 497 1949 major.
520 1870 640 1951 qnaeris
665 1876 700 1941 (v.
719 1893 739 1929 r.
759 1894 783 1943 p.
811 1875 880 1942 tt).
927 1870 994 1951 Ego
1023 1889 1094 1933 vero
1125 1870 1227 1934 dubito
1250 1872 1287 1933 de
1312 1870 1368 1933 hoc
1392 1879 1443 1932 tuo
1466 1887 1601 1950 pronun-

249 1957 341 2023 ciato.
386 1959 453 2022 Hoc
475 1958 548 2034 scio,
572 1960 599 2021 si
622 1967 765 2040 tanquam
788 1960 818 2023 in
841 1960 971 2041 simplici
993 1958 1144 2040 triangulo
1168 1960 1263 2023 utaris
1285 1958 1603 2041 prosthaphaeresid

249 2046 445 2128 longitudinis
467 2049 594 2118 mediae,
618 2050 761 2130 majorem
783 2048 918 2111 invenies
942 2049 1196 2113 eccentricitatem
1211 2050 1298 2130 qnasi
1313 2048 1487 2129 simplicem,
1512 2065 1604 2129 quam

249 2136 277 2199 ei
298 2137 394 2201 omns
417 2137 739 2218 proethaphaeresibus
762 2156 897 2221 apogaeo
918 2139 991 2211 (non
1006 2135 1047 2215 Q
1062 2140 1132 2213 sed)
1148 2148 1172 2211 0'
1188 2138 1387 2203 vicinioribus.
1424 2136 1495 2199 Jam
1517 2154 1601 2211 vero,

228 2244 317 2317 ,cnm
339 2226 370 2289 in
393 2226 421 2302 ὅ
444 2234 477 2289 ει
498 2231 532 2300 Π
553 2228 596 2290 sit
617 2226 772 2308 longitudo
786 2236 812 2298 d
825 2226 936 2301 media,
962 2224 1001 2305 Θ
1027 2246 1193 2308 apogaeum
1216 2228 1244 2290 in
1269 2242 1313 2303 es,
1337 2226 1447 2291 accidit
1469 2234 1504 2289 ut
1524 2225 1603 2287 haec

249 2314 292 2380 ait
315 2312 355 2393 Θ
379 2316 488 2379 vicina.
535 2316 597 2381 Gur
619 2324 720 2379 antem
741 2315 838 2379 minor
861 2325 893 2380 et
915 2316 1012 2396 major
1033 2317 1090 2397 hoc
1121 2325 1212 2398 pacto
1245 2318 1357 2381 evadat
1380 2314 1602 2389 eccentricitas,

249 2413 415 2480 causaest,
439 2405 510 2488 quia
525 2405 927 2488 laisnmpraesupponimne,
950 2404 1116 2486 simplicem
1131 2415 1163 2469 et
1184 2408 1399 2487 geometricam
1423 2403 1602 2466 eccentrici-

250 2501 355 2568 tatem,
380 2514 457 2577 qnae
479 2501 584 2560 tamen
605 2515 645 2557 ex
667 2494 790 2559 dimidia
816 2503 904 2576 parte
932 2503 979 2557 est
1001 2496 1129 2577 physica
1152 2496 1335 2577 aequantia..
1367 2496 1403 2558 Id
1426 2494 1546 2557 uberius
1569 2491 1601 2555 in

250 2582 395 2665 proximis
418 2582 514 2647 literis
537 2584 676 2664 explicui.

337 2671 387 2735 Ex
409 2673 536 2753 apogaei
560 2671 601 2751 Q
625 2674 707 2737 linea
728 2674 801 2737 nihii
824 2673 854 2735 in
877 2681 904 2743 d
928 2673 1126 2737 eccentricum
1149 2672 1306 2747 redundet,
1332 2673 1360 2735 si
1382 2673 1420 2736 ad
1446 2668 1486 2751 Q
1502 2671 1601 2751 ipsum

249 2763 376 2828 referas.
410 2763 473 2825 Sed
493 2764 519 2826 si
543 2766 583 2826 ad
604 2774 747 2845 punctum
769 2765 932 2828 seulocum
953 2763 1081 2826 medium
1098 2762 1155 2842 Q:
1180 2764 1297 2828 omnino
1313 2765 1464 2828 redundat
1477 2760 1599 2844 aliquid,

252 2859 286 2914 at
307 2853 340 2916 id
362 2871 421 2915 non
444 2871 585 2932 magnum
608 2855 687 2935 quod
710 2853 778 2914 loca
800 2853 926 2927 attinet,
949 2855 1046 2934 majus
1083 2855 1162 2935 qnod
1194 2853 1366 2916 distantias.
1413 2853 1506 2933 quue
1543 2869 1600 2932 ego

249 2939 329 3004 inter
350 2960 461 3006 caueae
483 2941 583 3014 habui,
614 2962 667 3006 cur
697 2943 846 3006 theoriam
877 2943 956 3006 hano
979 2942 1147 3007 ordinarem
1177 2944 1217 3006 ad
1248 2961 1351 3006 verum
1384 2938 1424 3021 Q
1455 2948 1600 3008 centrum.

248 3029 415 3096 Prteterea
442 3031 592 3104 redundat
618 3031 711 3096 etiam
733 3033 846 3114 aliquid
874 3051 913 3094 ex
940 3050 1075 3112 apogaeo
1100 3030 1140 3110 Q
1164 3031 1194 3096 in
1218 3033 1315 3114 ipsum
1338 3031 1440 3096 orbem
1462 3049 1601 3108 annuum,

248 3128 283 3182 nt
303 3120 367 3202 jam
390 3121 512 3202 saepius
533 3121 657 3196 dictum,
680 3122 760 3203 quod
783 3123 934 3184 diversum
958 3131 1006 3185 est
1028 3122 1131 3203 ajam
1154 3122 1242 3185 modo
1267 3123 1356 3188 dicto.

336 3211 385 3274 De
405 3209 599 3275 Martialibus
622 3211 773 3294 Tychonis
795 3211 943 3291 quomodo
966 3212 1149 3290 processerit
1171 3211 1243 3274 nihil
1267 3211 1349 3283 scio,
1382 3210 1479 3272 solnm
1502 3207 1601 3291 hypo-

249 3299 349 3364 thesin
372 3308 406 3364 et
428 3301 653 3364 observationes
676 3300 873 3382 aoronyohias
898 3299 1006 3362 habeo.

338 3389 470 3452 Schema
490 3391 578 3470 ponis
602 3397 633 3452 et
655 3389 685 3452 in
709 3409 744 3452 eo
764 3389 866 3450 varias
885 3391 1117 3469 speculationes,
1143 3409 1217 3471 quas
1232 3407 1278 3452 me
1294 3387 1485 3450 considerare
1500 3385 1607 3466 jubes·

250 3479 373 3544 Literas
396 3497 455 3542 non
477 3496 600 3560 possum
622 3479 834 3550 internoscere,
858 3497 914 3540 nec
938 3478 1007 3557 quid
1026 3477 1102 3540 velis
1121 3473 1244 3556 scio.¹³)
1280 3475 1345 3540 Nec
1364 3479 1509 3558 opus'est,
1535 3494 1602 3538 oum

251 3569 296 3634 nil
317 3568 447 3631 habeam
469 3567 548 3648 qnod
571 3566 712 3631 dubitem.
759 3565 883 3630 Summa
906 3579 1007 3630 tamen
1031 3585 1066 3629 eo
1090 3565 1177 3643 redit,
1203 3565 1349 3648 quasdam
1367 3557 1601 3648 inaequalitates

249 3677 290 3722 ex
312 3675 449 3737 apogaeo
472 3653 513 3732 Q
537 3655 567 3716 in
590 3655 789 3719 eccentrionm
813 3662 839 3725 (ς
861 3653 973 3731 venire,
999 3657 1076 3736 quod
1095 3657 1161 3736 jam
1184 3655 1357 3736 expeditum
1379 3655 1458 3718 dedi.

339 3747 397 3808 Ad
419 3744 562 3808 tertias
588 3743 644 3808 ll.
668 3745 759 3825 Aug.
792 3750 827 3815 (v.
846 3767 872 3818 p.
893 3748 960 3816 tt).
1006 3745 1090 3808 Nihil
1117 3764 1164 3808 me
1193 3753 1295 3806 movet
1323 3743 1470 3824 ἁεομαλια
1495 3743 1602 3808 latitu-

251 3835 355 3900 dinum
383 3842 422 3909 ἀ,
453 3842 489 3898 ut
519 3851 627 3897 novam
654 3834 684 3896 in
716 3833 916 3896 eccentrionm
944 3834 1124 3896 anomaliam
1160 3834 1357 3898 introducam.
1409 3833 1533 3896 Etenim
1565 3851 1603 3896 ex

252 3923 477 4006 simplicissima
498 3922 691 3987 inclinatione
714 3930 756 4000 d,
787 3922 900 3986 additis
924 3923 1129 4004 parallaaibus
1152 3931 1244 3986 autea
1267 3922 1436 4006 requisitis,
1468 3922 1602 4004 sequitur

252 4013 448 4078 haecomnia
471 4012 630 4078 anomalia.
676 4011 756 4074 Ecce
784 4012 863 4076 euim
889 4012 947 4074 hoc
979 4013 1044 4092 ipso
1076 4031 1153 4076 anno
1182 4011 1235 4076 27.
1259 4013 1348 4076 Febr.
1379 4009 1483 4076 ve18.
1507 4012 1600 4074 Mart.

252 4101 374 4167 octiduo
406 4108 477 4166 ante
509 4110 542 4165 et
571 4109 641 4182 post
670 4101 729 4164 erit
758 4101 889 4164 maxima
917 4102 1045 4165 latitudo
1076 4110 1153 4182 sept.
1189 4098 1227 4165 2⁰
1256 4099 1326 4178 45⁴3
1356 4099 1409 4166 27.
1440 4100 1527 4184 Sept.
1552 4102 1615 4174 iel,

254 4191 286 4258 7.
301 4189 372 4256 Oct.
396 4191 528 4256 maxima
548 4189 686 4254 austrina
702 4185 737 4252 1⁰
750 4185 819 4254 36‘:
845 4193 924 4271 quod
941 4191 1031 4272 plane
1054 4210 1113 4254 non
1135 4193 1265 4275 quadrat
1288 4210 1354 4254 oum
1377 4195 1404 4265 00
1424 4193 1472 4254 vel
1492 4193 1602 4270 <loom

255 4279 296 4362 Q
320 4301 376 4345 neo
397 4299 465 4346 cum
486 4279 615 4345 bansitn
638 4286 664 4351 d
686 4296 740 4358 per
761 4299 927 4360 apogaeum
950 4289 981 4344 et
1002 4281 1173 4362 perigaeum
1196 4281 1328 4346 eccentri
1349 4299 1405 4344 nec
1428 4287 1496 4344 cnm
1514 4289 1601 4343 tran·

249 4372 317 4438 -sitn
339 4389 393 4454 por
414 4369 535 4448 limites,
559 4369 723 4434 miscentur
746 4371 854 4432 omnia.
1307 4430 1314 4444 ,

343 4459 401 4527 Ao
431 4469 583 4540 quartas
612 4456 666 4525 22.
697 4457 771 4523 Dec.
818 4459 852 4520 In
883 4458 1036 4521 schemate
1067 4468 1139 4522 ate
1167 4457 1291 4541 primum
1328 4459 1438 4540 icripto
1472 4459 1601 4541 quaeris,

258 4551 404 4634 quomodo
435 4549 495 4612 ΑΚ
517 4567 556 4612 ex
583 4547 840 4612 observationibus
863 4548 1055 4611 innotescat?
1095 4547 1290 4629 Respondeo,
1320 4568 1359 4612 ex
1391 4549 1469 4612 binis
1497 4549 1602 4630 paral-

256 4641 374 4707 laribus
410 4638 536 4714 annuis,
574 4644 606 4701 et
640 4637 871 4718 praesupposita
908 4637 1132 4701 eccentricitate
1171 4635 1210 4715 Q
1249 4637 1459 4720 distantiisque
1497 4633 1537 4716 Q
1571 4646 1604 4700 et

257 4731 378 4795 Terrae.
423 4727 495 4792 Sint
524 4726 591 4802 ΑΕ,
614 4727 671 4790 AF
693 4726 855 4791 distantiae
879 4723 919 4803 Q
950 4736 982 4789 et
1006 4726 1126 4792 Terrae.
1172 4725 1256 4790 Etr
1285 4729 1411 4808 angulus
1434 4729 1512 4792 inter
1535 4727 1603 4790 loca

257 4819 378 4884 neusa
422 4817 504 4898 Ergo
526 4834 565 4880 ox
586 4813 731 4880 lateribus
754 4823 786 4880 ει
806 4817 917 4896 angnlo
941 4817 1050 4880 dantur
1064 4815 1165 4899 anguli
1179 4815 1272 4894 AEF,
1296 4817 1379 4881 Arm
1398 4827 1429 4880 et
1441 4815 1495 4882 EF
1510 4818 1601 4881 latus.

256 4907 322 4978 Sed
342 4906 440 4986 ΚΕΛ,
458 4905 545 4972 KFa
566 4912 638 4973 sont
659 4905 762 5003 anguli
782 4905 862 4970 inter
884 4906 951 4970 loca
973 4905 1042 4972 visa
1065 4903 1105 4985 Q
1129 4915 1161 4970 et
1183 4912 1225 4986 d,
1250 4905 1335 4972 auter
1351 4905 1436 4974 ouh
1458 4905 1601 4978 rat-Era,
