3517 5525
709 415 792 477 aaa
809 411 924 470 rata
1418 362 1484 476 tlt

144 596 275 652 sambea
292 597 355 666 gibt,
372 596 431 650 dass
449 613 476 649 er
492 596 518 648 ln
536 597 691 662 geometricis
706 597 840 648 sonderbar
857 597 897 647 nit
912 595 1021 646 venisrt
1058 590 1103 646 lah
1119 589 1186 642 wollt
1203 591 1246 644 des
1263 589 1343 644 Herm
1358 588 1487 656 latidum,

143 672 248 724 bmorab
264 671 348 722 indam
367 685 393 722 cr
411 676 503 720 motum
521 669 612 720 Terrae
631 669 710 718 dmm
727 684 758 718 au
775 671 913 734 onningen
931 666 1059 723 vermaint,
1077 681 1138 730 geru
1156 678 1321 716 vernemmen.

231 751 325 814 ῥαίααι
342 750 468 814 respondit
485 749 606 814 Koplerus
623 747 658 810 (d
680 747 721 798 12.
739 747 799 800 Jaa.
819 744 917 810 1603);
940 741 971 795 In
991 738 1170 811 magneticis,
1198 739 1240 792 uti
1259 737 1337 793 norit
1356 737 1393 792 Μ.
1415 736 1484 800 lbra,

142 826 245 880 multus
266 825 315 880 tiri.
341 825 470 878 Portae
491 823 684 892 experimenta
701 824 835 892 pleraque
856 820 1014 876 examinavi
1033 821 1080 874 rel
1094 821 1129 872 ad
1149 818 1270 873 rationes
1291 818 1337 871 vel
1356 819 1391 876 ad
1411 815 1485 887 peri·

142 906 313 961 alitatiouem
337 902 489 974 propriam,
518 912 649 974 quantum
675 903 781 958 informi
806 904 899 972 lapide
924 901 1010 972 potui.
1050 900 1166 970 Aliquos
1194 899 1231 954 et'
1299 898 1359 968 ejus
1380 913 1486 952 errores

142 987 197 1042 hoc
216 991 299 1056 pacto
320 983 494 1054 deprehendi,
517 1001 583 1054 quos
604 984 761 1039 nominatim
781 983 884 1037 alicubi
904 989 988 1036 taxat
1008 988 1037 1039 et
1055 915 1334 1114 Gilbeaueffrum
1355 979 1397 1047 ita
1416 978 1485 1041 fuae,

143 1067 283 1130 distincte,
304 1064 472 1119 sufficienter
491 1064 626 1120 tractavit
645 1065 717 1118 hanc
737 1081 795 1118 rem
809 1064 959 1126 Gilbertus,
981 1063 1023 1130 ita
1042 1061 1159 1131 undique
1180 1078 1215 1114 no
1237 1059 1355 1114 ilissimis
1376 1058 1487 1128 experi-

141 1147 241 1202 mentis
262 1163 292 1200 se
312 1144 447 1208 munivit,
468 1144 584 1199 omnium
613 1143 857 1199 contradicentium
882 1160 931 1214 ora
957 1143 1113 1205 obstruxit,
1144 1147 1175 1195 ut
1204 1142 1288 1209 plane
1318 1145 1488 1196 evanescant

144 1245 224 1284 meae
244 1226 447 1296 speculationes
461 1227 495 1278 de
509 1227 591 1280 tarda
604 1225 655 1280 illa
673 1225 708 1280 mi
745 1226 839 1280 atione
859 1225 917 1295 poli
938 1231 1026 1280 motus
1048 1222 1135 1278 diurni
1149 1239 1186 1276 ex
1199 1221 1268 1276 locis
1283 1222 1393 1284 Terrae,
1416 1236 1487 1291 quae

142 1308 172 1364 iu
198 1307 339 1362 creatione
366 1306 408 1360 illi
435 1305 537 1360 fuerint
564 1243 836 1441 subjectafftluam
866 1303 1082 1376 speculationem
1107 1309 1185 1358 tanto
1210 1301 1340 1356 libentius
1372 1303 1486 1371 depono,

144 1391 217 1462 quod
236 1387 353 1450 invenio,
374 1386 419 1440 hic
439 1385 552 1458 Pragae
579 1393 644 1440 aute
666 1381 704 1442 20
745 1403 830 1440 annos
854 1387 1029 1442 observatam
1055 1383 1227 1440 altitudinem
1249 1381 1305 1451 poli
1332 1381 1488 1436 consentire

143 1467 370 1541 quamproxime
391 1483 514 1532 cumea,
536 1483 606 1537 quae
627 1466 779 1521 esthodie.
814 1471 910 1538 (Gomp.
931 1474 975 1538 Ep.
995 1471 1026 1522 ad
1044 1471 1144 1522 Maesti.
1163 1485 1186 1535 p.
1207 1465 1261 1528 st.)
1295 1465 1334 1516 At
1354 1463 1488 1533 poscebat

143 1547 279 1622 analogia
296 1553 388 1602 motus
409 1548 445 1600 ab
465 1547 586 1600 Antonio
606 1547 698 1602 Maria
722 1553 812 1619 (comp.
831 1553 890 1606 Vol.
907 1551 939 1612 Π,
959 1569 983 1619 p.
1004 1549 1067 1615 220)
1087 1542 1152 1600 mihi
1178 1543 1345 1607 monstrati..
1364 1549 1396 1598 ut
1415 1542 1489 1599 iutra

143 1631 197 1685 hoo
217 1636 324 1697 tempus
348 1620 475 1680 10-12‘
495 1627 606 1682 variata
626 1627 735 1682 tuerint

1507 985 1522 1312 l

1503 1313 1508 1418 l

231 1709 337 1780 Legum
357 1707 495 1779 integrum
516 1724 584 1777 opus
605 1707 652 1762 ubi
671 1709 734 1778 plus
756 1707 805 1762 otii
825 1708 896 1782 erit;
922 1707 983 1776 jam
1009 1707 1131 1780 maligue
1156 1705 1302 1762 inhaerent
1332 1702 1487 1767 memorias.
1530 1727 1535 1736 ·

144 1806 215 1863 quac
236 1795 302 1844 ante
327 1787 465 1842 biennium
483 1787 512 1842 in
531 1804 594 1843 mea
620 1788 690 1843 febri
718 1794 856 1860 quartana
875 1807 913 1842 ex
933 1805 965 1842 eo
987 1787 1070 1842 animi
1094 1786 1190 1859 gratia
1214 1784 1342 1840 delibavi.
1382 1785 1488 1856 Siqua

143 1869 210 1925 mihi
239 1876 387 1924 nudentur
414 1869 514 1932 dubia,
543 1886 602 1922 eum
622 1869 659 1924 hi.
679 1869 711 1925 Τ.
743 1868 955 1923 communicabo.
996 1869 1027 1922 In
1051 1883 1182 1938 praeseus
1212 1867 1285 1922 ista:
1320 1863 1487 1921 Variatiania

144 1965 255 2013 causae,
278 1965 358 2020 quam
378 1950 459 2002 affert
480 1946 561 2015 (libro
582 1943 651 2017 1v.),
672 1949 780 2004 ridetur
800 1949 926 2011 obstare,
954 1951 1024 2019 quod
1048 1953 1180 2004 montana
1199 1947 1341 2018 regionum
1362 1947 1398 2000 ad
1417 1943 1488 2002 ints·

144 2047 225 2102 grum
245 2029 359 2100 globum
378 2029 483 2082 nullam
506 2030 612 2083 habent
637 2029 848 2098 proportionem.
889 2029 920 2084 ln
946 2027 1173 2086 declinationibus
1202 2021 1263 2095 (lib.
1284 2019 1332 2094 V.)
1352 2025 1418 2080 mihi
1439 2043 1488 2080 ex·

142 2117 226 2182 partu
246 2109 292 2162 vel
312 2107 492 2178 impossibilia
511 2109 556 2162 vel
577 2109 792 2164 sumtuosissima
812 2109 1004 2180 experimenta
1023 2109 1164 2179 proponit,
1185 2108 1232 2161 ubi
1252 2109 1317 2162 fides
1338 2113 1382 2162 est
1402 2122 1488 2176 penes

144 2197 294 2244 allatorem.
333 2191 373 2242 At
394 2189 459 2259 quia
482 2195 669 2244 consentanca
693 2189 758 2244 dicit
777 2195 807 2244 et
826 2189 855 2244 in
876 2189 975 2246 ceteris
995 2190 1062 2244 fides
1082 2191 1143 2257 ejus
1171 2189 1320 2258 explorata
1340 2192 1395 2251 est,
1418 2187 1487 2261 nihil

142 2277 188 2326 est
208 2287 257 2324 cur
277 2275 433 2338 suspectum
447 2269 582 2332 habeam
603 2285 667 2324 nam
680 2287 716 2324 ex
729 2270 794 2324 stilo
808 2277 937 2342 apparet,
959 2269 1046 2324 virum
1059 2285 1173 2342 gravem
1187 2285 1248 2324 esse
1262 2286 1313 2322 nec
1332 2268 1488 2338 vulgarium

89 2401 94 2412 ,
145 2351 279 2406 Italorum
299 2348 423 2404 similem.
457 2351 499 2402 Ad
520 2349 591 2404 haec
611 2357 653 2410 tot
673 2357 704 2405 et
723 2358 804 2405 tanta
824 2357 925 2406 ettam
946 2357 1122 2406 controversa
1143 2348 1359 2419 superaedificat,
1380 2355 1488 2404 utnon

143 2431 248 2501 injuria
268 2429 373 2484 censeri
395 2429 508 2494 debeat,
539 2429 737 2486 declinaturum
756 2431 840 2486 fuisse
860 2430 1014 2496 infamiam,
1037 2447 1107 2502 quae
1132 2431 1220 2500 ipsum
1247 2435 1376 2484 secutura
1395 2427 1486 2492 fuerit,

145 2512 170 2566 si
189 2511 266 2564 falsa
286 2510 394 2582 alleget
413 2509 613 2581 experimenta.
652 2512 690 2564 Et
715 2511 820 2580 passim
844 2519 928 2566 taxat
954 2512 1110 2566 fabularum
1135 2510 1312 2572 architectos,
1342 2509 1488 2580 potuitque

146 2591 255 2646 nemine
277 2596 446 2663 suggerente
466 2591 534 2644 illud
553 2591 691 2662 cogitare,
717 2587 798 2663 turpe
819 2609 879 2646 esse
901 2593 1019 2656 doctori,
1045 2609 1106 2646 cunr
1125 2592 1208 2661 culpa
1229 2589 1372 2661 redarguit
1390 2589 1488 2659 ipsum.

143 2671 265 2748 ¹Accedit
284 2670 424 2741 peculiare
445 2680 645 2742 argumentum,
667 2690 715 2726 cur
734 2680 765 2726 et
784 2673 811 2726 in
831 2672 1025 2728 directionibus
1047 2672 1099 2742 ipsi
1119 2672 1199 2726 fidem
1219 2673 1345 2729 habeam.
1374 2669 1488 2733 Quanti·

148 2759 236 2809 tatem
250 2751 462 2807 declinationum
475 2752 604 2823 proponit
616 2752 664 2807 ille
678 2753 819 2823 perplexis
834 2753 926 2813 nescio
941 2753 1038 2825 quibus
1053 2753 1141 2809 curvis
1155 2752 1244 2817 lineis,
1259 2774 1291 2809 rc
1312 2750 1355 2807 ὁτι
1371 2752 1488 2807 afferens

148 2836 308 2905 modumque
328 2832 456 2888 metiendi
470 2833 692 2905 qualemcunque,
714 2852 767 2888 non
781 2834 962 2899 dissimulans,
978 2852 1007 2889 se
1021 2856 1053 2889 rc
1071 2835 1144 2891 dicu
1164 2834 1371 2903 particularium
1386 2832 1487 2887 dimen-

148 2914 255 2969 sionum
276 2914 420 2985 ignorare;
451 2931 504 2984 quc
523 2913 610 2969 minus
640 2922 796 2984 suspectum
817 2921 861 2969 est
880 2916 967 2985 ipsum
988 2935 1020 2971 sc
1043 2934 1092 2971 oss.
1133 2914 1195 2985 Ego
1223 2931 1289 2969 vero
1314 2914 1487 2982 deprehendo

149 3012 262 3049 causam
281 2993 392 3048 illarum
412 2993 605 3049 dimensionum
624 2994 830 3067 geometricam,
853 3012 923 3065 quae
944 2997 1137 3065 propemodum
1157 2994 1227 3048 idem
1252 2999 1394 3065 praestat,
1417 2996 1488 3063 quod

148 3074 235 3145 ipsius
256 3070 397 3141 dacremus
414 3090 514 3129 curvae
533 3074 641 3130 lineae:
670 3093 720 3128 nec
741 3092 805 3129 curo
826 3078 858 3129 de
879 3074 1129 3145 discrepatiuncula
1155 3074 1281 3137 minima;
1308 3090 1372 3129 nam
1393 3090 1489 3127 sensus

148 3154 177 3209 in
198 3154 274 3209 hisce
295 3152 448 3209 tenerrimis
469 3153 663 3224 experimentis
685 3172 717 3209 ac
730 3155 893 3224 praesertim
913 3155 941 3209 in
955 3161 1013 3209 tam
1032 3155 1125 3224 parvis
1146 3155 1267 3225 globulis
1282 3172 1336 3209 non
1351 3152 1491 3207 descendit

149 3238 184 3289 ad
204 3233 323 3289 minima.
365 3234 457 3290 Causa
477 3251 558 3304 quam
578 3235 634 3289 dixi
663 3236 832 3307 geometrica
851 3236 922 3292 haec
947 3241 1007 3291 est:
1038 3234 1066 3289 in
1086 3236 1171 3306 globo
1196 3234 1352 3307 magnetica
1382 3232 1493 3287 dimidia

148 3332 216 3387 pars
237 3312 388 3385 porrigitur
408 3314 436 3369 iu
456 3316 671 3384 septentriones,
700 3314 809 3372 dimidia
828 3316 857 3371 in
876 3323 1017 3371 austrum:
1047 3316 1120 3369 etsi
1146 3316 1338 3371 ferramentum
1360 3330 1409 3369 seu
1429 3330 1490 3367 ser-

150 3396 252 3449 sorium
273 3394 359 3449 sitin
379 3394 572 3467 aequinoctiali
592 3396 708 3467 globuli,
729 3395 856 3467 dirigitur
875 3398 1027 3467 parallelos
1049 3396 1097 3451 axi
1117 3397 1233 3467 globuli,
1255 3414 1308 3451 non
1327 3395 1490 3455 inclinaturr

150 3475 174 3530 si
198 3475 261 3528 inde
291 3474 376 3529 aierit
405 3474 545 3547 digressa,
574 3476 729 3532 inclinatur.
777 3478 874 3549 ltaque
904 3477 1026 3533 dimidius
1056 3477 1156 3547 globus
1187 3476 1214 3530 in
1244 3492 1329 3531 causa
1355 3480 1490 3529 versatur.

152 3555 281 3611 Ceterum
301 3554 388 3609 omnis
410 3556 555 3611 declinatio
575 3556 604 3611 in
624 3563 678 3610 uno
699 3563 729 3611 et
748 3559 840 3611 eodem
861 3558 961 3613 circulo
986 3558 1103 3613 maximo
1127 3574 1176 3627 per
1196 3558 1274 3626 polos
1296 3561 1378 3610 eunte
1398 3570 1490 3610 nume·

150 3642 237 3699 ratur,
262 3636 332 3705 quod
353 3634 414 3689 inde
435 3637 479 3700 fit,
502 3636 567 3707 quia
591 3637 737 3692 declinatio
765 3638 849 3691 omnis
871 3641 905 3693 ad
926 3640 1004 3708 polos
1028 3638 1128 3710 vergit.
1169 3636 1284 3693 Etiamsi
1305 3636 1376 3691 euim
1397 3652 1415 3689 a
1435 3635 1490 3704 pri·

151 3716 226 3771 atino
244 3716 306 3769 loco
326 3722 471 3771 moveatur
489 3717 640 3772 tersorium
654 3720 688 3772 ad
703 3724 791 3772 ortum
805 3720 855 3771 snb
869 3722 964 3773 eodem
984 3720 1121 3789 parallelo
1136 3724 1166 3772 et
1179 3720 1230 3773 sub
1244 3718 1339 3771 eadem
1359 3714 1491 3771 distantia

145 3813 169 3865 ,a
188 3796 262 3866 polo,
285 3795 379 3865 itaque
399 3796 513 3860 accidat,
535 3804 567 3852 ut
580 3814 639 3851 cum
659 3799 734 3869 prius
755 3800 806 3852 sub
825 3800 973 3854 meridiano
993 3798 1072 3869 primi
1087 3798 1139 3852 loci
1160 3796 1344 3860 declinaverit,
1362 3795 1423 3865 jam
1436 3814 1491 3850 non

150 3878 202 3931 sub
222 3876 283 3941 illo,
303 3877 352 3929 sed
372 3878 423 3930 sub
444 3877 499 3930 alio
520 3879 668 3933 meridiano
688 3880 812 3933 abnuens
827 3880 960 3933 avertice
981 3877 1059 3949 primi
1079 3878 1238 3934 meridiani:
1259 3885 1351 3933 amen
1364 3877 1417 3931 hcc
1436 3894 1490 3931 non

151 3956 229 4011 venit
248 3956 277 4009 in
298 3973 408 4010 censum
429 3958 627 4022 declinationis,
649 3959 714 4029 quia
732 3959 874 4014 meridiani
894 3960 991 4015 infiniti
1011 3948 1083 4023 sunt
1105 3960 1197 4014 nullus
1215 3960 1270 4013 alio
1289 3958 1388 4028 potior,
1409 3962 1442 4015 ut
1455 3960 1491 4011 ad

143 4037 230 4112 illum
260 4037 348 4091 solum
376 4043 526 4093 ceterorum
557 4040 753 4093 declinationes
783 4046 990 4110 comparentur;
1020 4041 1100 4110 polus
1121 4046 1185 4095 'vero
1207 4046 1251 4095 est
1274 4039 1383 4102 unicus,
1405 4040 1490 4093 etad

150 4118 228 4175 illum
249 4124 443 4186 comparantur
463 4118 659 4173 declinationes
680 4120 796 4174 omnium
817 4137 835 4173 a
848 4122 912 4190 polo
933 4120 1132 4177 distantiarum.
1159 4122 1205 4174 Ex
1225 4119 1321 4190 quibus
1342 4119 1490 4182 conflatur,

152 4197 289 4251 dimidium
308 4197 388 4268 globi
407 4200 443 4251 ad
462 4200 671 4255 mensurandam
695 4201 905 4255 declinationem
925 4218 977 4253 non
999 4200 1122 4254 adhiberi
1149 4199 1321 4269 corpulentia
1340 4216 1403 4263 sua,
1426 4199 1491 4269 quia

152 4294 241 4349 neque
262 4277 410 4331 declinatio
429 4277 458 4331 in
477 4280 590 4350 longum
611 4286 641 4333 ct
660 4282 761 4341 latum,
789 4280 831 4333 uti
852 4280 921 4343 dixi,
954 4282 1000 4333 sed
1022 4286 1128 4335 tantum
1149 4281 1282 4335 inlatum
1310 4282 1490 4334 mensuranda

151 4363 288 4429 praestat.
315 4357 368 4411 Ubi
388 4357 411 4411 si
432 4358 516 4414 etiam
535 4361 569 4412 ad
589 4360 702 4431 longum
721 4361 861 4430 respicias,
884 4360 1029 4413 declinatio
1050 4361 1141 4429 potius
1163 4362 1240 4415 nulla
1260 4367 1303 4414 est
1322 4360 1349 4414 in
1368 4362 1488 4432 longum,

152 4456 186 4493 eo
207 4438 281 4508 ipso,
313 4440 383 4509 quod
405 4438 461 4493 dixi
490 4439 696 4493 declinationem
716 4441 744 4494 in
764 4440 924 4503 meridiano,
956 4440 1000 4511 qui
1020 4443 1133 4511 globum
1163 4442 1277 4495 bisecat
1316 4440 1489 4511 Relinquitur

152 4536 229 4590 ergo,
251 4518 275 4571 si
295 4518 430 4573 dimidium
449 4519 526 4590 globi
546 4527 688 4574 mensurat
712 4520 922 4583 declinationes,
950 4540 1003 4575 non
1023 4526 1164 4575 mensurat
1188 4529 1279 4577 autem
1307 4520 1487 4592 corpulentia,
1590 4542 1599 4555 ·

152 4598 323 4655 mensurabit
341 4598 428 4669 igitur
454 4600 555 4654 circulo
580 4600 697 4654 maximo
718 4618 767 4655 seu
793 4601 874 4671 plano
902 4602 1042 4656 meridiani
1067 4619 1117 4671 per
1141 4609 1263 4657 centrum
1284 4608 1378 4666 eunte,
1404 4600 1487 4671 plano

153 4679 264 4749 inquam
284 4678 397 4743 bisecto,
420 4680 484 4750 quia
504 4687 534 4734 et
552 4682 630 4753 globi
650 4680 785 4735 dimidium
800 4688 913 4737 tantum
933 4682 1087 4737 assumitur.

241 4759 284 4813 Sit
296 4760 368 4837 AQB
383 4764 450 4835 (Fig.
475 4766 539 4821 1³³)
560 4760 743 4817 semicirculus
757 4762 835 4833 globi
855 4763 1004 4833 magnetici
1018 4780 1067 4818 seu
1087 4762 1268 4827 telluriculae,
1290 4763 1338 4816 AB
1353 4760 1380 4815 in
1394 4759 1488 4833 aequi·

152 4838 276 4913 noctialip
297 4840 318 4895 G
338 4841 432 4909 polus,
454 4842 501 4898 CD
527 4842 661 4896 dimidium
689 4840 759 4897 axis.
799 4846 833 4905 A,
854 4843 887 4907 ll,
909 4844 937 4907 F,
960 4846 991 4907 G,
1013 4846 1048 4908 Η,
1071 4845 1090 4900 C
1111 4842 1210 4899 diversi
1234 4842 1339 4913 positus
1366 4841 1487 4897 versarii.

153 4922 297 4982 Ducentur
317 4938 354 4973 ex
372 4922 406 4985 E,
424 4924 454 4985 F,
473 4924 506 4983 G,
526 4924 553 4977 Η
572 4920 703 4993 paralleli
722 4922 776 4992 ipsi
794 4923 853 4977 AB.
886 4922 951 4978 Cum
973 4942 1039 4997 ergo
1061 4924 1208 4979 senorium
1232 4923 1260 4977 in
1279 4926 1305 4975 A
1330 4926 1374 4976 est
1392 4923 1487 4993 paral·

154 5002 242 5061 telum
262 5000 317 5075 ipsi
334 5000 396 5068 DA,
417 5020 468 5060 nec
488 5003 647 5075 inclinatur,
668 5003 734 5081 quia
753 5009 840 5067 toton
861 5006 1043 5080 quantitatem
1061 4996 1133 5065 ACB'
1152 5005 1230 5077 plani
1256 5004 1427 5062 hebetante
1447 5020 1486 5079 se,
1550 5000 1553 5011 '
