<?xml version="1.0" encoding="UTF-8"?>
<!DOCTYPE html PUBLIC "-//W3C//DTD XHTML 1.0 Transitional//EN"
    "http://www.w3.org/TR/xhtml1/DTD/xhtml1-transitional.dtd">
<html xmlns="http://www.w3.org/1999/xhtml" xml:lang="en" lang="en">
 <head>
  <title>
</title>
<meta http-equiv="Content-Type" content="text/html;charset=utf-8" />
  <meta name='ocr-system' content='tesseract 3.04.00' />
  <meta name='ocr-capabilities' content='ocr_page ocr_carea ocr_par ocr_line ocrx_word'/>
</head>
<body>
  <div class='ocr_page' id='page_1' title='image "./joanniskepleria23frisgoog/joanniskepleria23frisgoog_0012.png"; bbox 0 0 3517 5525; ppageno 0'>
   <div class='ocr_carea' id='block_1_1' title="bbox 209 330 316 461">
    <p class='ocr_par' dir='ltr' id='par_1_1' title="bbox 209 330 316 461">
     <span class='ocr_line' id='line_1_1' title="bbox 209 330 316 382; baseline -0.009 -12"><span class='ocrx_word' id='word_1_1' title='bbox 209 330 220 370; x_wconf 65' lang='grc' dir='ltr'>κ</span> <span class='ocrx_word' id='word_1_2' title='bbox 249 330 316 382; x_wconf 60' lang='lat' dir='ltr'><strong>,xa</strong></span> 
     </span>
     <span class='ocr_line' id='line_1_2' title="bbox 219 381 263 407; baseline 0 0"><span class='ocrx_word' id='word_1_3' title='bbox 219 381 263 407; x_wconf 77' lang='grc' dir='ltr'><strong>ἰ’</strong></span> 
     </span>
     <span class='ocr_line' id='line_1_3' title="bbox 221 438 263 461; baseline 0 0"><span class='ocrx_word' id='word_1_4' title='bbox 221 438 263 461; x_wconf 60' lang='grc' dir='ltr'><strong>ιΙ</strong></span> 
     </span>
    </p>
   </div>
   <div class='ocr_carea' id='block_1_2' title="bbox 459 1524 962 1631">
    <p class='ocr_par' dir='ltr' id='par_1_2' title="bbox 459 1524 962 1631">
     <span class='ocr_line' id='line_1_4' title="bbox 459 1524 962 1631; baseline 0.014 -6"><span class='ocrx_word' id='word_1_5' title='bbox 459 1524 962 1631; x_wconf 68' lang='lat' dir='ltr'><strong>PROOEMIUE</strong></span> 
     </span>
    </p>
   </div>
   <div class='ocr_carea' id='block_1_3' title="bbox 37 1799 1388 4972">
    <p class='ocr_par' dir='ltr' id='par_1_3' title="bbox 37 1799 1388 4972">
     <span class='ocr_line' id='line_1_5' title="bbox 71 1799 1388 2025; baseline 0.002 -24"><span class='ocrx_word' id='word_1_6' title='bbox 71 1799 277 2003; x_wconf 61' lang='lat' dir='ltr'><strong>indignorum</strong></span> <span class='ocrx_word' id='word_1_7' title='bbox 312 1939 508 2013; x_wconf 88' lang='lat' dir='ltr'><strong>documenta,</strong></span> <span class='ocrx_word' id='word_1_8' title='bbox 531 1938 737 2015; x_wconf 86' lang='lat' dir='ltr'><strong>continentur,</strong></span> <span class='ocrx_word' id='word_1_9' title='bbox 767 1942 833 2022; x_wconf 91' lang='lat' dir='ltr'><strong>ipse</strong></span> <span class='ocrx_word' id='word_1_10' title='bbox 856 1943 998 2025; x_wconf 77' lang='lat' dir='ltr'><strong>proponit</strong></span> <span class='ocrx_word' id='word_1_11' title='bbox 1024 1948 1130 2005; x_wconf 80' lang='lat' dir='ltr'>auctor</span> <span class='ocrx_word' id='word_1_12' title='bbox 1152 1961 1219 2005; x_wconf 89' lang='lat' dir='ltr'><strong>cum</strong></span> <span class='ocrx_word' id='word_1_13' title='bbox 1241 1941 1273 2003; x_wconf 92' lang='lat' dir='ltr'><strong>in</strong></span> <span class='ocrx_word' id='word_1_14' title='bbox 1295 1961 1388 2022; x_wconf 90' lang='lat' dir='ltr'><strong>prae-</strong></span> 
     </span>
     <span class='ocr_line' id='line_1_6' title="bbox 72 2026 1388 2111; baseline 0.004 -22"><span class='ocrx_word' id='word_1_15' title='bbox 72 2028 147 2089; x_wconf 80' lang='lat' dir='ltr'><strong>tuone</strong></span> <span class='ocrx_word' id='word_1_16' title='bbox 168 2048 237 2102; x_wconf 86' lang='lat' dir='ltr'><strong>sua,</strong></span> <span class='ocrx_word' id='word_1_17' title='bbox 264 2034 330 2091; x_wconf 89' lang='lat' dir='ltr'><strong>tum</strong></span> <span class='ocrx_word' id='word_1_18' title='bbox 355 2026 386 2091; x_wconf 90' lang='lat' dir='ltr'><strong>in</strong></span> <span class='ocrx_word' id='word_1_19' title='bbox 409 2027 505 2091; x_wconf 91' lang='lat' dir='ltr'><strong>indice</strong></span> <span class='ocrx_word' id='word_1_20' title='bbox 535 2048 623 2111; x_wconf 89' lang='lat' dir='ltr'><strong>quem</strong></span> <span class='ocrx_word' id='word_1_21' title='bbox 644 2028 803 2109; x_wconf 81' lang='lat' dir='ltr'><strong>praemisit</strong></span> <span class='ocrx_word' id='word_1_22' title='bbox 831 2030 1079 2111; x_wconf 86' lang='lat' dir='ltr'><strong>locupletissimo.</strong></span> <span class='ocrx_word' id='word_1_23' title='bbox 1124 2031 1333 2095; x_wconf 73' lang='lat' dir='ltr'><strong>Fundamenta</strong></span> <span class='ocrx_word' id='word_1_24' title='bbox 1356 2032 1388 2094; x_wconf 91' lang='lat' dir='ltr'><strong>in</strong></span> 
     </span>
     <span class='ocr_line' id='line_1_7' title="bbox 37 2116 1387 2201; baseline 0.006 -26"><span class='ocrx_word' id='word_1_25' title='bbox 37 2150 38 2153; x_wconf 60' lang='lat'><em>=</em></span> <span class='ocrx_word' id='word_1_26' title='bbox 70 2136 91 2175; x_wconf 80' lang='lat' dir='ltr'><strong>ro</strong></span> <span class='ocrx_word' id='word_1_27' title='bbox 107 2116 169 2195; x_wconf 88' lang='lat' dir='ltr'><strong>jecit</strong></span> <span class='ocrx_word' id='word_1_28' title='bbox 196 2116 404 2179; x_wconf 78' lang='lat' dir='ltr'><strong>astronomiae</strong></span> <span class='ocrx_word' id='word_1_29' title='bbox 437 2134 507 2179; x_wconf 88' lang='lat' dir='ltr'><strong>vere</strong></span> <span class='ocrx_word' id='word_1_30' title='bbox 541 2118 692 2192; x_wconf 85' lang='lat' dir='ltr'><strong>,novae,“</strong></span> <span class='ocrx_word' id='word_1_31' title='bbox 729 2118 938 2199; x_wconf 75' lang='lat' dir='ltr'><strong>legislatorem</strong></span> <span class='ocrx_word' id='word_1_32' title='bbox 966 2140 1001 2183; x_wconf 90' lang='lat' dir='ltr'><strong>se</strong></span> <span class='ocrx_word' id='word_1_33' title='bbox 1029 2116 1171 2201; x_wconf 90' lang='lat' dir='ltr'><strong>praebuit</strong></span> <span class='ocrx_word' id='word_1_34' title='bbox 1199 2137 1254 2199; x_wconf 92' lang='lat' dir='ltr'><strong>per</strong></span> <span class='ocrx_word' id='word_1_35' title='bbox 1283 2138 1387 2183; x_wconf 91' lang='lat' dir='ltr'><strong>omnes</strong></span> 
     </span>
     <span class='ocr_line' id='line_1_8' title="bbox 68 2206 1386 2291; baseline 0.002 -24"><span class='ocrx_word' id='word_1_36' title='bbox 68 2214 189 2285; x_wconf 61' lang='lat' dir='ltr'><strong>sequena</strong></span> <span class='ocrx_word' id='word_1_37' title='bbox 212 2213 336 2270; x_wconf 84' lang='lat' dir='ltr'><strong>aetates</strong></span> <span class='ocrx_word' id='word_1_38' title='bbox 359 2206 479 2287; x_wconf 90' lang='lat' dir='ltr'><strong>ingenio</strong></span> <span class='ocrx_word' id='word_1_39' title='bbox 502 2226 558 2269; x_wconf 88' lang='lat' dir='ltr'><strong>sno</strong></span> <span class='ocrx_word' id='word_1_40' title='bbox 577 2208 761 2273; x_wconf 86' lang='lat' dir='ltr'><strong>astronomis</strong></span> <span class='ocrx_word' id='word_1_41' title='bbox 782 2208 1014 2291; x_wconf 74' lang='lat' dir='ltr'><strong>praelucentem.</strong></span> <span class='ocrx_word' id='word_1_42' title='bbox 1052 2208 1150 2271; x_wconf 89' lang='lat' dir='ltr'><strong>Nemo</strong></span> <span class='ocrx_word' id='word_1_43' title='bbox 1172 2226 1312 2289; x_wconf 86' lang='lat' dir='ltr'><strong>unquam,</strong></span> <span class='ocrx_word' id='word_1_44' title='bbox 1336 2208 1386 2289; x_wconf 93' lang='lat' dir='ltr'><strong>qui</strong></span> 
     </span>
     <span class='ocr_line' id='line_1_9' title="bbox 67 2294 1386 2381; baseline 0.002 -24"><span class='ocrx_word' id='word_1_45' title='bbox 67 2294 196 2373; x_wconf 80' lang='lat' dir='ltr'><strong>pemtralia</strong></span> <span class='ocrx_word' id='word_1_46' title='bbox 218 2296 312 2375; x_wconf 87' lang='lat' dir='ltr'><strong>hujus</strong></span> <span class='ocrx_word' id='word_1_47' title='bbox 337 2294 481 2359; x_wconf 89' lang='lat' dir='ltr'><strong>scientiae</strong></span> <span class='ocrx_word' id='word_1_48' title='bbox 509 2295 701 2377; x_wconf 82' lang='lat' dir='ltr'><strong>ingressmus</strong></span> <span class='ocrx_word' id='word_1_49' title='bbox 727 2306 790 2373; x_wconf 89' lang='lat' dir='ltr'><strong>est,</strong></span> <span class='ocrx_word' id='word_1_50' title='bbox 820 2318 880 2361; x_wconf 90' lang='lat' dir='ltr'><strong>non</strong></span> <span class='ocrx_word' id='word_1_51' title='bbox 911 2295 1108 2381; x_wconf 82' lang='lat' dir='ltr'><strong>perlustrabit</strong></span> <span class='ocrx_word' id='word_1_52' title='bbox 1134 2298 1191 2359; x_wconf 92' lang='lat' dir='ltr'><strong>hoc</strong></span> <span class='ocrx_word' id='word_1_53' title='bbox 1216 2294 1386 2361; x_wconf 80' lang='lat' dir='ltr'><strong>immortale</strong></span> 
     </span>
     <span class='ocr_line' id='line_1_10' title="bbox 37 2382 1387 2469; baseline 0.004 -27"><span class='ocrx_word' id='word_1_54' title='bbox 37 2454 38 2467; x_wconf 10' lang='grc' dir='ltr'>χ</span> <span class='ocrx_word' id='word_1_55' title='bbox 71 2402 127 2462; x_wconf 82' lang='lat' dir='ltr'><strong>rpus,</strong></span> <span class='ocrx_word' id='word_1_56' title='bbox 151 2383 357 2447; x_wconf 86' lang='lat' dir='ltr'><strong>testimonium</strong></span> <span class='ocrx_word' id='word_1_57' title='bbox 387 2386 565 2465; x_wconf 76' lang='lat' dir='ltr'><strong>sagacitatis</strong></span> <span class='ocrx_word' id='word_1_58' title='bbox 596 2393 628 2448; x_wconf 90' lang='lat' dir='ltr'><strong>et</strong></span> <span class='ocrx_word' id='word_1_59' title='bbox 649 2385 815 2449; x_wconf 86' lang='lat' dir='ltr'><strong>industriae</strong></span> <span class='ocrx_word' id='word_1_60' title='bbox 844 2388 976 2451; x_wconf 76' lang='lat' dir='ltr'><strong>humma</strong></span> <span class='ocrx_word' id='word_1_61' title='bbox 1002 2385 1137 2467; x_wconf 76' lang='lat' dir='ltr'><strong>majoris.</strong></span> <span class='ocrx_word' id='word_1_62' title='bbox 1183 2382 1387 2469; x_wconf 87' lang='lat' dir='ltr'><strong>Quodcunque</strong></span> 
     </span>
     <span class='ocr_line' id='line_1_11' title="bbox 70 2471 1385 2561; baseline 0.003 -25.902"><span class='ocrx_word' id='word_1_63' title='bbox 70 2471 152 2535; x_wconf 73' lang='lat' dir='ltr'><strong>adimus</strong></span> <span class='ocrx_word' id='word_1_64' title='bbox 179 2492 252 2554; x_wconf 87' lang='lat' dir='ltr'><strong>opus</strong></span> <span class='ocrx_word' id='word_1_65' title='bbox 288 2475 491 2555; x_wconf 85' lang='lat' dir='ltr'><strong>posteriorum</strong></span> <span class='ocrx_word' id='word_1_66' title='bbox 525 2483 778 2550; x_wconf 87' lang='lat' dir='ltr'><strong>astronomorum,</strong></span> <span class='ocrx_word' id='word_1_67' title='bbox 814 2475 928 2539; x_wconf 92' lang='lat' dir='ltr'><strong>nullum</strong></span> <span class='ocrx_word' id='word_1_68' title='bbox 962 2474 1227 2561; x_wconf 85' lang='lat' dir='ltr'><strong>deprehendimus,</strong></span> <span class='ocrx_word' id='word_1_69' title='bbox 1265 2474 1297 2537; x_wconf 92' lang='lat' dir='ltr'><strong>in</strong></span> <span class='ocrx_word' id='word_1_70' title='bbox 1326 2495 1385 2559; x_wconf 92' lang='lat' dir='ltr'><strong>quo</strong></span> 
     </span>
     <span class='ocr_line' id='line_1_12' title="bbox 37 2544 1385 2647; baseline 0.002 -23"><span class='ocrx_word' id='word_1_71' title='bbox 37 2544 38 2615; x_wconf 74' lang='lat' dir='ltr'><strong>l</strong></span> <span class='ocrx_word' id='word_1_72' title='bbox 70 2562 244 2639; x_wconf 69' lang='lat' dir='ltr'><strong>summissa</strong></span> <span class='ocrx_word' id='word_1_73' title='bbox 273 2562 316 2625; x_wconf 89' lang='lat' dir='ltr'><strong>sit</strong></span> <span class='ocrx_word' id='word_1_74' title='bbox 344 2562 456 2627; x_wconf 89' lang='lat' dir='ltr'><strong>mentio</strong></span> <span class='ocrx_word' id='word_1_75' title='bbox 487 2564 708 2640; x_wconf 86' lang='lat' dir='ltr'><strong>inventionum,</strong></span> <span class='ocrx_word' id='word_1_76' title='bbox 742 2585 818 2647; x_wconf 87' lang='lat' dir='ltr'><strong>quas</strong></span> <span class='ocrx_word' id='word_1_77' title='bbox 846 2565 948 2647; x_wconf 91' lang='lat' dir='ltr'><strong>prodit</strong></span> <span class='ocrx_word' id='word_1_78' title='bbox 968 2564 1121 2647; x_wconf 86' lang='lat' dir='ltr'><strong>Keplerus</strong></span> <span class='ocrx_word' id='word_1_79' title='bbox 1145 2562 1176 2628; x_wconf 88' lang='lat' dir='ltr'><strong>in</strong></span> <span class='ocrx_word' id='word_1_80' title='bbox 1200 2558 1385 2639; x_wconf 83' lang='lat' dir='ltr'><strong>„Commen-</strong></span> 
     </span>
     <span class='ocr_line' id='line_1_13' title="bbox 37 2650 1386 2735; baseline 0.002 -23"><span class='ocrx_word' id='word_1_81' title='bbox 37 2698 38 2723; x_wconf 77' lang='lat'><strong>,</strong></span> <span class='ocrx_word' id='word_1_82' title='bbox 71 2650 128 2712; x_wconf 76' lang='lat' dir='ltr'><strong>criu</strong></span> <span class='ocrx_word' id='word_1_83' title='bbox 151 2652 276 2715; x_wconf 77' lang='lat' dir='ltr'><strong>Martis⁶⁴</strong></span> <span class='ocrx_word' id='word_1_84' title='bbox 313 2653 468 2734; x_wconf 88' lang='lat' dir='ltr'><strong>ipsiusque</strong></span> <span class='ocrx_word' id='word_1_85' title='bbox 499 2653 681 2735; x_wconf 81' lang='lat' dir='ltr'><strong>procedendi</strong></span> <span class='ocrx_word' id='word_1_86' title='bbox 713 2653 849 2717; x_wconf 87' lang='lat' dir='ltr'><strong>rationis.</strong></span> <span class='ocrx_word' id='word_1_87' title='bbox 897 2654 1012 2717; x_wconf 90' lang='lat' dir='ltr'><strong>Omnes</strong></span> <span class='ocrx_word' id='word_1_88' title='bbox 1039 2654 1072 2717; x_wconf 92' lang='lat' dir='ltr'><strong>iu</strong></span> <span class='ocrx_word' id='word_1_89' title='bbox 1100 2653 1162 2716; x_wconf 90' lang='lat' dir='ltr'><strong>illis</strong></span> <span class='ocrx_word' id='word_1_90' title='bbox 1195 2652 1386 2719; x_wconf 89' lang='lat' dir='ltr'><strong>consentiunt</strong></span> 
     </span>
     <span class='ocr_line' id='line_1_14' title="bbox 71 2738 1384 2826; baseline 0.005 -24"><span class='ocrx_word' id='word_1_91' title='bbox 71 2738 200 2818; x_wconf 72' lang='lat' dir='ltr'><strong>tutandis,</strong></span> <span class='ocrx_word' id='word_1_92' title='bbox 221 2760 322 2824; x_wconf 90' lang='lat' dir='ltr'><strong>neque</strong></span> <span class='ocrx_word' id='word_1_93' title='bbox 346 2760 418 2806; x_wconf 91' lang='lat' dir='ltr'><strong>vero</strong></span> <span class='ocrx_word' id='word_1_94' title='bbox 437 2762 541 2806; x_wconf 91' lang='lat' dir='ltr'><strong>omues</strong></span> <span class='ocrx_word' id='word_1_95' title='bbox 564 2763 658 2826; x_wconf 89' lang='lat' dir='ltr'><strong>aeque</strong></span> <span class='ocrx_word' id='word_1_96' title='bbox 680 2744 849 2826; x_wconf 87' lang='lat' dir='ltr'><strong>ponderant</strong></span> <span class='ocrx_word' id='word_1_97' title='bbox 870 2744 949 2808; x_wconf 81' lang='lat' dir='ltr'><strong>hauc</strong></span> <span class='ocrx_word' id='word_1_98' title='bbox 964 2743 1064 2826; x_wconf 87' lang='lat' dir='ltr'><strong>ipsam</strong></span> <span class='ocrx_word' id='word_1_99' title='bbox 1085 2741 1234 2809; x_wconf 87' lang='lat' dir='ltr'><strong>rationem</strong></span> <span class='ocrx_word' id='word_1_100' title='bbox 1256 2748 1287 2804; x_wconf 91' lang='lat' dir='ltr'><strong>et</strong></span> <span class='ocrx_word' id='word_1_101' title='bbox 1309 2763 1384 2808; x_wconf 91' lang='lat' dir='ltr'><strong>con-</strong></span> 
     </span>
     <span class='ocr_line' id='line_1_15' title="bbox 71 2828 1383 2918; baseline 0.005 -29"><span class='ocrx_word' id='word_1_102' title='bbox 71 2828 175 2892; x_wconf 85' lang='lat' dir='ltr'><strong>ditionem</strong></span> <span class='ocrx_word' id='word_1_103' title='bbox 195 2839 368 2913; x_wconf 89' lang='lat' dir='ltr'><strong>temporum</strong></span> <span class='ocrx_word' id='word_1_104' title='bbox 389 2852 556 2914; x_wconf 88' lang='lat' dir='ltr'><strong>rerumque,</strong></span> <span class='ocrx_word' id='word_1_105' title='bbox 580 2853 656 2914; x_wconf 91' lang='lat' dir='ltr'><strong>quae</strong></span> <span class='ocrx_word' id='word_1_106' title='bbox 678 2833 812 2918; x_wconf 88' lang='lat' dir='ltr'><strong>Keplero</strong></span> <span class='ocrx_word' id='word_1_107' title='bbox 834 2835 867 2898; x_wconf 90' lang='lat' dir='ltr'><strong>in</strong></span> <span class='ocrx_word' id='word_1_108' title='bbox 888 2833 1069 2916; x_wconf 85' lang='lat' dir='ltr'><strong>perficiendo</strong></span> <span class='ocrx_word' id='word_1_109' title='bbox 1090 2833 1149 2894; x_wconf 91' lang='lat' dir='ltr'><strong>hoc</strong></span> <span class='ocrx_word' id='word_1_110' title='bbox 1172 2850 1262 2912; x_wconf 89' lang='lat' dir='ltr'><strong>opere</strong></span> <span class='ocrx_word' id='word_1_111' title='bbox 1284 2831 1383 2914; x_wconf 91' lang='lat' dir='ltr'><strong>impe-</strong></span> 
     </span>
     <span class='ocr_line' id='line_1_16' title="bbox 72 2917 1385 3004; baseline 0.006 -26"><span class='ocrx_word' id='word_1_112' title='bbox 72 2917 165 2981; x_wconf 85' lang='lat' dir='ltr'><strong>dimento</strong></span> <span class='ocrx_word' id='word_1_113' title='bbox 191 2921 325 2983; x_wconf 71' lang='lat' dir='ltr'><strong>merant.</strong></span> <span class='ocrx_word' id='word_1_114' title='bbox 372 2921 519 2997; x_wconf 83' lang='lat' dir='ltr'><strong>Quidam,</strong></span> <span class='ocrx_word' id='word_1_115' title='bbox 550 2942 656 3003; x_wconf 90' lang='lat' dir='ltr'><strong>parum</strong></span> <span class='ocrx_word' id='word_1_116' title='bbox 686 2931 904 3004; x_wconf 81' lang='lat' dir='ltr'><strong>cognoscentes</strong></span> <span class='ocrx_word' id='word_1_117' title='bbox 926 2923 985 2986; x_wconf 89' lang='lat' dir='ltr'><strong>viri</strong></span> <span class='ocrx_word' id='word_1_118' title='bbox 1007 2922 1169 3003; x_wconf 87' lang='lat' dir='ltr'><strong>ingenium,</strong></span> <span class='ocrx_word' id='word_1_119' title='bbox 1190 2920 1269 2983; x_wconf 85' lang='lat' dir='ltr'><strong>forte</strong></span> <span class='ocrx_word' id='word_1_120' title='bbox 1292 2921 1385 2986; x_wconf 86' lang='lat' dir='ltr'><strong>etiam</strong></span> 
     </span>
     <span class='ocr_line' id='line_1_17' title="bbox 71 3004 1382 3096; baseline 0.006 -30"><span class='ocrx_word' id='word_1_121' title='bbox 71 3005 137 3072; x_wconf 80' lang='lat' dir='ltr'><strong>unos</strong></span> <span class='ocrx_word' id='word_1_122' title='bbox 154 3008 253 3072; x_wconf 93' lang='lat' dir='ltr'><strong>imbuti</strong></span> <span class='ocrx_word' id='word_1_123' title='bbox 286 3009 385 3090; x_wconf 88' lang='lat' dir='ltr'><strong>ipsius</strong></span> <span class='ocrx_word' id='word_1_124' title='bbox 410 3004 542 3092; x_wconf 83' lang='lat' dir='ltr'><strong>scriptis,</strong></span> <span class='ocrx_word' id='word_1_125' title='bbox 574 3011 764 3078; x_wconf 89' lang='lat' dir='ltr'><strong>inventiones</strong></span> <span class='ocrx_word' id='word_1_126' title='bbox 794 3012 920 3095; x_wconf 86' lang='lat' dir='ltr'><strong>Kepleri</strong></span> <span class='ocrx_word' id='word_1_127' title='bbox 950 3012 1036 3096; x_wconf 87' lang='lat' dir='ltr'><strong>quasi</strong></span> <span class='ocrx_word' id='word_1_128' title='bbox 1068 3012 1206 3074; x_wconf 80' lang='lat' dir='ltr'><strong>fortunae</strong></span> <span class='ocrx_word' id='word_1_129' title='bbox 1236 3008 1382 3074; x_wconf 84' lang='lat' dir='ltr'><strong>tribuunt</strong></span> 
     </span>
     <span class='ocr_line' id='line_1_18' title="bbox 72 3094 1385 3182; baseline 0 -22"><span class='ocrx_word' id='word_1_130' title='bbox 72 3094 119 3170; x_wconf 85' lang='lat' dir='ltr'><strong>llil,</strong></span> <span class='ocrx_word' id='word_1_131' title='bbox 136 3117 307 3180; x_wconf 87' lang='lat' dir='ltr'><strong>quamquam</strong></span> <span class='ocrx_word' id='word_1_132' title='bbox 333 3109 517 3182; x_wconf 86' lang='lat' dir='ltr'><strong>cognoscunt</strong></span> <span class='ocrx_word' id='word_1_133' title='bbox 539 3101 735 3165; x_wconf 82' lang='lat' dir='ltr'><strong>excellentem</strong></span> <span class='ocrx_word' id='word_1_134' title='bbox 749 3103 860 3182; x_wconf 86' lang='lat' dir='ltr'><strong>ingenii</strong></span> <span class='ocrx_word' id='word_1_135' title='bbox 878 3101 1045 3165; x_wconf 83' lang='lat' dir='ltr'><strong>bonitatem</strong></span> <span class='ocrx_word' id='word_1_136' title='bbox 1060 3095 1186 3182; x_wconf 87' lang='lat' dir='ltr'><strong>eamqire</strong></span> <span class='ocrx_word' id='word_1_137' title='bbox 1200 3099 1282 3162; x_wconf 88' lang='lat' dir='ltr'><strong>haud</strong></span> <span class='ocrx_word' id='word_1_138' title='bbox 1296 3099 1385 3182; x_wconf 86' lang='lat' dir='ltr'><strong>parvi</strong></span> 
     </span>
     <span class='ocr_line' id='line_1_19' title="bbox 72 3183 1384 3272; baseline 0.005 -27"><span class='ocrx_word' id='word_1_139' title='bbox 72 3183 156 3260; x_wconf 82' lang='lat' dir='ltr'><strong>labem,</strong></span> <span class='ocrx_word' id='word_1_140' title='bbox 175 3199 275 3252; x_wconf 89' lang='lat' dir='ltr'><strong>tamen</strong></span> <span class='ocrx_word' id='word_1_141' title='bbox 299 3189 400 3252; x_wconf 88' lang='lat' dir='ltr'><strong>minus</strong></span> <span class='ocrx_word' id='word_1_142' title='bbox 423 3210 512 3272; x_wconf 87' lang='lat' dir='ltr'><strong>quam</strong></span> <span class='ocrx_word' id='word_1_143' title='bbox 529 3210 585 3272; x_wconf 87' lang='lat' dir='ltr'><strong>par</strong></span> <span class='ocrx_word' id='word_1_144' title='bbox 604 3199 653 3254; x_wconf 89' lang='lat' dir='ltr'><strong>est</strong></span> <span class='ocrx_word' id='word_1_145' title='bbox 670 3191 836 3272; x_wconf 89' lang='lat' dir='ltr'><strong>respiciunt</strong></span> <span class='ocrx_word' id='word_1_146' title='bbox 857 3190 1014 3254; x_wconf 85' lang='lat' dir='ltr'><strong>literarum</strong></span> <span class='ocrx_word' id='word_1_147' title='bbox 1036 3189 1146 3264; x_wconf 89' lang='lat' dir='ltr'><strong>studia,</strong></span> <span class='ocrx_word' id='word_1_148' title='bbox 1170 3187 1277 3270; x_wconf 90' lang='lat' dir='ltr'><strong>quibus</strong></span> <span class='ocrx_word' id='word_1_149' title='bbox 1290 3187 1384 3252; x_wconf 87' lang='lat' dir='ltr'><strong>initio</strong></span> 
     </span>
     <span class='ocr_line' id='line_1_20' title="bbox 73 3273 1383 3362; baseline 0.003 -26"><span class='ocrx_word' id='word_1_150' title='bbox 73 3273 135 3336; x_wconf 80' lang='lat' dir='ltr'><strong>sculi</strong></span> <span class='ocrx_word' id='word_1_151' title='bbox 157 3277 255 3340; x_wconf 87' lang='lat' dir='ltr'>XVII.</span> <span class='ocrx_word' id='word_1_152' title='bbox 287 3287 481 3342; x_wconf 88' lang='lat' dir='ltr'><strong>astronomus</strong></span> <span class='ocrx_word' id='word_1_153' title='bbox 511 3279 598 3344; x_wconf 89' lang='lat' dir='ltr'><strong>inniti</strong></span> <span class='ocrx_word' id='word_1_154' title='bbox 629 3281 737 3362; x_wconf 86' lang='lat' dir='ltr'><strong>potuit</strong></span> <span class='ocrx_word' id='word_1_155' title='bbox 783 3281 818 3344; x_wconf 91' lang='lat' dir='ltr'><strong>ln</strong></span> <span class='ocrx_word' id='word_1_156' title='bbox 846 3277 1080 3353; x_wconf 87' lang='lat' dir='ltr'><strong>mathematicis,</strong></span> <span class='ocrx_word' id='word_1_157' title='bbox 1102 3283 1136 3340; x_wconf 92' lang='lat' dir='ltr'><strong>ut</strong></span> <span class='ocrx_word' id='word_1_158' title='bbox 1167 3275 1290 3356; x_wconf 91' lang='lat' dir='ltr'><strong>saepius</strong></span> <span class='ocrx_word' id='word_1_159' title='bbox 1316 3278 1383 3356; x_wconf 88' lang='lat' dir='ltr'><strong>jam</strong></span> 
     </span>
     <span class='ocr_line' id='line_1_21' title="bbox 72 3361 1381 3450; baseline 0.006 -28"><span class='ocrx_word' id='word_1_160' title='bbox 72 3361 149 3426; x_wconf 81' lang='lat' dir='ltr'><strong>dom</strong></span> <span class='ocrx_word' id='word_1_161' title='bbox 174 3373 237 3442; x_wconf 89' lang='lat' dir='ltr'><strong>est,</strong></span> <span class='ocrx_word' id='word_1_162' title='bbox 271 3368 406 3448; x_wconf 85' lang='lat' dir='ltr'><strong>cognitio</strong></span> <span class='ocrx_word' id='word_1_163' title='bbox 436 3375 468 3430; x_wconf 93' lang='lat' dir='ltr'><strong>et</strong></span> <span class='ocrx_word' id='word_1_164' title='bbox 499 3370 627 3434; x_wconf 89' lang='lat' dir='ltr'><strong>scientia</strong></span> <span class='ocrx_word' id='word_1_165' title='bbox 664 3389 769 3450; x_wconf 89' lang='lat' dir='ltr'><strong>parum</strong></span> <span class='ocrx_word' id='word_1_166' title='bbox 804 3368 992 3432; x_wconf 82' lang='lat' dir='ltr'><strong>excedebant</strong></span> <span class='ocrx_word' id='word_1_167' title='bbox 1030 3386 1087 3442; x_wconf 86' lang='lat' dir='ltr'><strong>ea,</strong></span> <span class='ocrx_word' id='word_1_168' title='bbox 1120 3383 1194 3445; x_wconf 92' lang='lat' dir='ltr'><strong>quae</strong></span> <span class='ocrx_word' id='word_1_169' title='bbox 1224 3364 1381 3442; x_wconf 85' lang='lat' dir='ltr'><strong>Euclides,</strong></span> 
     </span>
     <span class='ocr_line' id='line_1_22' title="bbox 37 3452 1381 3542; baseline 0.004 -29"><span class='ocrx_word' id='word_1_170' title='bbox 37 3487 38 3540; x_wconf 64' lang='lat' dir='ltr'><strong>q</strong></span> <span class='ocrx_word' id='word_1_171' title='bbox 72 3452 247 3533; x_wconf 70' lang='lat' dir='ltr'><strong>hchmedes,</strong></span> <span class='ocrx_word' id='word_1_172' title='bbox 280 3457 466 3538; x_wconf 85' lang='lat' dir='ltr'><strong>Apollonius</strong></span> <span class='ocrx_word' id='word_1_173' title='bbox 496 3460 748 3542; x_wconf 86' lang='lat' dir='ltr'><strong>suppeditabant,</strong></span> <span class='ocrx_word' id='word_1_174' title='bbox 780 3456 978 3542; x_wconf 80' lang='lat' dir='ltr'><strong>compendia3</strong></span> <span class='ocrx_word' id='word_1_175' title='bbox 1010 3474 1085 3538; x_wconf 87' lang='lat' dir='ltr'><strong>quae</strong></span> <span class='ocrx_word' id='word_1_176' title='bbox 1115 3453 1171 3516; x_wconf 89' lang='lat' dir='ltr'><strong>sub</strong></span> <span class='ocrx_word' id='word_1_177' title='bbox 1198 3453 1287 3516; x_wconf 65' lang='lat' dir='ltr'><strong>mem</strong></span> <span class='ocrx_word' id='word_1_178' title='bbox 1316 3455 1381 3537; x_wconf 87' lang='lat' dir='ltr'><strong>ejus</strong></span> 
     </span>
     <span class='ocr_line' id='line_1_23' title="bbox 72 3541 1381 3630; baseline 0.003 -28"><span class='ocrx_word' id='word_1_179' title='bbox 72 3541 134 3604; x_wconf 84' lang='lat' dir='ltr'><strong>seculi</strong></span> <span class='ocrx_word' id='word_1_180' title='bbox 152 3544 310 3628; x_wconf 88' lang='lat' dir='ltr'><strong>cuicunque</strong></span> <span class='ocrx_word' id='word_1_181' title='bbox 334 3548 507 3614; x_wconf 86' lang='lat' dir='ltr'><strong>matheseos</strong></span> <span class='ocrx_word' id='word_1_182' title='bbox 530 3550 634 3630; x_wconf 89' lang='lat' dir='ltr'><strong>generi</strong></span> <span class='ocrx_word' id='word_1_183' title='bbox 657 3549 791 3614; x_wconf 90' lang='lat' dir='ltr'><strong>subsidio</strong></span> <span class='ocrx_word' id='word_1_184' title='bbox 815 3550 954 3622; x_wconf 81' lang='lat' dir='ltr'><strong>fuerunt,</strong></span> <span class='ocrx_word' id='word_1_185' title='bbox 978 3543 1076 3611; x_wconf 88' lang='lat' dir='ltr'><strong>omnia</strong></span> <span class='ocrx_word' id='word_1_186' title='bbox 1098 3551 1162 3606; x_wconf 88' lang='lat' dir='ltr'><strong>tum</strong></span> <span class='ocrx_word' id='word_1_187' title='bbox 1185 3543 1320 3620; x_wconf 88' lang='lat' dir='ltr'><strong>deerant,</strong></span> <span class='ocrx_word' id='word_1_188' title='bbox 1342 3563 1381 3608; x_wconf 92' lang='lat' dir='ltr'><strong>ne</strong></span> 
     </span>
     <span class='ocr_line' id='line_1_24' title="bbox 37 3625 1381 3730; baseline 0.004 -37"><span class='ocrx_word' id='word_1_189' title='bbox 37 3677 38 3730; x_wconf 64' lang='lat' dir='ltr'><strong>q</strong></span> <span class='ocrx_word' id='word_1_190' title='bbox 72 3625 225 3708; x_wconf 77' lang='lat' dir='ltr'><strong>leganthmos</strong></span> <span class='ocrx_word' id='word_1_191' title='bbox 256 3636 379 3718; x_wconf 90' lang='lat' dir='ltr'><strong>quidem</strong></span> <span class='ocrx_word' id='word_1_192' title='bbox 402 3656 438 3698; x_wconf 90' lang='lat' dir='ltr'><strong>eo</strong></span> <span class='ocrx_word' id='word_1_193' title='bbox 461 3657 520 3719; x_wconf 94' lang='lat' dir='ltr'><strong>quo</strong></span> <span class='ocrx_word' id='word_1_194' title='bbox 543 3658 617 3720; x_wconf 84' lang='lat' dir='ltr'><strong>opus</strong></span> <span class='ocrx_word' id='word_1_195' title='bbox 641 3657 726 3702; x_wconf 90' lang='lat' dir='ltr'><strong>suum</strong></span> <span class='ocrx_word' id='word_1_196' title='bbox 749 3638 880 3705; x_wconf 85' lang='lat' dir='ltr'><strong>confecit</strong></span> <span class='ocrx_word' id='word_1_197' title='bbox 910 3645 1046 3725; x_wconf 83' lang='lat' dir='ltr'><strong>tempore</strong></span> <span class='ocrx_word' id='word_1_198' title='bbox 1066 3630 1217 3713; x_wconf 88' lang='lat' dir='ltr'><strong>Keplerus</strong></span> <span class='ocrx_word' id='word_1_199' title='bbox 1240 3653 1328 3696; x_wconf 91' lang='lat' dir='ltr'><strong>suum</strong></span> <span class='ocrx_word' id='word_1_200' title='bbox 1349 3633 1381 3698; x_wconf 94' lang='lat' dir='ltr'><strong>in</strong></span> 
     </span>
     <span class='ocr_line' id='line_1_25' title="bbox 37 3721 1381 3810; baseline 0.004 -28"><span class='ocrx_word' id='word_1_201' title='bbox 37 3735 38 3808; x_wconf 62' lang='lat' dir='ltr'><strong>p</strong></span> <span class='ocrx_word' id='word_1_202' title='bbox 73 3735 128 3782; x_wconf 79' lang='lat' dir='ltr'><strong>um</strong></span> <span class='ocrx_word' id='word_1_203' title='bbox 145 3732 255 3788; x_wconf 89' lang='lat' dir='ltr'><strong>vertera</strong></span> <span class='ocrx_word' id='word_1_204' title='bbox 277 3727 388 3806; x_wconf 83' lang='lat' dir='ltr'><strong>potuit</strong></span> <span class='ocrx_word' id='word_1_205' title='bbox 435 3726 537 3800; x_wconf 81' lang='lat' dir='ltr'><strong>Quare</strong></span> <span class='ocrx_word' id='word_1_206' title='bbox 562 3728 671 3803; x_wconf 89' lang='lat' dir='ltr'><strong>omnia,</strong></span> <span class='ocrx_word' id='word_1_207' title='bbox 695 3747 771 3810; x_wconf 87' lang='lat' dir='ltr'><strong>quaa</strong></span> <span class='ocrx_word' id='word_1_208' title='bbox 794 3728 825 3792; x_wconf 88' lang='lat' dir='ltr'><strong>in</strong></span> <span class='ocrx_word' id='word_1_209' title='bbox 847 3727 902 3790; x_wconf 93' lang='lat' dir='ltr'><strong>illo</strong></span> <span class='ocrx_word' id='word_1_210' title='bbox 924 3725 1006 3788; x_wconf 85' lang='lat' dir='ltr'><strong>hand</strong></span> <span class='ocrx_word' id='word_1_211' title='bbox 1025 3741 1123 3804; x_wconf 85' lang='lat' dir='ltr'><strong>pauca</strong></span> <span class='ocrx_word' id='word_1_212' title='bbox 1143 3739 1199 3802; x_wconf 87' lang='lat' dir='ltr'><strong>per</strong></span> <span class='ocrx_word' id='word_1_213' title='bbox 1221 3721 1381 3787; x_wconf 89' lang='lat' dir='ltr'><strong>scientiam</strong></span> 
     </span>
     <span class='ocr_line' id='line_1_26' title="bbox 72 3807 1381 3898; baseline -0.002 -21"><span class='ocrx_word' id='word_1_214' title='bbox 72 3807 274 3880; x_wconf 66' lang='lat' dir='ltr'><strong>Mbematicam</strong></span> <span class='ocrx_word' id='word_1_215' title='bbox 296 3815 485 3881; x_wconf 83' lang='lat' dir='ltr'><strong>absolvenda</strong></span> <span class='ocrx_word' id='word_1_216' title='bbox 507 3825 603 3894; x_wconf 85' lang='lat' dir='ltr'><strong>erant,</strong></span> <span class='ocrx_word' id='word_1_217' title='bbox 625 3817 796 3883; x_wconf 80' lang='lat' dir='ltr'><strong>revocanda</strong></span> <span class='ocrx_word' id='word_1_218' title='bbox 818 3824 906 3880; x_wconf 84' lang='lat' dir='ltr'><strong>erant</strong></span> <span class='ocrx_word' id='word_1_219' title='bbox 923 3815 963 3879; x_wconf 88' lang='lat' dir='ltr'><strong>ad</strong></span> <span class='ocrx_word' id='word_1_220' title='bbox 979 3810 1174 3898; x_wconf 88' lang='lat' dir='ltr'><strong>geometriam</strong></span> <span class='ocrx_word' id='word_1_221' title='bbox 1194 3810 1381 3892; x_wconf 87' lang='lat' dir='ltr'><strong>ettrigono-</strong></span> 
     </span>
     <span class='ocr_line' id='line_1_27' title="bbox 72 3899 1379 3986; baseline 0 -22"><span class='ocrx_word' id='word_1_222' title='bbox 72 3899 171 3964; x_wconf 63' lang='lat' dir='ltr'><strong>mtn&#39;am</strong></span> <span class='ocrx_word' id='word_1_223' title='bbox 191 3902 420 3982; x_wconf 88' lang='lat' dir='ltr'><strong>elementarem,</strong></span> <span class='ocrx_word' id='word_1_224' title='bbox 443 3907 487 3970; x_wconf 86' lang='lat' dir='ltr'><strong>ita</strong></span> <span class='ocrx_word' id='word_1_225' title='bbox 510 3915 544 3972; x_wconf 91' lang='lat' dir='ltr'><strong>ut</strong></span> <span class='ocrx_word' id='word_1_226' title='bbox 565 3907 618 3972; x_wconf 74' lang='lat' dir='ltr'><strong>vix</strong></span> <span class='ocrx_word' id='word_1_227' title='bbox 639 3905 687 3970; x_wconf 91' lang='lat' dir='ltr'><strong>bis</strong></span> <span class='ocrx_word' id='word_1_228' title='bbox 710 3915 794 3970; x_wconf 90' lang='lat' dir='ltr'><strong>terve</strong></span> <span class='ocrx_word' id='word_1_229' title='bbox 816 3904 966 3986; x_wconf 87' lang='lat' dir='ltr'><strong>Keplerus</strong></span> <span class='ocrx_word' id='word_1_230' title='bbox 994 3921 1087 3965; x_wconf 88' lang='lat' dir='ltr'><strong>ausus</strong></span> <span class='ocrx_word' id='word_1_231' title='bbox 1116 3899 1208 3965; x_wconf 85' lang='lat' dir='ltr'><strong>fuerit</strong></span> <span class='ocrx_word' id='word_1_232' title='bbox 1235 3899 1379 3966; x_wconf 87' lang='lat' dir='ltr'><strong>adhibere</strong></span> 
     </span>
     <span class='ocr_line' id='line_1_28' title="bbox 73 3983 1379 4078; baseline 0.002 -26"><span class='ocrx_word' id='word_1_233' title='bbox 73 3983 179 4052; x_wconf 62' lang='lat' dir='ltr'><strong>ticulum</strong></span> <span class='ocrx_word' id='word_1_234' title='bbox 199 3993 403 4074; x_wconf 84' lang='lat' dir='ltr'><strong>algebraicom</strong></span> <span class='ocrx_word' id='word_1_235' title='bbox 427 3997 689 4078; x_wconf 88' lang='lat' dir='ltr'><strong>aequationesque.</strong></span> <span class='ocrx_word' id='word_1_236' title='bbox 728 3994 966 4060; x_wconf 87' lang='lat' dir='ltr'><strong>Observationes</strong></span> <span class='ocrx_word' id='word_1_237' title='bbox 987 3989 1219 4066; x_wconf 84' lang='lat' dir='ltr'><strong>astronomicae,</strong></span> <span class='ocrx_word' id='word_1_238' title='bbox 1242 3989 1379 4071; x_wconf 88' lang='lat' dir='ltr'><strong>quamvis</strong></span> 
     </span>
     <span class='ocr_line' id='line_1_29' title="bbox 73 4075 1379 4182; baseline -0.001 -40"><span class='ocrx_word' id='word_1_239' title='bbox 73 4075 213 4156; x_wconf 69' lang='lat' dir='ltr'><strong>ababuc</strong></span> <span class='ocrx_word' id='word_1_240' title='bbox 235 4092 379 4164; x_wconf 83' lang='lat' dir='ltr'><strong>quantum</strong></span> <span class='ocrx_word' id='word_1_241' title='bbox 402 4091 466 4148; x_wconf 92' lang='lat' dir='ltr'><strong>tum</strong></span> <span class='ocrx_word' id='word_1_242' title='bbox 488 4086 552 4150; x_wconf 85' lang='lat' dir='ltr'><strong>lieri</strong></span> <span class='ocrx_word' id='word_1_243' title='bbox 573 4085 674 4166; x_wconf 90' lang='lat' dir='ltr'><strong>potuit</strong></span> <span class='ocrx_word' id='word_1_244' title='bbox 695 4084 842 4160; x_wconf 79' lang='lat' dir='ltr'><strong>excultae,</strong></span> <span class='ocrx_word' id='word_1_245' title='bbox 865 4083 956 4162; x_wconf 86' lang='lat' dir='ltr'><strong>longe</strong></span> <span class='ocrx_word' id='word_1_246' title='bbox 975 4088 1078 4145; x_wconf 81' lang='lat' dir='ltr'><strong>tamm</strong></span> <span class='ocrx_word' id='word_1_247' title='bbox 1099 4078 1259 4144; x_wconf 84' lang='lat' dir='ltr'><strong>abluerunt</strong></span> <span class='ocrx_word' id='word_1_248' title='bbox 1281 4079 1319 4142; x_wconf 89' lang='lat' dir='ltr'><strong>ab</strong></span> <span class='ocrx_word' id='word_1_249' title='bbox 1342 4099 1379 4182; x_wconf 64' lang='lat' dir='ltr'><strong>qo</strong></span> 
     </span>
     <span class='ocr_line' id='line_1_30' title="bbox 37 4157 1382 4256; baseline -0.002 -18"><span class='ocrx_word' id='word_1_250' title='bbox 37 4157 38 4206; x_wconf 82' lang='lat' dir='ltr'><strong>l</strong></span> <span class='ocrx_word' id='word_1_251' title='bbox 74 4164 360 4248; x_wconf 71' lang='lat' dir='ltr'><strong>adspernatione,</strong></span> <span class='ocrx_word' id='word_1_252' title='bbox 388 4191 475 4255; x_wconf 89' lang='lat' dir='ltr'><strong>quem</strong></span> <span class='ocrx_word' id='word_1_253' title='bbox 497 4174 547 4239; x_wconf 88' lang='lat' dir='ltr'><strong>bie</strong></span> <span class='ocrx_word' id='word_1_254' title='bbox 569 4173 634 4256; x_wconf 91' lang='lat' dir='ltr'><strong>ipse</strong></span> <span class='ocrx_word' id='word_1_255' title='bbox 658 4193 767 4256; x_wconf 88' lang='lat' dir='ltr'><strong>scopus</strong></span> <span class='ocrx_word' id='word_1_256' title='bbox 796 4173 949 4252; x_wconf 81' lang='lat' dir='ltr'><strong>exigebat,</strong></span> <span class='ocrx_word' id='word_1_257' title='bbox 981 4187 1069 4252; x_wconf 89' lang='lat' dir='ltr'><strong>quem</strong></span> <span class='ocrx_word' id='word_1_258' title='bbox 1091 4168 1123 4232; x_wconf 91' lang='lat' dir='ltr'><strong>in</strong></span> <span class='ocrx_word' id='word_1_259' title='bbox 1146 4165 1382 4235; x_wconf 73' lang='lat' dir='ltr'><strong>commentaris</strong></span> 
     </span>
     <span class='ocr_line' id='line_1_31' title="bbox 75 4249 1379 4346; baseline 0.004 -29"><span class='ocrx_word' id='word_1_260' title='bbox 75 4249 178 4320; x_wconf 78' lang='lat' dir='ltr'><strong>denoto</strong></span> <span class='ocrx_word' id='word_1_261' title='bbox 196 4260 307 4326; x_wconf 86' lang='lat' dir='ltr'><strong>Martis</strong></span> <span class='ocrx_word' id='word_1_262' title='bbox 330 4264 489 4344; x_wconf 80' lang='lat' dir='ltr'><strong>spectabat</strong></span> <span class='ocrx_word' id='word_1_263' title='bbox 509 4264 670 4346; x_wconf 84' lang='lat' dir='ltr'><strong>Keplerus.</strong></span> <span class='ocrx_word' id='word_1_264' title='bbox 717 4261 818 4330; x_wconf 88' lang='lat' dir='ltr'><strong>Tubus</strong></span> <span class='ocrx_word' id='word_1_265' title='bbox 842 4261 959 4343; x_wconf 89' lang='lat' dir='ltr'><strong>opticus</strong></span> <span class='ocrx_word' id='word_1_266' title='bbox 981 4258 1112 4324; x_wconf 87' lang='lat' dir='ltr'><strong>nondum</strong></span> <span class='ocrx_word' id='word_1_267' title='bbox 1137 4257 1279 4322; x_wconf 84' lang='lat' dir='ltr'><strong>inventus</strong></span> <span class='ocrx_word' id='word_1_268' title='bbox 1302 4265 1379 4336; x_wconf 84' lang='lat' dir='ltr'><strong>erat,</strong></span> 
     </span>
     <span class='ocr_line' id='line_1_32' title="bbox 74 4341 1378 4437; baseline -0.002 -24"><span class='ocrx_word' id='word_1_269' title='bbox 74 4341 206 4437; x_wconf 45' lang='lat' dir='ltr'><strong>&amp;betica</strong></span> <span class='ocrx_word' id='word_1_270' title='bbox 226 4349 491 4421; x_wconf 79' lang='lat' dir='ltr'><strong>instrumentorum</strong></span> <span class='ocrx_word' id='word_1_271' title='bbox 509 4353 777 4418; x_wconf 74' lang='lat' dir='ltr'><strong>asmonomicorum</strong></span> <span class='ocrx_word' id='word_1_272' title='bbox 797 4349 943 4433; x_wconf 81' lang='lat' dir='ltr'><strong>perfectio</strong></span> <span class='ocrx_word' id='word_1_273' title='bbox 957 4347 1047 4430; x_wconf 91' lang='lat' dir='ltr'><strong>louge</strong></span> <span class='ocrx_word' id='word_1_274' title='bbox 1066 4345 1165 4411; x_wconf 81' lang='lat' dir='ltr'><strong>abfuit</strong></span> <span class='ocrx_word' id='word_1_275' title='bbox 1178 4345 1216 4410; x_wconf 90' lang='lat' dir='ltr'><strong>ab</strong></span> <span class='ocrx_word' id='word_1_276' title='bbox 1232 4366 1278 4424; x_wconf 84' lang='lat' dir='ltr'><strong>ea,</strong></span> <span class='ocrx_word' id='word_1_277' title='bbox 1301 4367 1378 4432; x_wconf 89' lang='lat' dir='ltr'><strong>quae</strong></span> 
     </span>
     <span class='ocr_line' id='line_1_33' title="bbox 76 4433 1377 4524; baseline 0.007 -22"><span class='ocrx_word' id='word_1_278' title='bbox 76 4433 226 4516; x_wconf 75' lang='lat' dir='ltr'><strong>buioimis,</strong></span> <span class='ocrx_word' id='word_1_279' title='bbox 248 4439 281 4506; x_wconf 91' lang='lat' dir='ltr'><strong>in</strong></span> <span class='ocrx_word' id='word_1_280' title='bbox 303 4443 410 4524; x_wconf 89' lang='lat' dir='ltr'><strong>quibus</strong></span> <span class='ocrx_word' id='word_1_281' title='bbox 433 4443 611 4508; x_wconf 86' lang='lat' dir='ltr'><strong>versabatur</strong></span> <span class='ocrx_word' id='word_1_282' title='bbox 633 4443 782 4524; x_wconf 87' lang='lat' dir='ltr'><strong>Kaplems</strong></span> <span class='ocrx_word' id='word_1_283' title='bbox 809 4440 961 4523; x_wconf 87' lang='lat' dir='ltr'><strong>inquirens</strong></span> <span class='ocrx_word' id='word_1_284' title='bbox 987 4445 1102 4501; x_wconf 89' lang='lat' dir='ltr'><strong>motum</strong></span> <span class='ocrx_word' id='word_1_285' title='bbox 1124 4435 1231 4501; x_wconf 84' lang='lat' dir='ltr'><strong>stellae</strong></span> <span class='ocrx_word' id='word_1_286' title='bbox 1253 4436 1377 4514; x_wconf 72' lang='lat' dir='ltr'><strong>Mutis,</strong></span> 
     </span>
     <span class='ocr_line' id='line_1_34' title="bbox 76 4522 1377 4613; baseline 0.005 -29"><span class='ocrx_word' id='word_1_287' title='bbox 76 4522 160 4586; x_wconf 80' lang='lat' dir='ltr'><strong>mino</strong></span> <span class='ocrx_word' id='word_1_288' title='bbox 186 4532 358 4594; x_wconf 85' lang='lat' dir='ltr'><strong>necessaria</strong></span> <span class='ocrx_word' id='word_1_289' title='bbox 380 4531 446 4596; x_wconf 85' lang='lat' dir='ltr'><strong>luit.</strong></span> <span class='ocrx_word' id='word_1_290' title='bbox 493 4532 595 4606; x_wconf 84' lang='lat' dir='ltr'><strong>Quare</strong></span> <span class='ocrx_word' id='word_1_291' title='bbox 618 4531 838 4613; x_wconf 87' lang='lat' dir='ltr'><strong>comparatione</strong></span> <span class='ocrx_word' id='word_1_292' title='bbox 857 4534 975 4593; x_wconf 67' lang='lat' dir='ltr'><strong>enum</strong></span> <span class='ocrx_word' id='word_1_293' title='bbox 999 4525 1173 4590; x_wconf 85' lang='lat' dir='ltr'><strong>difficillima</strong></span> <span class='ocrx_word' id='word_1_294' title='bbox 1200 4533 1232 4588; x_wconf 93' lang='lat' dir='ltr'><strong>et</strong></span> <span class='ocrx_word' id='word_1_295' title='bbox 1257 4525 1377 4591; x_wconf 90' lang='lat' dir='ltr'><strong>taedio-</strong></span> 
     </span>
     <span class='ocr_line' id='line_1_35' title="bbox 78 4605 1378 4708; baseline -0.001 -27"><span class='ocrx_word' id='word_1_296' title='bbox 78 4605 169 4708; x_wconf 57' lang='lat' dir='ltr'><strong>ltt&#39;lma,</strong></span> <span class='ocrx_word' id='word_1_297' title='bbox 191 4626 220 4680; x_wconf 89' lang='lat' dir='ltr'><strong>et</strong></span> <span class='ocrx_word' id='word_1_298' title='bbox 240 4618 292 4682; x_wconf 86' lang='lat' dir='ltr'><strong>via</strong></span> <span class='ocrx_word' id='word_1_299' title='bbox 312 4622 485 4705; x_wconf 89' lang='lat' dir='ltr'><strong>plerumque</strong></span> <span class='ocrx_word' id='word_1_300' title='bbox 505 4623 598 4704; x_wconf 87' lang='lat' dir='ltr'><strong>plane</strong></span> <span class='ocrx_word' id='word_1_301' title='bbox 619 4642 698 4686; x_wconf 91' lang='lat' dir='ltr'><strong>nova</strong></span> <span class='ocrx_word' id='word_1_302' title='bbox 721 4629 754 4682; x_wconf 93' lang='lat' dir='ltr'><strong>et</strong></span> <span class='ocrx_word' id='word_1_303' title='bbox 774 4620 889 4684; x_wconf 89' lang='lat' dir='ltr'><strong>intacta</strong></span> <span class='ocrx_word' id='word_1_304' title='bbox 913 4616 1092 4700; x_wconf 82' lang='lat' dir='ltr'><strong>explendum</strong></span> <span class='ocrx_word' id='word_1_305' title='bbox 1114 4623 1196 4693; x_wconf 88' lang='lat' dir='ltr'><strong>erat,</strong></span> <span class='ocrx_word' id='word_1_306' title='bbox 1219 4615 1300 4699; x_wconf 90' lang='lat' dir='ltr'><strong>qnod</strong></span> <span class='ocrx_word' id='word_1_307' title='bbox 1322 4615 1378 4680; x_wconf 90' lang='lat' dir='ltr'><strong>de-</strong></span> 
     </span>
     <span class='ocr_line' id='line_1_36' title="bbox 78 4695 1378 4792; baseline 0.009 -36"><span class='ocrx_word' id='word_1_308' title='bbox 78 4695 160 4766; x_wconf 84' lang='lat' dir='ltr'><strong>lcetat</strong></span> <span class='ocrx_word' id='word_1_309' title='bbox 178 4707 301 4789; x_wconf 89' lang='lat' dir='ltr'><strong>singulis</strong></span> <span class='ocrx_word' id='word_1_310' title='bbox 325 4703 594 4778; x_wconf 83' lang='lat' dir='ltr'><strong>observationibus.</strong></span> <span class='ocrx_word' id='word_1_311' title='bbox 632 4711 768 4792; x_wconf 83' lang='lat' dir='ltr'><strong>Denique</strong></span> <span class='ocrx_word' id='word_1_312' title='bbox 790 4709 911 4777; x_wconf 88' lang='lat' dir='ltr'><strong>minime</strong></span> <span class='ocrx_word' id='word_1_313' title='bbox 934 4706 1115 4790; x_wconf 87' lang='lat' dir='ltr'><strong>negligenda</strong></span> <span class='ocrx_word' id='word_1_314' title='bbox 1135 4713 1209 4770; x_wconf 87' lang='lat' dir='ltr'><strong>sunt</strong></span> <span class='ocrx_word' id='word_1_315' title='bbox 1230 4724 1277 4784; x_wconf 85' lang='lat' dir='ltr'><strong>aa,</strong></span> <span class='ocrx_word' id='word_1_316' title='bbox 1300 4725 1378 4790; x_wconf 85' lang='lat' dir='ltr'><strong>qnae</strong></span> 
     </span>
     <span class='ocr_line' id='line_1_37' title="bbox 79 4781 1376 4884; baseline 0.005 -30"><span class='ocrx_word' id='word_1_317' title='bbox 79 4781 100 4845; x_wconf 75' lang='lat' dir='ltr'><strong>lt</strong></span> <span class='ocrx_word' id='word_1_318' title='bbox 115 4797 305 4864; x_wconf 74' lang='lat' dir='ltr'><strong>nuouomicis</strong></span> <span class='ocrx_word' id='word_1_319' title='bbox 335 4800 550 4884; x_wconf 82' lang='lat' dir='ltr'><strong>hypothesibus</strong></span> <span class='ocrx_word' id='word_1_320' title='bbox 579 4801 641 4866; x_wconf 90' lang='lat' dir='ltr'><strong>illis</strong></span> <span class='ocrx_word' id='word_1_321' title='bbox 672 4800 857 4882; x_wconf 88' lang='lat' dir='ltr'><strong>temporibus</strong></span> <span class='ocrx_word' id='word_1_322' title='bbox 888 4804 1039 4862; x_wconf 87' lang='lat' dir='ltr'><strong>constant</strong></span> <span class='ocrx_word' id='word_1_323' title='bbox 1087 4794 1248 4876; x_wconf 83' lang='lat' dir='ltr'><strong>Cepernici</strong></span> <span class='ocrx_word' id='word_1_324' title='bbox 1277 4795 1376 4878; x_wconf 70' lang='lat' dir='ltr'><strong>hypo-</strong></span> 
     </span>
     <span class='ocr_line' id='line_1_38' title="bbox 79 4871 1378 4972; baseline 0.008 -33"><span class='ocrx_word' id='word_1_325' title='bbox 79 4871 143 4942; x_wconf 72' lang='lat' dir='ltr'><strong>bos</strong></span> <span class='ocrx_word' id='word_1_326' title='bbox 160 4885 233 4948; x_wconf 86' lang='lat' dir='ltr'><strong>viam</strong></span> <span class='ocrx_word' id='word_1_327' title='bbox 259 4891 379 4970; x_wconf 90' lang='lat' dir='ltr'><strong>quidem</strong></span> <span class='ocrx_word' id='word_1_328' title='bbox 400 4890 519 4972; x_wconf 88' lang='lat' dir='ltr'><strong>aperuit</strong></span> <span class='ocrx_word' id='word_1_329' title='bbox 540 4891 580 4954; x_wconf 91' lang='lat' dir='ltr'><strong>ad</strong></span> <span class='ocrx_word' id='word_1_330' title='bbox 601 4911 704 4956; x_wconf 89' lang='lat' dir='ltr'><strong>verum</strong></span> <span class='ocrx_word' id='word_1_331' title='bbox 727 4889 974 4970; x_wconf 90' lang='lat' dir='ltr'><strong>cognoscendum,</strong></span> <span class='ocrx_word' id='word_1_332' title='bbox 999 4894 1031 4951; x_wconf 92' lang='lat' dir='ltr'><strong>et</strong></span> <span class='ocrx_word' id='word_1_333' title='bbox 1056 4885 1121 4968; x_wconf 91' lang='lat' dir='ltr'><strong>ipse</strong></span> <span class='ocrx_word' id='word_1_334' title='bbox 1143 4885 1295 4966; x_wconf 86' lang='lat' dir='ltr'><strong>Kepleros</strong></span> <span class='ocrx_word' id='word_1_335' title='bbox 1318 4903 1378 4968; x_wconf 86' lang='lat' dir='ltr'><strong>qua</strong></span> 
     </span>
    </p>
   </div>
   <div class='ocr_carea' id='block_1_4' title="bbox 79 4969 1378 5126">
    <p class='ocr_par' dir='ltr' id='par_1_4' title="bbox 79 4969 1378 5126">
     <span class='ocr_line' id='line_1_39' title="bbox 79 4969 1378 5062; baseline 0.003 -24"><span class='ocrx_word' id='word_1_336' title='bbox 79 4969 146 5038; x_wconf 74' lang='lat' dir='ltr'><strong>ptuit</strong></span> <span class='ocrx_word' id='word_1_337' title='bbox 168 4979 353 5044; x_wconf 88' lang='lat' dir='ltr'><strong>veneratione</strong></span> <span class='ocrx_word' id='word_1_338' title='bbox 385 4979 620 5062; x_wconf 88' lang='lat' dir='ltr'><strong>prosequebatur</strong></span> <span class='ocrx_word' id='word_1_339' title='bbox 651 4979 761 5047; x_wconf 86' lang='lat' dir='ltr'><strong>merita</strong></span> <span class='ocrx_word' id='word_1_340' title='bbox 784 4977 942 5061; x_wconf 83' lang='lat' dir='ltr'><strong>Copemioi</strong></span> <span class='ocrx_word' id='word_1_341' title='bbox 964 4975 997 5040; x_wconf 91' lang='lat' dir='ltr'><strong>in</strong></span> <span class='ocrx_word' id='word_1_342' title='bbox 1018 4973 1214 5042; x_wconf 88' lang='lat' dir='ltr'><strong>emendandis</strong></span> <span class='ocrx_word' id='word_1_343' title='bbox 1243 4973 1378 5059; x_wconf 81' lang='lat' dir='ltr'><strong>priorum</strong></span> 
     </span>
     <span class='ocr_line' id='line_1_40' title="bbox 1123 5075 1165 5126; baseline 0 -16"><span class='ocrx_word' id='word_1_344' title='bbox 1123 5075 1136 5126; x_wconf 88' lang='lat'>1</span> <span class='ocrx_word' id='word_1_345' title='bbox 1149 5081 1165 5110; x_wconf 67' lang='lat'>{</span> 
     </span>
    </p>
   </div>
   <div class='ocr_carea' id='block_1_5' title="bbox 160 1848 1387 1935">
    <p class='ocr_par' dir='ltr' id='par_1_5' title="bbox 160 1848 1387 1935">
     <span class='ocr_line' id='line_1_41' title="bbox 160 1848 1387 1935; baseline 0.003 -24"><span class='ocrx_word' id='word_1_346' title='bbox 160 1868 213 1911; x_wconf 90' lang='lat' dir='ltr'><strong>uae</strong></span> <span class='ocrx_word' id='word_1_347' title='bbox 237 1848 270 1911; x_wconf 92' lang='lat' dir='ltr'><strong>in</strong></span> <span class='ocrx_word' id='word_1_348' title='bbox 294 1849 353 1913; x_wconf 92' lang='lat' dir='ltr'><strong>hoc</strong></span> <span class='ocrx_word' id='word_1_349' title='bbox 377 1864 465 1929; x_wconf 87' lang='lat' dir='ltr'><strong>opere</strong></span> <span class='ocrx_word' id='word_1_350' title='bbox 479 1848 616 1931; x_wconf 88' lang='lat' dir='ltr'><strong>Kepleri,</strong></span> <span class='ocrx_word' id='word_1_351' title='bbox 640 1850 720 1933; x_wconf 93' lang='lat' dir='ltr'><strong>quod</strong></span> <span class='ocrx_word' id='word_1_352' title='bbox 735 1851 859 1915; x_wconf 82' lang='lat' dir='ltr'><strong>exhibet</strong></span> <span class='ocrx_word' id='word_1_353' title='bbox 880 1853 1048 1921; x_wconf 88' lang='lat' dir='ltr'><strong>studiorum</strong></span> <span class='ocrx_word' id='word_1_354' title='bbox 1069 1850 1291 1935; x_wconf 86' lang='lat' dir='ltr'><strong>septennalium</strong></span> <span class='ocrx_word' id='word_1_355' title='bbox 1311 1871 1387 1933; x_wconf 90' lang='lat' dir='ltr'><strong>pro-</strong></span> 
     </span>
    </p>
   </div>
   <div class='ocr_carea' id='block_1_6' title="bbox 0 0 1768 5525">
    <p class='ocr_par' dir='ltr' id='par_1_6' title="bbox 0 0 1768 5525">
     <span class='ocr_line' id='line_1_42' title="bbox 0 0 1768 5525; baseline 0 0"><span class='ocrx_word' id='word_1_356' title='bbox 0 0 1768 5525; x_wconf 95' lang='lat' dir='ltr'><strong> </strong></span> 
     </span>
    </p>
   </div>
  </div>
 </body>
</html>
