3517 5525
299 441 361 517 llll
715 442 817 497 literae
834 443 938 509 Kspleri
956 443 1105 509 aliorumque
1122 449 1224 495 mutuas

298 621 476 704 appetentia
509 628 596 685 tanta
627 628 751 703 quanta
765 620 829 685 ΑΡ.
875 621 972 685 Auler
994 621 1032 684 ab
1055 621 1111 685 ΑΡ
1143 619 1299 701 aequalem
1321 619 1380 701 ipsi
1401 620 1475 698 Dr,
1506 640 1583 705 quae
1605 621 1649 687 sit

295 712 371 785 AS,
403 730 474 793 ergo
502 711 553 774 SP
584 718 632 772 est
664 710 713 772 hic
743 711 880 773 modulus
912 710 1104 791 appetentiae
1132 718 1164 771 et
1192 708 1250 772 AD
1282 728 1422 773 mensura
1453 713 1648 792 appetentiae

296 802 406 882 angulo
429 802 521 863 nullo.
567 800 611 862 Et
632 800 715 861 AD:
735 798 786 863 SP
802 824 839 855 =
857 800 913 862 BD
929 821 936 861 :
952 800 1006 862 BP
1033 800 1083 861 vel
1110 796 1176 861 CN.
1222 798 1304 879 Ergo
1336 799 1433 863 sinus·
1449 800 1648 881 digressionis

295 893 436 973 planetae
460 890 497 952 ab
522 908 657 970 apogaeo
680 890 728 951 vel
750 890 892 970 perigaeo
916 890 1038 951 metitur
1061 888 1246 950 celeritatem
1269 888 1441 956 accedendi.
1565 953 1569 960 ,

383 980 469 1044 Haec
492 987 541 1043 est
563 979 780 1041 demonstratio
803 978 987 1059 geometrica
1018 988 1049 1041 et
1080 976 1259 1040 certissima.
1305 979 1412 1060 Itaque
1442 979 1468 1041 si
1497 978 1646 1061 principia

296 1079 403 1134 nostra
424 1071 500 1131 bene
532 1068 693 1142 baberent,
726 1069 844 1130 omuino
878 1068 998 1131 libratio
1030 1068 1115 1131 fieret
1146 1066 1212 1147 lege
1241 1067 1357 1130 sinuum
1384 1068 1579 1149 digressionis
1606 1068 1647 1131 ab

295 1180 441 1242 apogaeo.
488 1157 549 1221 Sed
573 1158 643 1241 quia
666 1158 853 1238 experientia
875 1165 907 1219 et
930 1157 1044 1237 ellipsis
1067 1175 1121 1237 per
1143 1156 1359 1236 experientiam
1384 1157 1549 1221 certissime
1576 1166 1646 1223 sta-

295 1250 382 1313 bilita
404 1249 573 1327 refragatur
595 1253 629 1310 et
649 1248 715 1310 vult
739 1246 928 1309 librationem
951 1246 1015 1309 lieri
1044 1265 1098 1327 per
1129 1246 1212 1307 sinus
1239 1264 1344 1310 versos
1377 1247 1573 1328 digressionis
1604 1248 1646 1311 ab

295 1358 449 1422 apogaeo,
479 1356 521 1401 so.
553 1354 612 1399 non
636 1355 689 1417 per
712 1334 768 1399 ΟΝ
792 1336 846 1397 sed
868 1354 923 1415 per
945 1335 1001 1410 NI,
1032 1352 1103 1417 ergo
1135 1334 1282 1417 principia
1312 1344 1418 1399 nostra
1448 1354 1573 1401 necesse
1596 1344 1649 1413 est

295 1429 417 1493 variari.
464 1425 632 1490 Sumsimus
660 1434 761 1489 antem
791 1444 846 1505 pro
879 1423 934 1487 CN
967 1425 1242 1507 perpendicularem
1265 1424 1311 1487 Nl
1342 1424 1371 1487 in
1400 1427 1517 1491 effectu.
1562 1424 1646 1507 Ergo

296 1520 388 1581 etiam
411 1518 441 1579 in
464 1515 620 1597 principiis
648 1533 703 1596 pro
726 1514 786 1577 AD
809 1533 927 1577 sumere
957 1514 1099 1575 debemus
1131 1514 1408 1595 perpendicularem
1430 1516 1482 1579 Fl.
1528 1516 1646 1597 Nempe

296 1608 453 1672 dicendum
476 1613 539 1679 est,
574 1623 632 1667 non
655 1612 727 1665 tnnc
751 1621 818 1665 esse
840 1604 994 1684 planetam
1018 1604 1047 1665 in
1071 1603 1243 1683 opsidibus*
1276 1622 1343 1665 cnm
1366 1604 1432 1667 axis
1455 1604 1647 1685 magnetioos

295 1694 585 1778 perpendiculariter
607 1692 714 1755 incidit
735 1693 832 1755 lineae
851 1713 891 1756 ex
913 1692 995 1767 Sole,
1021 1692 1075 1755 sed
1090 1701 1160 1755 tunc
1179 1712 1244 1755 cum
1268 1693 1313 1754 illi
1336 1694 1436 1758 unitur
1454 1694 1497 1770 (si
1514 1694 1645 1774 potest).

291 1785 383 1861 ¹Quod
417 1784 476 1847 etsi
505 1783 601 1863 primo
631 1781 742 1845 intuitu
770 1801 836 1845 cum
866 1783 1037 1863 magnetica
1068 1782 1178 1845 virtute
1207 1783 1237 1844 in
1262 1782 1361 1863 specie
1394 1782 1553 1847 conciliare
1585 1802 1647 1847 non

292 1894 425 1957 possum,
450 1881 552 1935 tamen
575 1891 622 1935 me
645 1870 752 1933 mimm
780 1872 813 1933 in
838 1873 960 1934 modum
992 1871 1095 1933 aflicit.
1141 1872 1221 1933 Nam
1251 1871 1281 1933 in
1313 1872 1388 1935 meis
1412 1871 1646 1937 Commentariis

294 1966 402 2028 relicta
423 1962 484 2025 fuit
505 1962 580 2024 baec
604 1960 749 2042 objectio:
773 1960 801 2022 si
822 1962 962 2041 planetae
986 1979 1040 2041 per
1064 1960 1256 2023 directionem
1276 1962 1386 2024 asisin
1402 1962 1524 2027 easdem
1542 1962 1646 2027 mundi

292 2054 401 2135 plagas
425 2052 537 2114 virtute
559 2050 732 2132 magnetica
754 2050 997 2115 eccentricitates
1021 2050 1195 2122 conficiunt,
1225 2044 1319 2113 Terra
1346 2050 1426 2115 idem
1449 2052 1552 2116 iaciat.
1596 2051 1645 2115 Aa

291 2146 402 2206 Terrae
426 2142 492 2203 axis
516 2142 542 2203 is
565 2140 648 2203 solus
672 2140 805 2203 directus
830 2147 887 2214 eat,
913 2140 962 2219 qui
982 2140 1179 2220 porrigitnra
1202 2154 1235 2205 ee
1254 2139 1284 2203 in
1307 2128 1352 2218 ὅ,
1375 2140 1460 2221 cujus
1479 2140 1645 2203 directione

292 2232 404 2295 accidit
426 2239 530 2294 aestas
552 2237 585 2291 et
606 2230 711 2292 hiems.
749 2227 841 2291 Circa
861 2230 938 2291 bunc
953 2236 1048 2292 totum
1072 2228 1217 2309 reliquum
1242 2248 1348 2310 corpns
1372 2228 1477 2292 dietim
1490 2225 1644 2292 'volvitur⁸

290 2322 373 2402 Ergo
404 2337 573 2401 apogaeum
605 2318 717 2380 Terrae
749 2326 832 2379 esset
862 2319 953 2379 lixum
983 2319 1012 2381 iu
1043 2314 1082 2381 0⁰
1104 2317 1149 2395 Υ,
1174 2314 1213 2381 0⁰
1235 2328 1292 2385 Q.
1338 2319 1384 2382 At
1411 2318 1645 2399 deprehenditur

291 2429 401 2493 vagum
434 2417 465 2471 et
497 2408 616 2489 quidem
645 2408 711 2487 jam
742 2407 772 2469 in
795 2406 841 2484 Υ,
871 2418 918 2473 a
948 2407 1032 2488 (qnia
1055 2406 1136 2469 Solis
1160 2406 1188 2470 in
1214 2410 1273 2483 ee),
1296 2408 1365 2470 olim
1389 2426 1461 2471 vern
1484 2408 1515 2471 iu
1537 2412 1580 2481 Π,
1602 2414 1643 2483 ,Α

290 2501 342 2565 An
364 2500 441 2563 banc
465 2497 664 2579 objectionem
687 2495 762 2558 nibil
785 2496 966 2575 respondere
990 2494 1074 2577 potni
1098 2496 1155 2559 uisi
1185 2496 1258 2559 hoc.-
1285 2496 1328 2559 rei
1356 2505 1504 2577 cognatae
1532 2496 1644 2561 simili-

292 2589 397 2653 tudine
418 2587 539 2655 modum
562 2585 690 2648 similem
714 2585 931 2661 demonstrari,
957 2604 1014 2647 uon
1038 2586 1127 2665 plana
1151 2604 1212 2648 rem
1237 2586 1373 2649 eandem.
1419 2586 1477 2649 Hic
1497 2586 1562 2667 jam
1584 2606 1642 2651 ex-

293 2678 441 2759 perientia
472 2681 619 2745 testatur,
652 2674 790 2755 apsidum
821 2675 931 2737 lineam
955 2674 985 2737 in
1009 2676 1075 2737 aris
1101 2675 1205 2739 directi
1229 2676 1338 2741 bucam
1361 2685 1541 2756 competere,
1568 2694 1642 2756 argo

295 2770 407 2832 Terrae
431 2784 597 2847 apogaeum
618 2765 650 2828 in
673 2762 713 2828 0⁰
733 2769 768 2841 ,ὅ
791 2783 859 2826 esse
891 2765 1010 2828 stabile.
1055 2765 1114 2829 Ubi
1143 2785 1202 2828 uua
1230 2781 1301 2847 pars
1332 2765 1508 2846 objectionis
1540 2766 1645 2830 solnta

296 2866 354 2921 est.
383 2857 447 2937 ¹lJe
471 2857 570 2918 altera
590 2862 677 2935 parte
708 2854 894 2933 respondebo
918 2854 979 2916 sic:
1008 2855 1038 2917 in
1062 2855 1240 2935 aequatione
1272 2854 1404 2918 maxima
1431 2857 1512 2918 circa
1533 2852 1573 2919 0⁰
1593 2854 1642 2932 Υ,
1680 2893 1682 2901 ·

294 2943 336 3012 0⁰
358 2955 406 3013 a:
429 2945 527 3007 locum
541 2943 622 3007 Solis
638 2943 838 3026 Tycbouicum
852 2944 926 3007 nihil
940 2944 1060 3020 variari,
1078 2944 1103 3006 si
1122 2946 1170 3006 rel
1185 2963 1352 3026 apogaeum
1366 2965 1385 3006 a
1402 2941 1441 3008 0⁰
1455 2950 1490 3024 ᾖ
1503 2945 1533 3008 in
1557 2937 1643 3028 572⁰

295 3043 332 3117 ,ὅ
345 3036 504 3099 celeratur.
539 3036 574 3097 In
588 3039 623 3111 ᾖ
638 3041 671 3094 et
684 3047 716 3100 ee
731 3033 850 3113 peccari
866 3033 985 3114 quidem
1007 3032 1068 3108 11‘,
1084 3034 1137 3097 sed
1151 3034 1234 3097 illum
1248 3035 1379 3096 errorem
1392 3053 1430 3096 ex
1446 3033 1646 3098 declinatione

296 3145 355 3190 non
377 3143 468 3205 posse
492 3123 673 3204 deprehendi
680 3141 689 3197 ;
712 3123 743 3184 in
759 3117 820 3186 45ο
840 3124 893 3197 (er
912 3123 996 3203 cnjus
1012 3123 1219 3188 declinationis
1234 3123 1445 3188 observatione
1458 3123 1645 3204 exstruenda

295 3223 344 3278 est
366 3213 484 3277 theoria
505 3211 601 3288 Solis)
627 3210 657 3274 7⁴
682 3211 801 3294 quidem
824 3213 917 3275 errari
942 3213 971 3273 in
995 3212 1060 3276 loco
1076 3210 1168 3288 Solis,
1193 3214 1219 3276 si
1242 3231 1409 3294 apogaeum
1432 3207 1515 3298 5Ἲ,0
1538 3221 1645 3276 maus-

294 3313 432 3386 ponatur‚
457 3303 513 3364 sed
533 3303 588 3364 ills
607 3299 639 3364 7‘
653 3302 774 3365 admitti
796 3320 897 3381 posse,
921 3302 948 3364 si
971 3301 1132 3365 declinatio
1147 3301 1211 3382 ejus
1226 3302 1283 3366 loci
1299 3301 1331 3364 2⁴
1350 3303 1459 3366 erroris
1482 3304 1512 3365 in
1535 3303 1644 3366 obser-

295 3395 395 3459 vando
418 3392 570 3456 admittat.
610 3389 727 3460 Quodsi
746 3391 849 3471 Tycho
873 3391 964 3467 dicat,
988 3409 1022 3454 se
1046 3391 1262 3454 declinationes
1285 3391 1456 3456 vindicasse
1479 3393 1518 3454 ab
1542 3409 1643 3456 errore

294 3503 353 3547 nou
378 3491 495 3544 tantum
518 3479 560 3555 2⁴,
587 3480 641 3542 sed
662 3480 752 3560 plane
783 3473 846 3561 ¹l0‘:
879 3497 951 3559 ergo
985 3480 1014 3544 id
1038 3499 1148 3560 negare
1170 3487 1292 3561 potero,
1316 3500 1352 3543 eo
1375 3481 1454 3562 quod
1476 3481 1644 3560 parallaxis

295 3575 373 3635 lorte
395 3573 426 3634 in
449 3569 579 3632 minimis
601 3578 707 3649 peccet
730 3577 783 3629 aut
805 3566 966 3650 obliquitas
987 3569 1155 3650 eclipticas.
1194 3568 1342 3650 Objiciam
1365 3571 1424 3652 ipsi
1447 3590 1518 3632 suas
1532 3571 1642 3634 obser-

294 3661 434 3724 vationes
467 3657 559 3721 etiam
591 3657 622 3719 iu
655 3658 734 3737 long.
768 3657 879 3720 media.
925 3657 1004 3720 Nam
1036 3677 1114 3725 auno
1149 3653 1243 3723 1588.
1272 3657 1304 3723 3.
1328 3659 1433 3724 Martii
1461 3659 1584 3742 eclipsis
1611 3661 1643 3723 in

294 3745 357 3814 23⁰
377 3757 407 3824 3(
430 3747 564 3811 ostendit
585 3746 662 3808 lixas
685 3746 717 3810 7¹
740 3746 936 3827 promotiores
961 3767 1049 3828 quam
1072 3748 1189 3831 Tycho:
1218 3755 1251 3812 et
1279 3748 1327 3812 bic
1356 3749 1446 3831 plane
1477 3750 1643 3813 faciteam

295 3836 497 3919 Landgravio.
543 3838 610 3899 Aut
632 3836 730 3899 dicam
752 3835 899 3911 fortasse,
924 3844 1058 3899 centrum
1080 3836 1163 3901 Solis
1185 3839 1234 3901 vel
1257 3840 1369 3902 Terrae
1396 3840 1427 3902 in
1456 3838 1643 3902 revolutione

294 3947 395 3990 annua
417 3947 476 3990 non
504 3945 624 3990 manere
657 3925 890 4007 exquisitissima
922 3926 952 3988 in
985 3927 1089 3990 eodem
1121 3926 1211 4008 plauo
1243 3935 1276 3991 et
1307 3928 1361 3990 sub
1394 3929 1499 3992 eodem
1530 3927 1642 3992 circulo

293 4017 435 4093 marimo,
459 4024 494 4078 ut
515 4034 579 4078 nec·
593 4015 682 4079 Luna
703 4015 733 4078 in
757 4015 929 4078 menstrua?
966 4015 1012 4078 De
1036 4024 1061 4086 ο·
1083 4017 1212 4080 nondum
1235 4019 1280 4082 ita
1303 4019 1475 4100 scrupulose
1498 4016 1640 4098 cogitavi,

294 4127 332 4170 au
364 4106 428 4187 ejus
459 4105 590 4169 latitudo
622 4104 741 4167 omnino
772 4104 1050 4170 constantissimam
1073 4114 1182 4187 arguat
1214 4107 1449 4171 inclinationem.
1502 4105 1583 4178 Quid
1615 4105 1643 4169 si

293 4204 396 4258 autem
424 4195 499 4257 haee
531 4214 638 4269 causa,
672 4213 724 4257 cur
755 4211 811 4273 ego
837 4201 910 4276 post
938 4195 1041 4276 bjnm
1068 4214 1163 4258 annos
1193 4198 1321 4260 nondum
1348 4206 1449 4260 mmen
1476 4196 1641 4276 impetrare

292 4286 386 4366 potui,
412 4292 445 4346 ut
468 4283 658 4366 operationes
680 4302 749 4346 mea
769 4284 909 4347 methodo
932 4283 1089 4348 institutae
1113 4285 1170 4349 sibi
1198 4287 1272 4368 ipsis
1300 4295 1519 4350 consentaneas
1549 4284 1639 4348 erhi-

292 4375 400 4438 berent
421 4374 583 4458 distantias
607 4381 633 4444 d
656 4395 675 4435 a
698 4370 759 4451 ΘῨ
803 4373 882 4437 Nam
906 4373 985 4438 inter
1008 4383 1143 4438 assumta
1164 4382 1212 4438 est
1238 4377 1322 4440 locus
1346 4373 1386 4455 Θ
1410 4383 1445 4438 nt
1472 4374 1640 4438 certissime

292 4464 440 4544 cognitus.
487 4462 550 4526 Sed
572 4463 644 4545 quid
666 4463 703 4525 de
726 4463 892 4539 veteribus,
920 4463 970 4546 qui
994 4483 1160 4545 apogaeum
1182 4465 1211 4526 in
1235 4459 1320 4549 ὂψ
1341 4471 1374 4540 lI
1395 4464 1541 4546 posuere?
1585 4465 1639 4528 Illi

222 4559 231 4577 ‘
291 4553 383 4633 igitur
412 4553 441 4614 in
469 4551 544 4614 locis
575 4549 615 4630 Θ
644 4552 725 4614 circa
756 4559 922 4632 apogaeum
950 4552 1067 4616 dicendi
1095 4562 1164 4616 sunt
1191 4573 1309 4618 errasse
1341 4551 1406 4622 49¹.
1451 4553 1545 4618 Nulla
1566 4553 1640 4618 mibi

290 4643 396 4724 religio
420 4641 477 4704 hoc
500 4642 608 4718 dicere,
634 4661 700 4704 cum
722 4643 768 4704 usi
791 4642 902 4705 fuerint
923 4642 1134 4706 observatione
1158 4644 1280 4706 solstitii
1303 4643 1541 4728 imperceptibili.

380 4732 442 4796 Sed
464 4731 637 4814 priusquam
660 4730 840 4812 triumphum
863 4751 983 4809 canam,
1015 4733 1208 4814 cogitandum
1238 4731 1275 4796 de
1305 4734 1432 4818 physica
1454 4751 1563 4810 causa,
1588 4733 1639 4816 qni

290 4822 355 4886 lieri
375 4822 483 4902 possit,
507 4829 542 4883 nt
564 4840 730 4902 apogaeum
753 4821 925 4886 conficiatur
948 4841 1004 4886 axe
1017 4822 1197 4904 magnetica,
1222 4831 1362 4888 manente
1380 4823 1542 4888 indirecta
1557 4822 1640 4887 lines

291 4933 329 4976 ex
344 4909 404 4990 &t
433 4911 584 4985 Quidnam
607 4921 669 4987 est,
692 4911 772 4993 quod
797 4911 887 4976 simul
909 4913 972 4990 liat,
995 4921 1030 4976 ut
1052 4913 1079 4976 ei
1102 4931 1224 4988 causam
1247 4914 1516 4980 banssoribamus?
1543 4913 1640 4978 ‘lema
