3517 5525
824 427 864 484 De
880 426 989 481 1191199
1007 424 1099 481 Stellas
1117 425 1204 479 1199119

905 666 1024 767 Caput
1049 666 1118 743 IX.

571 832 628 894 De
646 801 827 893 reductione
848 826 912 891 loci
934 825 1070 912 ecliptice'
1091 826 1135 889 ad
1157 822 1308 889 aradam
1330 824 1456 888 11991919.

365 973 368 979 ’
433 970 496 1035 Sed
518 977 637 1051 tempus
652 979 710 1047 991,
725 979 759 1033 91
772 971 808 1032 19
822 970 881 1032 hac
898 970 1069 1033 reductione
1085 968 1123 1030 ad
1137 966 1306 1049 eclipticam
1324 967 1372 1029 vel
1388 965 1516 1027 orbitam
1529 963 1687 1044 planetae,

344 1081 419 1144 qnae
442 1060 626 1125 fundamenti
648 1060 714 1123 loco
738 1069 795 1135 est,
820 1067 960 1123 accurate
984 1058 1179 1139 disputemus.

430 1150 562 1213 Primmn
593 1149 649 1211 hoc
679 1148 764 1212 nobis
793 1150 886 1212 refert
909 1149 983 1211 haec
1006 1147 1110 1209 tabula
1132 1164 1170 1209 ex
1193 1142 1468 1210 observationibus:
1492 1140 1686 1204 latitudinem

343 1240 463 1303 boream
485 1257 664 1319 consurgere
678 1239 716 1299 ab
739 1234 798 1302 180
820 1238 857 1314 ὅ,
883 1238 911 1300 in
928 1257 984 1318 qno
1000 1238 1057 1299 fnit
1078 1236 1118 1311 5¹,
1141 1236 1209 1298 inde
1225 1236 1386 1298 maximam
1400 1230 1497 1294 visam
1516 1232 1546 1293 in
1561 1224 1624 1293 210
1637 1235 1683 1306 tl:

343 1337 414 1411 post
437 1328 604 1391 decrevisse
628 1329 711 1391 9119
737 1324 832 1405 3199
855 1328 947 1390 191999
967 1326 1063 1388 adhuc
1088 1326 1206 1407 quidem
1229 1320 1285 1409 1²),
1298 1322 1317 1401 ⁰,
1343 1322 1396 1385 991
1411 1322 1516 1383 919119
1533 1320 1563 1381 19
1578 1316 1684 1394 27οβ

289 1415 293 1425 ’
345 1438 413 1481 9999
441 1418 637 1481 meridianam
660 1427 692 1478 et
713 1417 802 1478 valde
825 1434 963 1497 magnam
986 1412 1040 1490 4ος
1063 1416 1207 1495 majorem
1231 1414 1321 1476 etiam
1343 1413 1373 1475 in
1400 1406 1459 1474 130
1480 1416 1519 1485 tt.
1560 1408 1608 1471 Ex
1623 1428 1684 1493 quo

343 1508 491 1587 colligitur
527 1506 667 1569 crassiori
698 1506 850 1581 Minerva,
885 1506 997 1569 99199
1026 1505 1237 1567 99999199199
1260 1512 1328 1566 9999
1350 1502 1440 1581 99919
1464 1508 1533 1563 9919
1560 1495 1619 1563 180
1642 1499 1683 1575 ὅ,

342 1596 573 1658 descendentem
596 1596 690 1657 multo
711 1604 782 1674 post
805 1592 845 1657 30
864 1605 911 1673 111.
956 1595 1036 1674 Ergo
1059 1594 1139 1656 circa
1164 1588 1222 1659 170
1244 1592 1272 1669 ὅ
1294 1600 1326 1654 91
1351 1586 1411 1655 17·
1431 1601 1467 1669 m
1490 1596 1577 1653 erunt
1599 1589 1682 1663 nodi,

342 1687 424 1748 circa
448 1680 507 1747 170
529 1689 604 1761 1191
625 1701 672 1745 e:
694 1682 816 1747 limites.
868 1685 975 1766 Itaque
1008 1703 1074 1745 com
1105 1685 1225 1763 planum
1254 1678 1412 1744 eccentrici
1434 1679 1544 1741 Martis
1567 1678 1609 1740 911
1630 1678 1683 1739 19-

343 1776 486 1836 91199199
516 1775 556 1835 91
586 1772 706 1854 919999
738 1774 910 1855 9911911999,
942 1773 1058 1834 accidet
1087 1774 1166 1835 idem
1199 1772 1261 1834 1999
1291 1770 1369 1852 qnod
1399 1769 1430 1831 in
1453 1766 1682 1833 ascensionibus

334 1864 434 1946 rectis
457 1863 586 1943 partium
611 1863 777 1942 eclipticas,
802 1871 836 1934 nt
859 1862 986 1925 arcubus
1009 1861 1083 1923 visis
1106 1860 1208 1925 circuli
1231 1860 1316 1923 unius
1339 1878 1397 1921 uon
1417 1856 1508 1919 iidem
1522 1856 1681 1919 99999191

341 1954 378 2014 19
401 1952 512 2015 9199919
535 1952 630 2014 altero
654 1953 869 2032 respondeant,
902 1951 959 2013 nisi
984 1951 1032 2033 qui
1056 1972 1074 2013 a
1098 1950 1183 2012 nodis
1206 1948 1317 2036 incepti
1341 1948 1370 2023 in
1393 1948 1503 2010 limites
1526 1945 1680 2009 desinant.

340 2042 416 2104 Dico
441 2050 541 2103 antem
563 2060 650 2103 arcus
673 2044 765 2117 visos,
792 2041 861 2122 quia
883 2040 931 2103 hic
961 2050 1080 2120 oportet
1108 2040 1206 2101 99199
1238 2056 1398 2118 segregare
1424 2034 1682 2101 eccentricitatem

257 2181 266 2192 .
340 2132 491 2211 planetae,
516 2140 547 2191 91
569 2130 690 2210 perinde
715 2150 813 2211 agere,
838 2150 873 2191 ac
897 2128 923 2191 si
946 2130 1004 2192 iter
1026 2130 1136 2192 Martis
1159 2148 1251 2209 aeque
1275 2126 1388 2189 inorbe
1408 2126 1531 2189 fixarum
1546 2133 1682 2187 9999199

340 2219 489 2300 ecliptica,
517 2214 658 2301 illamque
681 2238 751 2280 9999
774 2226 902 2281 secaret.
947 2218 990 2281 Et
1012 2218 1132 2301 quidem
1154 2237 1219 2280 cum
1243 2216 1410 2297 quaeritur,
1441 2215 1507 2297 quis
1531 2212 1572 2277 911
1594 2212 1681 2275 19999

339 2308 479 2391 91999199
503 2309 668 2387 9911911999,
693 2308 854 2370 astronomi
874 2306 1000 2369 siceum
1024 2308 1174 2381 19191991,
1199 2326 1265 2368 9999
1289 2322 1394 2384 nempe
1417 2312 1558 2385 punctum
1581 2302 1679 2382 eclip-

339 2399 436 2474 11999,
466 2397 496 2458 19
520 2417 576 2479 qno
600 2396 727 2459 circulus
750 2393 920 2459 latitudinis
944 2397 997 2470 (ad
1021 2396 1186 2477 eclipticam
1210 2397 1325 2469 rectus)
1348 2413 1402 2475 per
1424 2394 1519 2455 locum
1543 2390 1679 2472 corporis

338 2488 478 2567 planetae
502 2486 556 2547 snb
579 2486 646 2549 fixis
668 2486 819 2547 transiens
844 2486 1012 2566 eclipticam
1036 2494 1127 2548 secet.
1169 2492 1256 2567 (Loeo
1276 2492 1402 2564 ecliptico
1428 2494 1575 2565 opponitur
1600 2494 1680 2548 19999

339 2577 454 2643 orbitae,
476 2577 620 2631 99919999
640 2576 747 2631 ratione
769 2576 875 2631 orbitae
896 2574 1105 2644 consideratus.)

425 2656 518 2718 Patet
540 2655 630 2735 igitur
651 2676 705 2736 999
728 2656 932 2718 demonstrata
946 2656 1106 2719 Theodosii
1122 2656 1158 2717 19
1178 2652 1315 2735 Sphaera
1327 2648 1378 2730 00),
1403 2652 1460 2715 9191
1480 2653 1528 2715 hic
1548 2652 1679 2715 circulus

340 2766 394 2826 per
417 2746 569 2826 utriusque
592 2745 694 2808 circuli
717 2745 888 2825 (9911911999
913 2754 944 2810 91
965 2744 1080 2812 11199919
1094 2744 1267 2827 planetarii)
1287 2744 1373 2825 polos
1387 2752 1533 2821 transeat,
1557 2760 1680 2823 semper

337 2834 519 2896 sectionibus
542 2835 604 2896 9919
628 2835 801 2916 inaequales
825 2855 912 2898 99999
936 2856 954 2898 9
977 2836 1122 2898 9999991
1146 2834 1322 2898 circulorum
1349 2834 1481 2896 sectione
1502 2841 1679 2896 numeratos

337 2925 578 3004 interceptarum.
623 2924 748 2987 Etcum
770 2925 859 2987 91119
882 2925 1009 2987 circulos
1031 2925 1199 2987 latitudinis
1219 2925 1257 2985 ad
1279 2923 1447 3004 eclipticam
1467 2931 1578 2997 999199,
1602 2939 1677 3002 ergo

338 3015 365 3075 91
397 3033 455 3074 999
486 3032 540 3094 999
571 3013 657 3094 99199
684 3009 800 3075 orbitae
827 3013 1014 3094 planetariae
1046 3014 1170 3089 transit,
1203 3012 1262 3076 erit
1294 3013 1332 3074 ad
1364 3012 1493 3076 orbitam
1525 3009 1675 3094 obliquos.

337 3101 462 3183 Semper
485 3103 577 3183 igitur
599 3103 694 3184 major
718 3123 804 3165 99999
827 3112 876 3164 991
900 3105 977 3165 19199
1000 3104 1094 3165 19999
1117 3103 1259 3183 91999199
1281 3102 1311 3164 19
1335 3122 1390 3165 999
1413 3100 1511 3164 orbita
1525 3102 1677 3164 etnodum

336 3193 518 3273 propiorem,
542 3211 630 3272 qnam
652 3193 731 3254 inter
752 3192 850 3263 locum
873 3193 939 3274 ejus
962 3192 1130 3273 eclipticum
1153 3201 1185 3254 et
1208 3190 1333 3254 eundem
1347 3191 1463 3255 nodum.
1494 3189 1569 3254 Cum
1583 3190 1679 3270 igitur

335 3281 480 3360 planetae.
507 3281 717 3356 observamus,
750 3301 818 3342 non.
838 3283 920 3361 prius
951 3282 1036 3344 nobis
1059 3282 1272 3361 persuademus
1295 3289 1378 3343 99919
1401 3297 1502 3343 eorum
1527 3281 1593 3342 loca
1614 3280 1683 3342 de-'

247 3407 249 3410 >
335 3369 461 3446 finiisse,
493 3369 550 3431 nisi
583 3372 622 3432 ad
654 3370 823 3450 eclipticam
854 3390 907 3432 eos
930 3371 1136 3444 retulerimus3
1168 3370 1351 3444 indicantes,
1380 3371 1408 3432 in
1433 3389 1490 3451 quo
1512 3369 1674 3450 9911911999

335 3467 445 3538 999919
477 3460 646 3522 1999919199
676 3459 804 3521 91999199
833 3459 1001 3522 latitudinis
1032 3478 1087 3540 per
1116 3477 1222 3541 corpus
1244 3460 1383 3539 planetae
1406 3459 1568 3522 transiens.
1612 3455 1674 3518 Est

335 3549 427 3628 igitur
450 3550 532 3611 locus
556 3547 711 3628 eclipticus
735 3548 773 3608 ob
794 3555 931 3610 nostram
954 3548 1124 3612 memoriam
1147 3559 1180 3610 et
1202 3557 1331 3627 captum.
1378 3546 1498 3611 Contra
1515 3567 1581 3610 cum
1603 3549 1676 3626 pla-

335 3648 435 3700 netam
459 3637 488 3697 in
513 3636 576 3696 sna¹
590 3635 751 3717 hypothesi
772 3645 988 3716 computamus,
1014 3648 1168 3700 versamur
1191 3656 1250 3699 non
1273 3639 1302 3699 in
1326 3636 1475 3717 ecliptica,
1500 3636 1553 3700 991
1567 3636 1675 3716 inipso

334 3726 475 3804 planetae
499 3724 619 3794 itinere,
652 3725 730 3805 quod
757 3733 806 3788 est
829 3726 868 3787 ad
892 3726 1060 3806 eclipticam
1084 3727 1268 3788 inclinatum.
1315 3727 1358 3790 Ut
1379 3727 1472 3807 igitur
1493 3725 1675 3790 observatus

336 3816 417 3878 locus
445 3834 511 3878 cum
542 3821 714 3893 computato
737 3813 835 3896 possit
858 3815 1041 3894 comparari,
1066 3823 1185 3895 oportet
1208 3823 1260 3878 aut
1282 3816 1460 3896 prolongare
1484 3834 1598 3885 arcmn,
1623 3813 1676 3895 qni

335 3911 382 3964 est
404 3905 483 3966 inter
506 3903 674 3982 eclipticum
697 3905 793 3966 locum
817 3913 848 3966 et
869 3904 1039 3985 propiorem
1063 3905 1199 3980 nodum,
1218 3913 1271 3966 ant
1294 3905 1451 3968 decurtare
1475 3925 1591 3978 arcum,
1622 3903 1676 3984 qui

334 4000 383 4054 991
404 3991 482 4057 inter
505 4009 611 4073 corpus
635 3993 775 4072 planetae
799 4003 830 4054 91
859 3993 983 4055 eundem
1014 3993 1136 4068 nodum,
1167 4000 1201 4055 ut
1229 4011 1268 4055 ex
1288 3993 1339 4056 illo
1363 3995 1416 4056 fiat
1439 3995 1520 4058 19999
1545 3991 1675 4067 orbitae,

335 4100 372 4142 ex
393 4078 450 4145 hoc
473 4083 556 4145 locus
579 4081 746 4162 eclipticus.
791 4083 828 4145 Id
847 4091 947 4144 autem
962 4083 1056 4144 11991
1071 4082 1207 4146 addendo
1222 4083 1449 4154 99191999919,
1472 4075 1677 4165 9999199199

334 4170 429 4232 locum
452 4172 593 4252 planetae
616 4172 666 4232 vel
689 4173 887 4236 antecesserit
910 4173 959 4234 991
982 4176 1102 4234 secutus
1126 4172 1223 4235 fuerit.

420 4261 506 4323 Hanc
530 4279 630 4323 curam
653 4259 899 4326 Ptolemaeus
923 4261 1002 4324 circa
1024 4263 1163 4340 planetas
1177 4281 1236 4323 non
1250 4261 1367 4324 9999911
1377 4281 1443 4324 9999
1454 4259 1676 4325 necessariam:

334 4347 564 4428 Gopernicus
592 4348 622 4410 in
645 4349 730 4410 Luna
752 4371 809 4413 nno
834 4351 984 4432 neglexit:
1013 4347 1131 4434 Tycho
1155 4351 1274 4413 Brahe
1304 4351 1483 4414 subtilitatis
1508 4351 1678 4414 9999911-

333 4437 461 4519 ligenter
484 4439 719 4519 99199919999.
803 4470 806 4474 ⁴

422 4525 609 4590 Ceterum
633 4529 663 4589 in
686 4527 743 4589 hac
762 4527 827 4608 jam
851 4526 986 4590 adhibita
1009 4526 1180 4590 reductione
1204 4526 1260 4589 duo
1279 4527 1375 4590 habeo
1399 4547 1474 4609 quae
1494 4527 1676 4607 desiderem,

334 4635 456 4699 qnorum
478 4624 632 4697 utrumque
656 4618 760 4679 eodem
783 4617 906 4679 elencho
930 4625 961 4678 et
984 4617 1136 4681 schemate
1164 4633 1302 4698 eparguo.

423 4705 473 4768 Sit
495 4705 525 4768 Α
554 4711 620 4780 (rig.
640 4711 686 4777 92)
709 4708 792 4768 19999
814 4705 884 4767 9911
907 4707 962 4768 991)
986 4707 1066 4782 fixis,
1091 4705 1148 4768 AB
1172 4723 1258 4767 arcus
1289 4706 1462 4786 eclipticas:
1482 4707 1580 4789 ”eique
1604 4716 1677 4771 919-

335 4801 439 4858 tnatnr
462 4792 596 4874 aequalis
621 4814 708 4858 arcus
730 4794 788 4858 AC
811 4801 843 4856 et
865 4794 920 4857 sub
944 4791 969 4857 O
993 4795 1130 4857 videatur
1152 4794 1284 4874 planeta
1322 4795 1455 4860 Ducatur
1477 4797 1569 4860 etiam
1592 4795 1677 4861 exO

334 4903 420 4947 arcus
444 4882 698 4964 perpendicularis
721 4885 751 4948 io
775 4883 952 4964 eclipticam,
976 4883 1025 4964 qui
1048 4883 1089 4945 911
1112 4881 1176 4947 ΟΕ.

422 4973 553 5035 Ρ91999
576 4969 667 5051 igitur
689 4980 806 5035 veteres
829 4977 982 5054 putarunt,
1006 4967 1114 5034 curnE
1139 4967 1283 5037 91119999
1307 4969 1461 5054 eclipticus
1484 4979 1515 5038 91
1539 4969 1564 5038 0
1587 4971 1677 5039 19999
