3517 5525
307 420 351 493 52
724 414 825 467 Literae
843 410 946 478 Kepleri
964 412 1115 479 aliorumque
1132 418 1235 465 mutuae

307 620 467 683 excerpam
497 597 678 663 anomaliam
707 600 904 678 coaequatam
932 594 964 657 in
998 590 1142 672 gradibus
1178 591 1323 671 integris,
1363 589 1562 673 adjiciendam
1589 588 1661 657 loeo
1699 584 1715 611 ⁸

309 692 447 775 apogaei,
471 710 537 757 eum
561 686 707 751 distantia
729 683 837 749 sideris
854 681 959 747 aSole
977 682 1068 762 paulo
1090 680 1227 745 breviore
1246 701 1336 762 quam
1354 688 1404 745 est
1421 700 1502 757 vera,
1527 680 1663 747 demissa

308 782 426 847 scilicet
447 775 686 861 perpendiculari
700 795 738 837 ex
753 772 861 848 sidere,
885 793 952 835 cum
966 771 1059 835 babet
1074 770 1273 845 latitudinem,
1296 771 1327 833 in
1340 772 1462 851 planum
1480 769 1661 851 eclipticas:

309 891 386 954 quse
409 869 527 951 quidem
559 864 813 948 perpendicularis
844 862 951 925 itidem
980 861 1169 941 excerpenda
1191 860 1250 925 erit
1272 880 1339 926 curn
1369 860 1517 923 distantia
1538 880 1559 923 a
1581 862 1662 923 nodo

310 982 349 1025 ex
371 960 434 1023 suis
456 957 580 1021 tabulis.
626 956 691 1019 lloc
714 961 804 1035 pacto
826 953 926 1015 locum
948 950 1056 1015 sideris
1084 950 1237 1031 proprium
1266 950 1388 1015 minime
1415 949 1537 1030 negotio
1560 967 1615 1030 per
1636 946 1659 1015 3

200 1055 203 1063 '
312 1048 516 1115 dimensiones
539 1044 725 1114 habebimus,
748 1042 796 1107 cui
819 1041 1065 1123 supervenientes
1094 1040 1267 1121 parallaxee
1291 1040 1371 1103 erbis
1395 1038 1486 1102 annui
1507 1040 1663 1103 nonnullis

311 1140 422 1203 tabulis
445 1134 656 1201 universaliter
679 1132 798 1213 excerpi
830 1149 921 1212 posse
944 1148 1032 1210 spero
1039 1149 1049 1205 3
1082 1130 1137 1191 sed
1156 1130 1203 1191 ita
1225 1137 1313 1193 emnt
1335 1128 1548 1191 extricandae:
1573 1148 1662 1193 ecm-

181 1254 184 1262 ’
310 1228 467 1309 parabitur
489 1228 571 1289 locus
585 1223 668 1287 Solis
691 1243 745 1287 een
758 1223 870 1283 Terrae
894 1240 961 1283 oum
984 1219 1051 1281 loco
1073 1218 1183 1282 sideris
1206 1218 1425 1297 ἀπαραλλακιῳ
1447 1238 1503 1299 pro
1521 1218 1663 1281 babendo

311 1315 552 1383 commutationis
567 1314 687 1393 angulo,
711 1311 792 1375 circa
811 1330 899 1393 quem
912 1310 970 1371 duo
989 1308 1087 1371 latera
1101 1317 1172 1372 sunt
1187 1308 1349 1372 distantiae
1364 1309 1476 1371 Terrae
1495 1314 1528 1370 et
1549 1308 1663 1372 sideris

313 1406 436 1471 aSole.
481 1406 540 1468 Per
570 1402 750 1467 solutionem
779 1400 871 1480 igitur
903 1398 1045 1478 trianguli
1077 1398 1165 1478 hujus
1198 1400 1267 1479 (per
1297 1396 1603 1479 prosthapbaeresiu,
1632 1398 1663 1461 si
1740 1482 1744 1487 ι

312 1498 428 1579 placet,
452 1512 517 1557 cum
547 1512 613 1557 eam
641 1490 662 1553 J
667 1490 825 1555 bebelius
859 1487 1033 1551 facillimam
1060 1487 1224 1551 reddiderit
1244 1494 1337 1561 (comp.
1356 1495 1413 1547 Vol.
1432 1496 1466 1555 11,
1484 1512 1512 1561 p.
1529 1492 1595 1558 est)
1626 1495 1664 1551 et

316 1585 518 1649 inventionem
542 1581 644 1662 auguli
667 1581 705 1643 ad
734 1579 857 1641 Terram
884 1578 1014 1639 habetur
1040 1577 1205 1656 parallaxis
1233 1576 1446 1657 longitudinis,
1474 1596 1529 1659 per
1550 1578 1662 1641 iuren-

315 1675 428 1738 tionem
451 1691 522 1737 vero
540 1670 704 1734 distantiae
719 1668 827 1731 sideris
847 1686 866 1729 a
884 1668 987 1739 Terra,
1012 1666 1091 1746 quod
1107 1673 1154 1727 est
1181 1666 1263 1729 latus
1286 1666 1419 1742 tertium,
1443 1666 1567 1748 ejusque
1594 1686 1665 1731 cum

313 1765 381 1828 sinu
404 1760 608 1827 inclinationis
631 1778 723 1839 supra
745 1766 887 1838 excerpto
910 1754 1166 1835 comparationem
1192 1756 1321 1819 latitudo
1343 1755 1542 1837 parallaetica
1564 1756 1664 1819 babe-

315 1854 407 1918 bitur.
455 1850 588 1931 Cumque
613 1848 760 1913 distantia
779 1846 860 1911 Solis
880 1854 913 1909 et
926 1846 1037 1907 Terrae
1060 1864 1120 1909 non
1144 1844 1231 1909 detur
1253 1863 1372 1925 semper
1393 1846 1424 1909 in
1446 1846 1584 1927 partibus
1606 1847 1667 1909 iis-

317 1943 385 2005 dem
408 1936 524 2024 (omuia
547 1959 576 2001 n.
602 1939 641 2000 ad
671 1956 774 2001 verum
797 1935 879 2001 Solis
910 1936 1008 1997 locum
1039 1935 1212 1997 necessario
1241 1935 1406 2015 redigenda
1436 1943 1523 2011 suut,
1557 1936 1668 1999 obser-

316 2030 488 2095 vationibus
509 2028 674 2104 testibus),
700 2026 776 2089 duae
800 2032 889 2089 eruut
911 2043 982 2105 ergo
1009 2022 1277 2104 multiplicationes
1299 2044 1354 2106 pro
1376 2025 1506 2105 angulo,
1529 2044 1589 2088 uua
1610 2045 1669 2107 pro

317 2124 424 2189 latere,
448 2138 509 2181 una
522 2138 576 2200 pro
601 2116 825 2197 comparatione
849 2115 916 2195 ejus
939 2133 1005 2176 oum
1021 2112 1089 2175 sinu
1112 2112 1324 2179 inclinationis
1362 2115 1414 2177 Ita
1433 2123 1562 2195 quatuor
1579 2123 1671 2177 erunt

317 2208 585 2292 multiplicationes
617 2225 671 2287 pro
706 2205 866 2285 cujuslibet
903 2203 1044 2282 planetae
1072 2202 1149 2265 loeo.
1203 2202 1272 2266 Non
1298 2212 1402 2285 potest
1430 2204 1533 2284 itaque
1562 2223 1669 2267 carere

315 2298 421 2363 tabula
450 2297 568 2360 sinuum
598 2294 731 2357 calculus
763 2294 832 2356 iste.
883 2290 942 2353 Est
974 2291 1050 2352 aliua
1086 2290 1192 2353 modus
1222 2312 1260 2355 ex
1290 2292 1448 2373 triangulis
1487 2293 1669 2375 sphaericis,

314 2387 445 2467 trajecto
469 2386 560 2466 plano
583 2386 683 2457 tertio,
706 2390 741 2447 ιιι
759 2382 928 2463 eclipticam
952 2378 1081 2442 secetiu
1096 2380 1199 2454 Terra,
1223 2382 1351 2444 orbitarn
1374 2383 1516 2462 planetae
1538 2382 1669 2463 inipso.

313 2478 401 2541 Haec
424 2475 560 2539 tabulam
582 2472 670 2554 primi
697 2471 817 2535 mobilis
838 2469 1073 2549 Regiomontani
1096 2469 1151 2542 (ad
1174 2469 1308 2533 laborem
1334 2470 1541 2547 minuendum)
1572 2492 1671 2552 usque

316 2566 355 2629 sd
382 2560 441 2629 10⁰
461 2582 516 2646 per
538 2562 658 2643 singula
680 2562 796 2625 minuta
819 2568 978 2623 extensam
1001 2558 1171 2630 desiderat,
1195 2578 1255 2639 qua
1276 2559 1411 2623 reductio
1434 2560 1474 2623 ad
1497 2561 1672 2643 eclipticam

316 2664 348 2717 et
371 2654 502 2717 latitudo
535 2652 706 2735 expeditur,
742 2651 797 2713 sed
825 2647 1017 2719 nihilominus
1046 2648 1173 2728 angulus
1205 2669 1243 2711 ex
1275 2649 1420 2713 lateribus
1449 2650 1613 2713 rectilineis
1636 2658 1673 2714 et
1753 2715 1754 2720 ,

317 2742 533 2826 comprehenso
566 2740 753 2827 quaerendus
786 2746 852 2814 eet;
885 2737 988 2819 itaque
1019 2736 1140 2812 dubito,
1171 2738 1451 2821 compendiosiorne
1474 2738 1516 2802 eit
1539 2740 1670 2804 futurus.
1754 2808 1755 2827 ξ

316 2833 441 2898 Utinam
464 2833 582 2914 quidem
606 2830 714 2894 tertius
746 2828 855 2910 aliquis
889 2828 1026 2896 daretur,
1057 2827 1107 2907 qui
1130 2836 1162 2889 et
1185 2830 1369 2892 universalis
1393 2837 1477 2892 esset
1504 2839 1672 2912 possetque
1754 2834 1755 2843 ’

262 2947 269 2964 ·
317 2922 452 2988 adhiberi
476 2922 514 2984 ad
539 2939 654 2983 omnem
677 2919 861 3001 apheliornm
877 2917 990 2980 Terrae
1013 2923 1046 2977 et
1067 2915 1176 2978 sideris
1200 2918 1387 2982 distantium.
1423 2919 1504 2982 Nam
1522 2937 1578 2999 ego
1592 2939 1672 2983 sane

316 3029 376 3076 nou
399 3010 496 3086 video,
521 3008 667 3092 quomodo
690 3008 906 3072 instituendum
929 3005 1091 3087 negotium,
1115 3013 1149 3068 ut
1168 3008 1309 3087 scrupula
1330 3007 1567 3088 proportionalia
1588 3010 1671 3072 reti-

317 3119 452 3166 neamus.
489 3099 588 3164 Primo
608 3100 697 3173 enim,
721 3097 747 3160 si
761 3097 845 3162 sidus
859 3104 908 3159 est
927 3095 960 3158 iu
975 3094 1056 3158 linea
1077 3094 1215 3176 apsidum
1229 3098 1351 3173 Terrae,
1375 3097 1526 3160 anomalia
1548 3096 1672 3178 quidem

317 3189 560 3254 commutationis
583 3189 612 3250 in
636 3197 761 3270 utroque
786 3184 974 3249 semicirculo
998 3180 1135 3265 aequalis
1158 3193 1221 3260 eet,
1244 3195 1279 3250 ut
1294 3187 1328 3249 si
1351 3187 1435 3250 eidus
1459 3185 1501 3249 eit
1523 3187 1596 3251 alibi
1619 3191 1674 3260 (ut
1754 3202 1755 3205 ’

319 3287 345 3352 6
369 3297 523 3360 apogaeus
544 3278 577 3342 iu
601 3283 635 3354 il,
660 3297 726 3341 curu
750 3273 790 3356 (Ξ)
816 3276 857 3338 sit
879 3275 910 3336 iu
929 3277 988 3348 eo),
1007 3275 1074 3354 jam
1098 3273 1177 3337 alter
1198 3276 1403 3351 semicirculus
1426 3275 1674 3340 commutationis
1754 3354 1755 3357 Ἴ

317 3372 348 3434 iu
372 3371 453 3432 latus
476 3369 586 3449 vergit.
631 3367 674 3430 Et
695 3386 733 3430 ne
757 3365 860 3428 labore
885 3363 954 3425 huic
977 3363 1021 3426 rei
1037 3363 1195 3428 subvenire
1216 3367 1377 3445 possimus,
1400 3363 1494 3428 efficit
1515 3365 1671 3446 aphelium
1753 3386 1755 3451 j

319 3460 432 3522 Terrae
456 3457 515 3520 alio
538 3465 622 3520 motu
645 3463 823 3538 promotum,
847 3469 937 3535 quam
960 3452 1080 3532 aphelia
1100 3453 1300 3532 planetarum,
1325 3463 1360 3516 ut
1375 3456 1425 3517 vel
1448 3455 1673 3536 appropinquet
1752 3470 1755 3482 “

318 3547 368 3610 vel
391 3546 515 3609 recedat
538 3553 569 3608 et
592 3545 826 3627 qualemcunque
861 3543 988 3604 formam
1020 3541 1226 3620 compuleram
1254 3544 1524 3624 proportionalium
1552 3544 1669 3608 turbet.

319 3637 429 3700 Potest
441 3643 543 3698 tamen
559 3634 597 3696 ad
612 3651 701 3696 unum
716 3631 848 3694 seculum
863 3629 941 3692 ratio
955 3629 1033 3704 iniri,
1051 3630 1155 3709 posita
1167 3632 1273 3694 eodem
1286 3651 1488 3714 apogaecmm
1502 3633 1671 3697 distantia:
1753 3628 1755 3647 '

321 3723 399 3806 quod
414 3723 482 3787 aliis
500 3722 747 3786 considerandum
762 3728 794 3784 et
816 3719 1004 3782 efficiendum
1019 3718 1165 3801 relinquo.
1198 3719 1274 3784 Mihi
1296 3721 1416 3785 videtur
1434 3723 1483 3784 vel
1502 3723 1673 3804 ingeniosis
1754 3718 1755 3735 ³

320 3814 370 3876 vel
393 3811 553 3876 servilibus
572 3819 604 3874 et
616 3811 788 3892 praeceptis
811 3807 946 3890 alligatis
968 3807 1097 3888 ingeniis
1110 3808 1190 3878 idem
1205 3809 1301 3884 labor,
1323 3812 1388 3874 sive
1410 3820 1539 3892 quatuor
1560 3812 1671 3875 multi·
1753 3808 1755 3845 ³

322 3903 504 3985 plicationes
526 3900 679 3982 simplices
697 3899 861 3980 jubeantur
875 3899 985 3972 faeere,
1009 3896 1074 3960 eive
1091 3897 1183 3960 toties
1198 3899 1258 3962 imo
1272 3901 1386 3982 pluries
1409 3900 1548 3981 logistica
1562 3901 1671 3964 multi-
1754 3900 1755 3933 ³

322 3992 436 4074 plicare
459 3991 599 4072 scmpula
621 3989 653 4052 in
676 4007 832 4063 excessum
855 3989 906 4061 (ιιι
928 3987 966 4048 de
989 3987 1303 4068 prosthaphaeresium
1331 3990 1523 4071 compendio,
1556 3991 1587 4053 iu
1610 4009 1682 4071 quo
1754 4020 1755 4025 1

324 4081 454 4146 noudum
486 4080 669 4143 exercitatus
701 4097 785 4153 euru,
817 4077 891 4140 nihil
913 4076 1045 4151 dicam),
1073 4084 1108 4139 ut
1129 4077 1175 4140 ita
1202 4097 1260 4142 uon
1283 4097 1465 4160 magnopere
1497 4079 1675 4145 desiderare
1754 4110 1755 4113 ι

324 4171 486 4234 debeamus
509 4169 649 4250 scrupula
670 4166 918 4250 proportionalia.
955 4165 998 4228 Et
1013 4185 1060 4228 me
1080 4163 1210 4244 Christe,
1234 4167 1261 4230 si
1284 4170 1359 4232 bene
1382 4169 1561 4250 perpendas,
1584 4189 1675 4232 eom-

325 4258 434 4342 pendio
457 4257 658 4340 negliguntur.
704 4257 938 4336 Perpeudamus.
979 4254 1080 4319 Primo
1103 4273 1156 4338 per
1177 4253 1208 4332 4,
1233 4255 1254 4321 5
1277 4258 1326 4320 vel
1348 4253 1370 4322 c
1393 4258 1488 4322 series
1511 4266 1560 4323 est
1581 4258 1678 4322 colli-
1754 4259 1755 4262 ’

326 4346 425 4430 ganda
447 4346 597 4410 anomalia
621 4345 879 4410 commutationis:
913 4345 1002 4426 hujus
1025 4345 1091 4408 loco
1121 4345 1182 4426 jam
1204 4345 1273 4410 loea
1296 4347 1407 4410 Terrae
1429 4355 1462 4410 et
1484 4348 1591 4412 sideris
1613 4369 1675 4429 pro

327 4454 359 4500 re
382 4443 456 4500 nata
478 4435 694 4500 subtrahuntur
717 4456 736 4496 a
759 4455 792 4498 sa
814 4443 928 4514 mutuo.
973 4434 1090 4497 Deinde
1113 4436 1306 4499 commutatio
1330 4437 1678 4519 aequanda3boojau1
1754 4452 1755 4477 ³

327 4525 515 4609 praestitum.
562 4525 664 4589 Tertio
687 4544 753 4588 cum
777 4525 928 4588 anomalia
950 4525 1081 4587 ecceutri
1104 4526 1293 4607 excerpenda
1314 4527 1455 4606 scrupula
1477 4534 1509 4589 et
1531 4526 1676 4608 logistica

328 4615 511 4697 operandum
532 4633 586 4696 pro
608 4621 695 4696 parte
725 4612 961 4696 proportionali3
990 4620 1097 4696 quarto
1124 4633 1193 4677 curu
1219 4615 1453 4679 commutatione
1484 4617 1680 4699 excerpenda
1754 4628 1755 4633 ’

328 4703 530 4780 commutatio,
553 4713 586 4767 et
608 4703 711 4785 quinto
735 4722 877 4767 excessus
901 4723 967 4766 cnm
995 4703 1114 4783 gemina
1137 4705 1311 4784 operatione
1342 4705 1487 4787 logistica
1506 4724 1561 4787 pro
1583 4713 1675 4788 parte
1754 4716 1755 4749 ³

328 4792 559 4876 proportionali,
592 4801 680 4855 sexto
703 4813 757 4875 per
780 4791 984 4874 operationem
1015 4790 1187 4873 logisticam
1208 4813 1281 4874 pare
1304 4795 1341 4857 de
1363 4813 1488 4858 excessu
1522 4795 1679 4876 scrupulis
1753 4810 1755 4839 ι

330 4901 496 4963 congruens
518 4881 703 4963 inquirenda,
726 4890 791 4946 tum
813 4882 983 4945 addendum
1002 4889 1056 4944 aut
1077 4882 1321 4959 subtrahendum,
1343 4891 1379 4946 ut
1397 4884 1461 4964 jam
1478 4883 1552 4948 nibil
1574 4885 1679 4948 dicam
1754 4902 1755 4935 ³

332 4972 369 5042 de
391 4971 526 5065 pluribus
549 4971 773 5054 operationibus
796 4981 829 5035 et
851 4971 978 5036 cautelis
1000 4971 1040 5032 ad
1064 4971 1238 5036 latitudines
1260 4973 1496 5038 constituendas.
1543 4975 1602 5038 Pro
1625 4975 1677 5038 his
