3517 5525
458 205 494 234 *⁵*
522 210 567 266 ιη.

576 265 610 306 sl,
681 293 690 309 Ι

678 317 709 342 i,

637 451 677 504 ιι.
696 394 809 506 beera
830 447 907 506 ιιιι.
1262 451 1266 463 ·
1379 454 1444 520 ⁷37

183 635 234 698 Ει
256 635 313 698 boc
342 632 434 713 igitur
461 633 598 714 exemplo
628 633 740 696 camite
770 632 898 712 primum
920 630 1086 712 Hipparchi
1115 629 1311 708 industriam,
1343 633 1445 714 quiin

12 749 14 756 ·
98 723 203 788 mediis
218 723 481 788 Macedonicorum
499 729 630 786 motuum
649 723 825 786 tumultibus
840 741 895 803 per
914 721 1014 782 decies
1037 727 1165 783 centena
1186 741 1330 801 passuum
1350 723 1446 786 millia

97 812 227 917 vestigia
249 812 370 876 umbrae
393 811 521 876 Lunaris
543 810 715 891 indagavit,
743 831 809 874 cnm
836 819 919 874 esset
941 810 1154 874 asmoncmiam
1177 830 1266 891 super
1288 813 1345 874 boc
1367 812 1445 876 deli-

95 903 164 986 ιιιο
189 909 405 968 exsecuturus.
1460 901 1465 911 '

186 989 385 1056 Considerate
408 988 551 1070 amplius,
575 1007 761 1070 nequaqnam
784 989 845 1053 ista
868 987 968 1070 perfici
990 988 1079 1053 aliter
1100 989 1253 1069 potuisse,
1276 989 1335 1052 nisi
1357 1009 1446 1072 reges

36 1159 40 1167 ¹
93 1080 203 1156 Asiae,
227 1080 434 1154 Macedoniae,
457 1078 602 1160 Aegypti,
626 1079 761 1160 quamvis
780 1085 851 1142 tnnc
871 1080 908 1141 de
926 1097 1026 1140 rernm
1044 1096 1160 1139 summa
1181 1078 1260 1141 inter
1280 1098 1347 1141 sese
1371 1099 1445 1142 con-

94 1177 250 1234 certantes
284 1169 426 1232 acerrime
458 1175 597 1250 terraque
630 1177 661 1230 et
691 1169 768 1230 ma’ri
801 1174 997 1248 grassantes,
1029 1167 1060 1229 in
1090 1165 1177 1230 unius
1204 1175 1308 1231 tamen
1334 1168 1445 1249 privati

94 1258 225 1322 hominis
242 1268 316 1322 vota
333 1258 489 1321 unanimes
509 1256 734 1320 consensissent
755 1257 873 1338 iterque
896 1265 994 1322 tumn
1016 1254 1062 1318 illi
1085 1255 1160 1318 artis
1184 1258 1444 1338 praeclarissimae

96 1348 198 1410 studio
220 1347 459 1430 praestitissent,
483 1347 586 1410 forsan
610 1354 643 1409 et
664 1347 813 1410 sumtibus
831 1346 992 1428 juvissent.
1523 1341 1527 1347 '

165 1435 256 1502 Jam
278 1455 348 1500 vero
368 1435 499 1499 adhaec
519 1441 625 1498 nostra
643 1455 752 1498 revoco
770 1443 917 1539 tempora,
940 1435 1045 1517 quibus
1064 1440 1134 1514 post
1152 1433 1239 1514 jacta
1256 1453 1310 1515 per
1323 1434 1444 1518 Tyclrc·

12 1557 13 1560 ι
93 1543 162 1588 nem
185 1527 286 1588 Brahe
310 1524 492 1590 solidissima
515 1525 709 1588 fundamenta
735 1525 768 1587 id
793 1525 879 1594 unice
908 1523 1025 1606 agitur,
1057 1530 1092 1586 ιι
1118 1523 1333 1590 astronomiam
1355 1544 1446 1606 quam

92 1615 347 1714 perfectissimam
370 1613 554 1690 habeamus,
586 1621 617 1676 et
639 1614 717 1697 quod
740 1633 837 1677 meam
858 1621 977 1695 partem
1000 1612 1124 1688 attinet,
1147 1621 1264 1695 tempus
1288 1613 1391 1684 forsan
1413 1621 1446 1676 et
1503 1674 1505 1679 .

72 1703 223 1768 'externa
244 1693 426 1768 'adminicula
448 1704 522 1766 mihi
545 1703 710 1779 defuerint,
738 1705 856 1790 animos
879 1712 962 1766 certe
984 1721 1133 1784 nunqnam
1156 1703 1255 1777 deest,
1286 1720 1444 1766 successus

93 1812 179 1874 spem
202 1793 356 1875 praebuit,
380 1792 607 1858 observationes
631 1793 772 1856 adsunt
764 1813 793 1854 ιι
817 1794 919 1873 ιιριι,
948 1792 1054 1874 quales
1076 1791 1205 1873 quaevis
1222 1799 1389 1872 temporum
1412 1798 1445 1854 et

92 1891 227 1946 motuum
257 1881 389 1947 conditio
421 1882 563 1944 exhibet·
596 1883 663 1944 sola
692 1882 768 1944 haec
790 1882 964 1974 Hipparcho
988 1887 1153 1962 usurpata
1155 1883 1275 1951 occasio
1297 1881 1444 1944 hactenus

91 1971 198 2047 defuit,
223 1978 258 2036 nt
279 1990 333 2052 per
357 1971 506 2034 defectum
528 1970 610 2034 Solis
634 1971 761 2035 diversis
788 1972 864 2035 locis
888 1978 1029 2035 accurate
1051 1952 1244 2037 cesaristam
1266 1971 1403 2033 eadem
1394 1991 1443 2032 in·-

93 2061 318 2142 vestigareutur
340 2057 525 2140 expeditius,
556 2079 632 2140 qnae
662 2060 782 2124 aliunde
810 2079 925 2142 qnoque
947 2061 1102 2133 innotuere
1125 2079 1180 2142 per
1201 2059 1359 2139 longiores
1375 2079 1443 2122 am·
1542 2130 1544 2135 ,

92 2151 207 2231 bages,
239 2151 339 2231 itaque
370 2167 534 2212 consensus
566 2149 687 2212 veritati
717 2149 877 2230 praeberet
905 2149 1117 2212 testimoninm.
1164 2145 1283 2222 Quodsi
1311 2148 1443 2212 seculum

28 2273 29 2278 ι
96 2245 237 2302 ιιιιιιιι
260 2238 509 2320 contemplemur,
534 2238 704 2302 rarissimas
728 2237 1086 2320 videbimuslrnJ'usmodi
1109 2238 1292 2301 occasiones.
1401 2261 1405 2268 ·

184 2328 275 2390 Anne
300 2322 385 2392 1544
408 2344 518 2406 magna
539 2326 598 2390 ιιιι
620 2327 740 2409 eclipsis
763 2336 795 2392 ιι
818 2327 927 2392 ιιιιιιι
949 2328 1054 2390 totalis
1074 2334 1106 2389 et
1124 2327 1315 2391 mediocriter
1338 2327 1443 2390 adulto

12 2455 13 2468 ι
94 2415 164 2494 die;
198 2433 341 2496 cumque,
371 2424 406 2478 nt
429 2413 558 2480 Gemma
584 2415 700 2479 Frisios
715 2417 904 2493 adnotavit,
934 2415 1059 2480 infertor
1085 2415 1168 2480 Solis
1196 2433 1269 2498 pars
1297 2415 1444 2479 defecerit
1525 2435 1529 2446 ¹

93 2504 242 2580 Lovaoii,
274 2504 519 2568 meridionalibns
548 2505 642 2584 igitur
674 2506 747 2570 locis
776 2505 886 2570 alicubi
914 2515 997 2570 totus
1020 2503 1075 2568 Sol
1103 2513 1175 2586 post
1196 2505 1314 2568 Lunam
1340 2504 1441 2568 latuit.

92 2595 211 2697 Magna
233 2595 457 2675 opportunitas,
482 2595 537 2659 sed
558 2595 712 2676 neglecta,
737 2597 815 2661 forte
838 2595 916 2679 qnod
941 2604 1012 2659 tunc
1035 2593 1237 2658 astronomiae
1259 2593 1442 2658 restauratio

91 2701 149 2746 non
173 2681 221 2745 ita
242 2684 375 2760 ferebat,
398 2683 656 2748 observationibus
679 2686 914 2750 accuratioribus
936 2684 1066 2747 nondum
1089 2682 1284 2767 consignatis.

178 2774 272 2835 Auno
300 2729 384 2839 1560
407 2772 531 2854 eclipsis
552 2773 634 2837 Solis
657 2781 689 2837 ct
711 2775 817 2839 totalis
840 2783 871 2837 st
894 2775 925 2837 in
947 2773 1071 2837 meridie
1094 2774 1183 2838 fuit
1174 2794 1205 2836 ιι
1219 2772 1389 2848 Lusitania,
1413 2780 1445 2836 et

91 2848 257 2927 observata
279 2870 328 2923 est
348 2860 464 2943 passim
483 2873 536 2941 per
558 2859 763 2939 Germaniam,
787 2863 949 2951 digitorum
970 2871 1073 2925 ιιιιιιι
1095 2882 1235 2927 numerus
1258 2863 1326 2925 sola
1347 2861 1445 2926 aesti-

60 2991 65 3003 ι
91 2952 227 3015 motione
249 2950 331 3013 nullo
360 2949 485 3013 artificio
514 2950 669 3030 proditus;
703 2951 805 3033 itaque
833 2968 892 3014 ιιι
921 2951 1066 3031 majorem
1094 2952 1133 3013 ad
1156 2951 1367 3014 certitudinem
1389 2970 1444 3013 nos

90 3041 256 3121 perducere
284 3046 357 3120 apta
386 3046 450 3112 est,
481 3056 569 3118 qnam
591 3037 796 3119 Hipparchum
824 3059 880 3103 ena
906 3040 1055 3125 perduxit.
1100 3040 1191 3103 Adde
1213 3040 1292 3122 quod
1315 3047 1347 3101 et
1368 3039 1445 3101 haec

92 3137 123 3193 et
145 3149 224 3212 qnae
248 3146 326 3191 anuo
353 3122 435 3192 1567
459 3134 587 3229 sequuta
609 3136 667 3202 est,
689 3128 838 3192 Romae
830 3150 860 3191 ιι
883 3128 1005 3192 meridie
1024 3130 1177 3205 centralis,
1201 3138 1390 3192 ιιιιοιιιιιι
1412 3128 1444 3191 in

92 3220 231 3283 diversas
255 3224 412 3281 traxerunt
435 3214 602 3281 sententias
625 3237 714 3299 snper
728 3219 898 3299 quantitate
912 3218 1050 3281 diametri
1064 3218 1186 3294 Ιιιιιι;
1210 3237 1299 3299 qnam
1319 3224 1442 3281 contro-

91 3309 224 3371 versiam
245 3306 276 3369 in
291 3304 411 3387 Opticis
427 3306 503 3372 meis
518 3306 668 3388 explicavi
682 3326 748 3389 cap.
768 3307 853 3371 VIII
887 3309 938 3370 Ita
959 3307 1035 3369 fides
1057 3306 1176 3387 illarum
1199 3306 1443 3371 observationum

91 3416 186 3478 penes
210 3404 349 3459 auctores
373 3402 429 3458 ιιι
476 3392 609 3497 Sperant
635 3402 688 3459 ιιι
689 3416 737 3461 ιιι
764 3416 879 3460 mecum
909 3396 995 3459 multi
1026 3396 1111 3474 fore,
1142 3404 1177 3459 nt
1206 3394 1256 3478 qni
1285 3404 1442 3476 utrmque

92 3488 242 3551 dictarum
265 3484 420 3566 eclipsinm
439 3483 604 3548 memoriae
626 3486 824 3566 consignavit,
850 3484 1084 3566 Christopborus
1103 3445 1242 3560 illarius,
1264 3484 1311 3546 vir
1334 3485 1371 3548 de
1394 3485 1442 3546 his

92 3575 209 3641 artibus
232 3574 342 3655 optime
366 3574 500 3651 meritus,
522 3574 676 3639 luculenta
699 3574 800 3657 aliqua
822 3575 994 3640 narratione
1017 3594 1070 3637 sen
1093 3575 1214 3666 publica
1234 3594 1288 3639 seu
1309 3563 1441 3655 privata,

90 3664 265 3746 prinsquam
284 3682 321 3725 ex
344 3662 400 3727 bac
419 3663 483 3725 vita
491 3663 583 3749 ,jam
605 3684 700 3728 senex
722 3664 892 3739 admodum,
916 3665 1063 3738 discedat,
1087 3683 1143 3727 nos
1166 3684 1204 3727 ex
1226 3664 1265 3727 iis
1288 3662 1440 3745 ambigui-

91 3754 206 3817 tatibus
237 3750 363 3833 eripiat
395 3752 428 3815 iu
459 3751 564 3833 quibus
587 3771 642 3816 nos
666 3774 704 3817 ιι
726 3754 855 3817 lectione
879 3753 1004 3835 allegati
1028 3753 1087 3817 loci
1108 3773 1241 3817 meomm
1264 3752 1440 3836 Opticornm

91 3860 257 3923 suspensos
279 3842 376 3903 teneri
398 3842 492 3905 videt

180 3926 242 3991 Sed
265 3929 304 3991 ad
327 3950 425 3994 meum
447 3930 617 3995 institutum
639 3932 730 3993 redeo
754 3938 787 3993 et
807 3948 901 4012 pergo
925 3931 1147 4012 adaequantes
1170 3930 1309 4013 eclipses.
1354 3928 1440 4001 Quas

91 4020 171 4084 enirn
193 4018 338 4081 hactenns
362 4020 600 4089 commemoravi,
623 4040 720 4083 meum
744 4027 841 4083 crtum
863 4038 966 4083 omnes
984 4029 1222 4101 praeverterant
1254 4012 1440 4086 Anni15'l9

91 4107 215 4190 eclipsis
237 4124 347 4188 magua
370 4110 507 4191 quidem,
541 4110 595 4171 sed
618 4107 690 4171 Sole
719 4110 843 4173 nimium
869 4109 1014 4172 inclinato
1044 4109 1084 4171 ad
1112 4128 1269 4183 occasum,
1300 4109 1439 4174 instituto

92 4206 332 4263 astronomorum
355 4217 413 4259 non
436 4198 494 4261 ιιιιι
515 4198 632 4261 idonea
665 4198 755 4262 Anno
783 4194 867 4262 1590
889 4196 986 4261 minor
1009 4198 1067 4260 fuit
1089 4199 1270 4274 obscuratio,
1292 4218 1383 4302 'qnam
1406 4207 1440 4262 nt

91 4288 197 4351 umbra
218 4288 322 4361 Lunae
345 4304 398 4367 per
420 4286 582 4368 Europam,
607 4305 665 4366 qua
684 4286 874 4351 Christianus
897 4287 1062 4368 porrigitur
1083 4287 1175 4362 orbis,
1197 4288 1300 4369 quaeri
1322 4297 1437 4369 posset.

91 4356 527 4444 meritasmeritas
547 4375 598 4437 vix
620 4394 657 4437 ιι
659 4382 786 4441 tremum
809 4383 841 4439 et
863 4375 1047 4458 iubospitum
1069 4376 1175 4457 attigit
1193 4378 1436 4457 septentrionem,

93 4484 128 4528 ac
150 4465 253 4529 nescio
276 4486 315 4528 an
336 4466 426 4546 plane
449 4470 572 4544 propter
595 4466 718 4529 Terram
741 4465 887 4528 intactam
909 4466 1073 4529 transierit.

179 4555 268 4616 Anno
304 4547 389 4619 1600
426 4553 531 4615 umbra
561 4553 710 4616 Lunae
701 4574 730 4617 ιι
770 4555 971 4617 remotissimo
1003 4553 1126 4619 meridie
1163 4554 1334 4634 quaerenda
1369 4553 1436 4616 fuit.

92 4646 181 4707 Anno
199 4638 279 4706 1601
301 4644 405 4707 umbra
419 4644 523 4707 Lunae
546 4643 664 4723 longius
688 4643 780 4707 etiam
795 4664 885 4726 qnam
907 4662 984 4707 auno
1011 4639 1095 4708 1598
1117 4664 1136 4707 ι
1158 4642 1324 4707 meditullio
1347 4642 1436 4707 faciei

93 4730 258 4795 Terrestris
281 4750 385 4796 versus
409 4732 628 4814 septentriones
652 4731 812 4800 aberravit.
1527 4741 1532 4746 '

180 4822 250 4885 Jam
263 4839 352 4901 porro
366 4823 449 4886 nulla
464 4821 550 4886 nobis
569 4822 774 4901 exspectanda
788 4820 909 4905 eclipsis
925 4840 1034 4902 magna
1048 4840 1141 4904 usque
1157 4822 1197 4884 ad
1211 4840 1320 4884 aunum
1339 4814 1433 4897 1621,

94 4910 178 4991 cnjus
202 4917 233 4973 et
248 4910 435 4991 sequentinm
450 4930 594 4975 annorum
609 4910 740 4991 delionia
758 4932 869 4993 magna
892 4911 930 4973 iis
952 4912 1135 4987 commendo,
1160 4910 1210 4993 qni
1232 4918 1303 4975 tunc
1325 4908 1433 4973 victuri

95 5008 172 5065 sunt.
219 4997 292 5065 Sola
313 4999 401 5080 hujus
424 5001 493 5065 anni
518 4996 601 5065 1605
625 5000 763 5082 eclipsis,
794 5001 872 5084 qnod
895 5000 1065 5065 observatio
1087 5020 1156 5065 mea
1177 4997 1295 5088 docuit,
1317 4998 1363 5063 sic
1385 5008 1434 5065 est

146 5103 234 5154 1⁰91&
246 5103 322 5153 ΟΜ·-
344 5104 379 5145 m.
1190 5102 1225 5155 47
