3517 5525
660 454 820 509 emant-2
1391 456 1413 525 7

37 682 38 691 ,
86 642 162 697 amm
183 630 324 695 mundam
344 629 433 696 nobis
454 630 604 713 proprium
627 640 659 695 et
681 632 894 715 particularem
919 650 981 699 nou
1000 641 1092 717 puto,
1121 654 1192 701 nam
1219 644 1275 701 aer
1302 644 1354 703 est
1381 644 1414 699 et

84 723 145 785 intur
165 722 228 801 ipsa
250 737 391 801 corpora,
415 739 491 802 quae
514 720 622 783 stellas
644 740 795 798 vocamus,
819 740 873 803 per
890 742 1078 807 consequens
1094 734 1127 787 et
1140 726 1219 805 ignia
1239 734 1272 789 et
1289 746 1368 807 aqua
1381 734 1415 788 et

37 834 38 849 ¹
83 820 156 874 erra
199 811 327 873 Terram
354 817 459 873 autem
486 828 575 893 quam
601 810 751 875 calcamus
779 812 893 875 nostris
921 812 1063 894 pedibus,
1090 832 1145 877 nec
1171 816 1332 879 mtuudam
1358 833 1413 877 nec

84 900 216 979 miceam
239 918 315 963 ease
337 900 445 974 credo,
475 899 529 967 aad
550 900 591 963 ad
614 899 731 963 ovalem
762 901 888 981 63111111
916 901 1040 983 propius
1068 903 1221 967 accedere.
1266 905 1321 977 (Κ,
1345 905 1416 967 Non

85 988 154 1071 plane
174 989 450 1063 contemnendam.)
492 988 558 1051 Noc
573 987 656 1053 Solia
669 1008 724 1053 nec
744 990 902 1055 stellmum
915 991 1015 1055 lumen
1032 1010 1070 1055 ex
1083 992 1221 1068 materia,
1245 994 1300 1056 aed
1313 992 1415 1073 potius

37 1095 38 1105 ¹
85 1097 110 1139 ar
128 1096 222 1139 eoram
246 1085 335 1141 moin
355 1078 515 1159 procedere
539 1086 571 1141 et
593 1078 747 1141 dimanare
766 1080 879 1159 judico,
908 1081 1050 1162 planetae
1079 1098 1152 1145 vero
1184 1103 1205 1143 a
1233 1082 1305 1146 Sole
1328 1100 1416 1148 eamn

84 1167 162 1231 lunen
190 1176 372 1241 assumunt
398 1166 469 1250 quia
496 1167 612 1230 tardius
639 1176 797 1231 morentur
828 1176 860 1231 et
887 1170 1017 1251 propriis
1044 1171 1177 1235 motibus
1205 1170 1414 1252 impediantur.

84 1256 224 1337 leplerua:
252 1255 339 1329 Qcts
359 1256 460 1337 potius
473 1254 584 1319 mirer?
620 1256 818 1338 Stuporemne
833 1276 942 1334 meum,
964 1258 1016 1340 qai
1032 1260 1187 1340 patefacta
1199 1260 1273 1323 nihi
1289 1268 1415 1325 naturae

85 1345 230 1426 pecudia
253 1344 306 1407 his
328 1345 447 1421 literis,
466 1362 536 1409 oum
563 1345 634 1409 illas
657 1346 857 1427 accepissem,
888 1347 1086 1428 introspicere
1113 1349 1261 1413 coutemsi
1282 1349 1416 1431 adeoque

85 1434 212 1499 eleana
237 1434 379 1515 sepeliri,
402 1443 437 1497 nt
457 1454 496 1499 ne
518 1442 626 1514 postea
648 1435 777 1515 quidem,
801 1456 868 1499 cum
890 1436 1009 1501 clavem
1030 1437 1157 1505 eaodem
1172 1439 1305 1504 adhaec
1321 1456 1416 1518 pene-

85 1522 155 1584 tralia
171 1541 350 1605 quaererem
363 1532 396 1586 et
413 1522 606 1598 invenissem,
630 1522 784 1587 literarum
801 1525 907 1611 lyram
923 1525 1029 1588 fuerim
1047 1527 1236 1604 recordatum
1260 1549 1299 1593 eu
1316 1528 1418 1608 potins

85 1613 155 1674 uiroc
173 1614 236 1675 viru
260 1612 411 1687 veritatis,
433 1632 510 1694 qaae
534 1611 649 1677 duohtm
673 1630 741 1677 sesa
764 1633 823 1679 non
845 1634 906 1677 una
928 1614 978 1679 via
999 1615 1134 1695 aperuit3
1158 1635 1197 1682 aa
1219 1623 1345 1681 naturae
1368 1616 1417 1677 in-

85 1701 192 1780 genium,
215 1720 308 1783 quae,
331 1702 411 1782 qnod
424 1702 532 1767 Brutia
545 1701 630 1765 dedit
651 1702 768 1766 occulto
791 1704 938 1767 instinctu
960 1724 980 1765 a
1000 1704 1104 1787 priori,
1126 1705 1200 1767 mibi
1222 1704 1364 1770 methodo
1387 1712 1418 1765 et

85 1791 194 1853 umeris
222 1799 256 1853 et
285 1790 381 1855 ocalis
415 1790 577 1853 masadam
609 1792 783 1854 concessit?
834 1792 893 1855 His
923 1792 1021 1855 literis
1053 1801 1182 1874 apparat
1211 1793 1419 1875 compendium

85 1879 210 1959 quoddam
232 1898 323 1943 meae
344 1878 488 1961 physicae
511 1878 655 1943 coelestis
678 1880 709 1943 'm
731 1882 832 1945 Marte
855 1881 1004 1963 proditas.

152 1968 238 2031 Hanc
254 1968 483 2031 annotationem
498 1968 661 2050 adscripsit
673 1969 824 2050 Keplerus
840 1969 879 2030 ad
894 1969 995 2033 Brutii
1009 1970 1116 2035 literas
1132 1970 1160 2033 d.
1177 1970 1206 2035 5.
1223 1972 1300 2050 Apr.
1325 1966 1418 2042 1610,

85 2075 158 2139 eaque
178 2078 235 2121 nos
257 2057 366 2133 mouit,
389 2064 424 2120 ut
445 2056 516 2121 illas
538 2057 588 2121 hic
610 2058 804 2133 adderemus;
828 2057 955 2140 Kepleri
977 2060 1095 2140 quidem
1115 2058 1223 2124 literae
1236 2060 1358 2132 desunt,
1380 2056 1420 2118 ad

87 2164 143 2227 quaa
175 2146 304 2209 Bretina
345 2145 395 2211 bis
435 2146 605 2228 respondit,
643 2166 740 2228 neque
779 2147 876 2211 elucet
918 2166 958 2209 ex
995 2148 1053 2211 bac
1093 2147 1308 2228 responsione,
1348 2146 1420 2227 quid

85 2234 212 2313 leplerus
236 2235 411 2317 scripserim
442 2243 544 2299 tarum
570 2236 694 2299 relectis
721 2234 791 2299 aliis
821 2236 936 2312 literis,
965 2256 1042 2318 quas
1072 2235 1126 2300 illo
1156 2245 1291 2317 tempore
1314 2233 1420 2299 amicis

87 2323 196 2405 scripsit,
219 2344 328 2407 parurn
351 2324 434 2387 dubii
456 2325 523 2400 erit,
546 2325 577 2387 in
597 2326 645 2387 his
661 2344 776 2407 quoque
791 2324 954 2407 Keplerum
974 2327 1011 2387 ds
1027 2325 1138 2390 studiis
1153 2325 1218 2389 suia
1238 2323 1420 2387 disseruisse

37 2450 39 2477 t
85 2420 110 2472 a
125 2413 193 2477 ulia
214 2414 368 2495 tetigisse,
391 2432 468 2495 quae
485 2421 617 2477 mmm
629 2413 727 2479 Brulii
746 2414 778 2477 iu
795 2414 1004 2495 respondendo
1023 2415 1065 2477 ad
1082 2414 1194 2479 similia
1207 2412 1419 2494 pertraxerint.

88 2500 209 2565 Ceterum
231 2503 405 2584 praemissa
426 2504 617 2578 confirmant,
646 2522 723 2585 quae
745 2502 893 2579 diximus,
918 2502 1083 2584 Keplerum
1112 2522 1167 2584 per
1189 2520 1299 2565 annum
1325 2498 1419 2565 1603.

86 2590 140 2653 aliis
159 2590 331 2655 diatmctnm
353 2593 484 2672 negotiis
507 2610 613 2673 parurn
636 2592 756 2673 quidem
778 2592 945 2673 proiecisse
968 2594 999 2657 in
1020 2590 1185 2659 condendis
1200 2589 1312 2658 Martia
1327 2588 1420 2653 Com-

87 2680 230 2757 mentariis,
254 2700 354 2764 neque
377 2698 451 2743 vero
472 2680 563 2763 plane
585 2680 731 2747 intactum
752 2681 898 2762 rejecisse
916 2700 993 2764 opus
1011 2682 1091 2764 quod
1106 2680 1320 2754 meditabatur,
1343 2697 1420 2760 quo-

89 2787 244 2850 quoversum
267 2773 419 2836 intentum
440 2771 480 2834 ad
498 2771 613 2836 monita
631 2771 803 2848 amicarum,
826 2771 1095 2854 respicienwue
1114 2771 1228 2834 auxilia
1243 2771 1283 2835 ad
1298 2787 1420 2850 promc-

87 2859 190 2922 reudum
209 2861 282 2924 inoe
315 2879 374 2924 um.

154 2868 346 3032 Propiuapbd
368 2967 433 3012 rem
453 2947 587 3012 accessit
604 2967 682 3012 amno
705 2943 799 3024 tuot,
823 2969 1003 3032 quemqnam
1024 2947 1117 3012 etiam
1138 2955 1202 3012 tum
1219 2948 1316 3029 ipsum
1340 2945 1420 3008 deti-

89 3035 177 3100 nebant
197 3041 315 3102 mnltae
339 3037 419 3100 aliae
442 3038 663 3119 occupationes.
710 3038 800 3100 Initio
832 3037 922 3118 hujus
952 3038 1024 3102 anni
1053 3037 1237 3100 absolvendo
1271 3035 1355 3117 operi
1383 3035 1420 3096 de

90 3122 178 3206 Optiaa
206 3126 416 3204 incumbebat,
439 3145 493 3209 per
515 3145 636 3190 menam
658 3127 788 3206 Maium,
811 3127 935 3191 iunium
963 3137 995 3189 et
1015 3127 1130 3194 iulium
1159 3125 1354 3206 aegrotabat,
1381 3123 1420 3184 ab

90 3213 157 3279 hitio
171 3216 316 3282 Octobris
339 3236 434 3298 usque
457 3217 497 3280 ad
518 3217 606 3280 snam
629 3215 701 3280 anui
722 3216 848 3278 multam
870 3216 1015 3296 temporis
1037 3215 1235 3279 consumebat
1255 3214 1285 3274 in
1314 3213 1420 3276 obser-

92 3305 168 3367 vanda
189 3307 446 3388 descrihendeqne
471 3305 591 3381 ,stalla
612 3304 720 3368 Nova“
745 3304 776 3368 in
799 3303 1011 3386 Serpeutario,
1034 3322 1110 3384 quae
1133 3311 1197 3366 tum
1218 3301 1339 3363 effulsit.
1385 3303 1420 3364 ln

90 3391 165 3458 lieris
185 3398 223 3458 ad
238 3399 588 3478 Longomontanum
611 3393 702 3469 datia,
721 3412 797 3476 quae
814 3393 894 3457 infra
913 3399 1085 3474 sequentur,
1108 3392 1145 3454 de
1160 3388 1269 3452 studiis
1289 3389 1352 3450 suia
1366 3387 1420 3452 illo

90 3487 196 3564 tempore
215 3487 310 3568 plura
331 3485 433 3548 refert
477 3486 515 3548 In
537 3500 627 3564 opere
653 3483 720 3564 ipso
742 3489 864 3556 (than
884 3497 912 3544 as
928 3489 989 3553 xv)
1008 3482 1104 3547 refert
1131 3477 1359 3542 observationes
1385 3476 1419 3539 in
1449 3540 1452 3547 ,

90 3570 177 3650 llarte,
198 3593 278 3657 quae
304 3573 529 3639 commentaria
550 3573 738 3654 spectabant,
755 3592 774 3633 a
788 3591 892 3636 meuse
906 3570 1069 3636 Februario
1082 3567 1116 3631 in
1129 3566 1267 3647 Aprilem
1286 3565 1419 3641 habitas,

37 3725 38 3732 ,
92 3662 177 3740 abrs
199 3683 359 3728 numerum
386 3661 551 3744 complevit
579 3660 821 3726 observationum
852 3661 986 3726 locorum
1013 3657 1124 3727 macta
1155 3656 1185 3720 in
1218 3654 1419 3736 oppositione,

92 3768 192 3828 quarum
212 3753 377 3816 maximam
399 3759 518 3834 partem
541 3751 723 3834 eTychonis
740 3750 887 3814 dasemsit
898 3745 1122 3827 manuscriptis,
1146 3754 1178 3807 et
1191 3763 1268 3826 quas
1283 3744 1420 3809 adhibuit

94 3837 321 3907 adcoudendam
342 3841 612 3921 stabiliendamque
635 3857 745 3904 nouam
768 3858 852 3902 suam
874 3833 1063 3922 hypothesin.

162 3931 217 3996 nte
241 3931 272 3996 ⁷.
296 3930 369 3996 libb.
395 3926 491 3996 aaut
514 3928 679 4010 Kepleraa,
711 3927 801 3993 dubia
824 3935 855 3990 et
877 3924 1069 4006 quaestiones
1089 3921 1220 3987 Fabricii
1247 3921 1420 4002 ponderans

97 4017 171 4100 adque
186 4040 238 4084 eas
250 4019 450 4102 respondens,
467 4019 542 4083 haec
555 4018 592 4082 de
607 4015 864 4100 disquisitionibus
879 4015 942 4077 auis
956 4013 1087 4094 profert:
1110 4029 1215 4077 omues
1229 4011 1419 4092 demquatra·

37 4051 39 4156 b
93 4105 179 4185 dmes,
200 4111 254 4186 ait,
276 4129 310 4174 se
328 4110 368 4172 ad
381 4107 559 4182 Ptolemaei,
584 4107 743 4188 Cupermci
760 4115 798 4176 ,et
815 4102 967 4186 ‘tychonis
988 4100 1176 4184 hypotheses
1197 4099 1419 4180 adaptamrum,

92 4199 294 4282 caumana
313 4198 378 4279 jam
402 4204 602 4274 „conventum
618 4198 726 4273 esse“;
745 4193 870 4258 deinde:
895 4211 934 4254 ex
951 4189 1213 4259 marmaricam„
1230 4187 1419 4270 aorouychiis

96 4285 167 4350 aba
185 4308 254 4352 esse
276 4287 519 4352 constituendam
542 4283 736 4368 hypothesin,
762 4301 777 4346 e
801 4303 859 4366 qua
882 4281 967 4345 locus
995 4276 1136 4361 planetas
1159 4277 1296 4342 eliciatur
1327 4277 1419 4341 mam

95 4379 150 4450 tara,
166 4397 229 4440 cum
241 4397 307 4442 non
319 4375 557 4458 inoppoaitioue
572 4375 670 4438 luerit
701 4373 843 4453 Figuram
857 4370 972 4434 orbitae
986 4368 1108 4450 prodire
1122 4367 1276 4448 hecusque
1290 4366 1416 4430 evalem.

97 4459 242 4543 hudonem,
253 4485 314 4550 qua
328 4465 451 4548 propius
466 4465 505 4527 ad
520 4482 641 4544 scopum
657 4463 796 4542 attingat,
807 4460 936 4524 noudum
950 4478 1012 4520 ase
1026 4476 1094 4520 esse
1109 4457 1269 4530 inventam,
1280 4454 1418 4537 quamvis

96 4553 165 4627 lello
184 4565 256 4637 port
274 4555 432 4637 quaerenti
453 4552 591 4618 Fabricio
616 4549 807 4634 ,ellipaidem
831 4549 937 4614 1111111ιι
968 4547 1123 4628 explicans
1150 4554 1181 4606 et
1212 4563 1334 4611 caueam
1365 4563 1418 4606 cur

99 4639 236 4710 „merus
256 4643 458 4726 amicandum
481 4659 549 4706 esse
571 4639 741 4723 putaverit“
766 4639 866 4702 addit:
895 4636 1107 4701 limitationem
1130 4631 1260 4716 aliquam
1283 4653 1317 4696 se
1339 4653 1417 4697 nunc

97 4727 185 4796 ridere.
234 4734 353 4798 Deinde
381 4732 536 4813 problema
565 4731 651 4794 affert
683 4728 776 4805 idem,
807 4727 888 4810 quod
917 4725 1041 4790 exhibet
1068 4724 1100 4787 in
1130 4722 1416 4805 0111111001-

100 4822 292 4898 cuasarum,
315 4821 444 4886 addens:
467 4821 525 4886 Dic
548 4819 654 4902 quibus
677 4819 707 4884 iu
725 4815 856 4882 numeris
873 4823 907 4878 et
919 4815 980 4878 eris
995 4814 1068 4877 mihi
1082 4831 1209 4893 magnus
1224 4811 1414 4893 Apollonius.

163 4911 312 4976 usseris
329 4911 363 4974 d.
390 4905 439 4975 14.
463 4911 537 4974 Dec.
564 4905 659 4972 tuot.
690 4908 729 4970 ad
750 4905 993 4970 Maestliuum
1022 4903 1121 4978 datis,
1153 4903 1189 4964 de
1221 4898 1413 4975 „laboribus“

102 4994 191 5063 st'u'm
211 4999 443 5069 Conmentariis
461 4998 596 5082 loquitar
627 5005 659 5060 et
679 4997 711 5060 iu
731 4997 789 5060 ine
813 4994 908 5071 addit,
933 5011 1022 5070 ,oum
1050 4993 1088 5055 de
1109 4989 1283 5054 ualetudine
1312 5005 1417 5072 mear,
