3517 5525
648 415 761 483 prtola
776 416 935 485 Munda
1218 450 1223 461 ·
1403 414 1466 486 139

115 589 268 746 multitatem
297 538 493 670 obduruerit,
532 592 633 661 omnia
657 596 786 661 consilia
816 596 933 661 detexit
961 550 1105 681 librisque
1140 600 1272 724 moriens
1299 600 1466 683 perscripta

205 768 326 844 Quibus
348 790 406 854 ego
428 772 513 837 libris
536 772 701 839 ἰιιιιιιιιιι
723 782 758 839 ιι
780 774 812 838 in
837 775 919 841 bane
939 794 1040 839 enranr
1061 776 1228 843 Brabeo
1234 778 1377 855 sncccasi,
1400 777 1464 859 pri»

114 880 197 925 mum
218 868 354 927 metuere
377 862 470 938 desii,
496 881 585 944 quem
602 864 667 943 jam
688 863 879 929 mediocriter
901 884 1120 946 cognoveram:
1149 867 1255 936 deinde
1280 866 1394 930 notatis
1413 867 1463 930 di-

114 950 247 1033 ligenter
268 959 436 1035 temporum
458 951 610 1029 articulis,
634 951 740 1034 quibus
762 952 815 1017 ille
838 956 877 1018 ad
899 956 1027 1035 pristina
1056 957 1124 1021 loca
1147 976 1201 1019 ceu
1225 958 1263 1019 ad
1286 956 1395 1019 cubilia
1410 972 1466 1019 ιιι

114 1039 269 1107 ventitare
290 1043 419 1119 animet,
440 1040 620 1108 Brabeanas
637 1062 674 1106 eo
688 1042 853 1119 machinas,
873 1044 1033 1109 subtilibus
1047 1046 1212 1114 instructos
1224 1046 1361 1127 dioptris,
1382 1046 1466 1109 velut

115 1132 155 1195 sd
177 1139 297 1195 certum
318 1150 442 1215 scopum
456 1131 563 1205 direxi
586 1151 762 1236 omnemque
784 1132 883 1197 locum
900 1134 1039 1215 indagine
1063 1134 1160 1212 cinxi,
1182 1136 1328 1199 curribus
1337 1153 1464 1217 magnae

114 1220 224 1285 ιιιιιίι
247 1220 406 1285 Telluris
397 1241 428 1285 m
433 1235 557 1313 gyrum
579 1221 823 1285 circumactis.

203 1310 275 1377 Nou
297 1317 401 1375 tamen
423 1302 488 1373 s'ine
510 1312 620 1373 sudore
643 1312 792 1375 successit
812 1312 982 1392 negotium.
1007 1314 1077 1375 dum
1101 1312 1271 1393 frequenter
1293 1314 1333 1377 ibi
1357 1309 1466 1379 desunt

118 1400 299 1477 machinae,
332 1400 384 1465 ubi
413 1400 591 1482 potissimus
621 1420 723 1464 earum
746 1421 817 1463 nans
841 1410 923 1478 erat,
939 1411 999 1464 aut
1031 1403 1099 1467 dum
1122 1403 1180 1465 viis
1204 1404 1330 1479 lutosis,
1354 1421 1463 1482 magno

117 1489 282 1574 temporis,
312 1508 422 1571 magno
450 1498 601 1555 sumtuum
623 1489 792 1573 impendio,
821 1498 1066 1555 transvectantur
1096 1492 1134 1555 ab
1163 1491 1309 1573 imperitis
1341 1492 1464 1571 aurigis,

118 1588 172 1645 aut
196 1580 269 1643 dum
293 1578 462 1661 eiaculatus
485 1580 680 1662 quarundam,
705 1579 778 1642 mihi
800 1581 931 1643 nondum
955 1583 1145 1663 exploratus,
1169 1580 1199 1643 in
1222 1582 1351 1657 diversa,
1376 1598 1465 1663 qnam

115 1678 315 1751 putaveram,
350 1669 420 1733 loca
441 1669 550 1733 tendit.
596 1669 695 1751 Saepe
719 1668 861 1749 splendor
883 1668 965 1731 Solis
993 1679 1047 1733 aut
1068 1672 1189 1745 Lunae,
1225 1690 1316 1753 saepe
1348 1670 1463 1733 coelum

117 1759 253 1823 nubilum
285 1756 445 1821 directoris
474 1758 570 1823 oculis
601 1758 760 1841 imposuit,
792 1758 915 1839 saepius
948 1760 1085 1840 objectus
1115 1760 1196 1825 atris
1218 1760 1321 1841 vapidi
1343 1759 1464 1841 globum

117 1848 226 1912 elisum
251 1868 271 1911 a
292 1855 377 1913 recto
398 1848 521 1911 tramite
545 1848 683 1924 deflexit,
706 1866 762 1911 nec
784 1868 853 1911 raro
875 1850 1025 1929 parietes,
1049 1849 1250 1931 obliquissime
1274 1848 1394 1931 objecti,
1419 1848 1462 1911 ir-
1534 1891 1546 1900 -

119 1938 197 2001 sitos
219 1936 300 2001 ictus
322 1944 507 2018 exceperunt
530 1938 721 2019 quantumvis
744 1938 875 2001 crebros.
913 1939 1056 2001 Accessit
1078 1938 1174 2001 hostis
1193 1938 1222 2000 in
1239 1936 1463 2002 excursionibus

117 2026 284 2104 industria,
308 2026 339 2090 in
362 2026 481 2090 insidiis
493 2026 662 2108 vigilantia,
686 2026 773 2091 nobis
787 2028 959 2109 plerumque
977 2026 1191 2091 dormientibus
1198 2046 1208 2103 3
1231 2028 1261 2091 in
1271 2028 1465 2110 repugnando

118 2116 251 2199 denique
272 2115 459 2199 pertinacia,
483 2116 533 2198 qui
556 2124 728 2197 expugnato
751 2125 804 2181 aut
825 2117 947 2198 prodito
970 2117 1096 2180 castello
1119 2137 1176 2181 nno
1204 2136 1272 2180 sese
1299 2116 1414 2199 recepit
1427 2116 1467 2181 ad

117 2206 219 2271 alinde
243 2226 308 2278 ,nec
340 2202 446 2269 eadem
472 2206 601 2269 omnium
629 2206 822 2268 castellorum
849 2206 927 2268 ratio
951 2206 1157 2288 expugnandi,
1190 2226 1245 2269 nec
1267 2206 1326 2269 iter
1348 2206 1386 2270 ab
1408 2226 1467 2271 nno

119 2297 160 2361 ad
182 2301 289 2365 setara
310 2295 496 2377 expeditum,
529 2297 585 2359 sed
612 2302 665 2359 aut
686 2295 856 2358 fluminibus
878 2294 1085 2377 interceptum,
1110 2303 1163 2359 aut
1185 2296 1319 2360 sentibus
1338 2296 1465 2379 impedi-

119 2394 196 2462 tum,
219 2384 436 2467 utplurimum
458 2404 530 2447 vero
553 2384 754 2466 incognitum:
778 2404 854 2467 quae
877 2384 997 2466 singula
1020 2386 1082 2449 suis
1098 2384 1174 2449 locis
1197 2385 1225 2447 in
1246 2386 1464 2451 boccommen-

117 2475 199 2540 tarin
219 2474 391 2559 perscripta
412 2481 492 2538 sunt

188 2576 193 2587 “
208 2564 336 2629 Interim
358 2564 389 2627 in
407 2563 483 2626 meis
504 2563 614 2627 castris
638 2563 716 2645 quod
735 2562 840 2639 cladis,
866 2563 944 2646 quod
959 2563 1142 2628 calamitatis
1157 2582 1250 2645 genus
1266 2584 1324 2627 non
1339 2564 1467 2630 saeviit?

121 2654 295 2721 Clarissimi
317 2654 412 2718 Ducis
431 2654 570 2736 jactura,
606 2652 730 2729 seditio,
768 2652 879 2735 pestis,
904 2653 1013 2730 morbi,
1046 2655 1211 2718 domestica
1241 2655 1362 2736 negotia
1389 2654 1469 2719 bona

120 2746 281 2829 magus,
304 2751 440 2826 ιιιιιιι
463 2743 593 2826 tempori
619 2743 805 2808 extrahendo
833 2750 1023 2825 comparata:
1056 2765 1150 2810 novus
1178 2752 1211 2808 et
1232 2744 1411 2826 improvisus
1435 2753 1467 2808 et

121 2834 267 2901 terribilis
296 2855 316 2898 a
338 2843 425 2915 tergo
453 2833 566 2909 bostis,
598 2842 633 2896 nt
658 2833 749 2897 retuli
776 2833 807 2896 in
829 2833 905 2896 libro
929 2834 966 2898 de
988 2835 1077 2897 Nova
1100 2834 1218 2910 Stella3
1251 2831 1311 2898 alio
1333 2842 1467 2917 tempore

121 2926 223 2990 Draco
246 2924 437 3000 decumanus,
460 2922 639 3005 longissima
660 2921 767 3000 cauda,
790 2941 914 2986 vomens
937 2923 1023 3003 ignes
1041 2941 1164 3005 meaque
1183 2931 1286 2987 castra
1303 2924 1468 3002 infestans3

121 3016 252 3080 militnm
272 3012 413 3096 perfugia
434 3019 466 3075 et
487 3011 631 3094 penuria;
653 3019 792 3097 tyronum
812 3011 983 3094 imperitia:
1008 3019 1040 3076 et
1062 3021 1152 3096 caput
1169 3015 1306 3100 omnium,
1330 3020 1468 3078 extrema

120 3110 345 3172 commeatuum
367 3102 517 3184 angustia
1504 3127 1506 3130 ’

212 3193 349 3258 'laudem
370 3191 477 3268 bostis,
502 3191 553 3254 nbi
575 3209 622 3254 me
645 3189 808 3272 persistere
830 3187 938 3254 vidit'
929 3211 959 3253 ιι
982 3191 1152 3272 proposito,
1182 3209 1215 3254 se
1237 3209 1309 3254 vero
1331 3191 1469 3274 nuspiam

123 3285 155 3348 in
177 3283 266 3366 regni
288 3283 335 3346 sui
357 3281 484 3346 ιιιιιὶιι
505 3287 605 3345 tutum
628 3288 681 3343 ant
704 3297 854 3355 secumm,
879 3279 1010 3344 animum
1029 3280 1067 3344 ad
1085 3280 1169 3363 pacis
1185 3281 1465 3358 consiliatraduxit,

122 3374 276 3455 missaque
299 3379 410 3436 natura
431 3379 556 3454 parente
578 3370 724 3434 victoriae
747 3368 820 3432 milri
843 3369 1063 3433 confessionem
1083 3369 1207 3446 obtulit;
1241 3370 1467 3456 libertatemque

125 3471 237 3546 pactus
259 3461 339 3525 iuter
361 3459 523 3537 arbitraria
544 3460 673 3536 vincula,
697 3458 780 3522 brevi
803 3467 874 3539 post
892 3459 1084 3524 arithmetica
1105 3467 1137 3523 et
1159 3460 1325 3542 geometria
1347 3461 1466 3545 stipau-
1569 3531 1573 3545 ¹

125 3553 224 3629 tibus,
248 3550 279 3614 iu
303 3569 372 3615 mea
393 3558 497 3614 castra
518 3569 631 3631 magna
652 3569 718 3612 cnm
742 3548 900 3614 alacritate
923 3549 1073 3616 transivit.

216 3639 287 3705 Non
309 3640 430 3705 destitit
451 3647 562 3718 tamen,
586 3659 625 3703 ex
647 3658 705 3720 quo
728 3636 878 3702 deditione
902 3639 984 3703 facta
1016 3638 1095 3704 domi
1117 3647 1239 3704 nostrae
1262 3639 1366 3721 aequis
1389 3639 1467 3704 ami.

122 3731 219 3796 citiae
241 3729 360 3812 legibus
372 3737 578 3807 conversatur,
602 3729 728 3792 occultis
741 3726 938 3806 illusionibus,
964 3728 1071 3812 quippe
1090 3729 1199 3812 quietis
1212 3729 1357 3807 insuetus,
1381 3729 1468 3793 nobis

123 3823 207 3885 ultro
231 3819 334 3884 nescio
357 3837 433 3901 quos
455 3819 528 3883 belli
551 3825 649 3882 metus
670 3818 822 3881 incutere:
846 3818 873 3880 si
892 3819 970 3882 lorte
990 3818 1198 3899 perterrefacti
1220 3818 1335 3882 ridendi
1351 3819 1468 3903 copiam

121 3910 182 3992 ipsi
204 3911 384 3973 laceremus.
429 3910 476 3972 At
495 3917 531 3971 ιι
553 3927 609 3971 nos
632 3906 730 3970 animo
754 3907 825 3970 lorti
847 3905 932 3984 vidit,
957 3909 1109 3974 nobiscnm
1131 3907 1269 3972 habitare
1292 3908 1370 3972 serio
1392 3928 1466 3974 con·

125 3998 223 4064 mnes
243 3997 478 4080 hostilitatisque
502 3997 641 4079 deposita
671 3995 860 4060 simulatione
888 3996 975 4061 tidem
1001 4017 1087 4062 suam
1109 3997 1194 4062 nobis
1216 3999 1406 4080 approbavit.

213 4088 333 4152 Unum
354 4088 411 4151 boc
433 4089 519 4150 Mau
540 4087 614 4149 Vm
636 4093 741 4168 rogat,
768 4094 803 4148 ut
831 4084 902 4168 quia
924 4106 1049 4169 magnas
1071 4087 1294 4168 inregionibus
1317 4088 1467 4154 aethereis

121 4178 284 4243 clientelas
305 4177 400 4241 babet
422 4172 488 4260 (est
510 4177 617 4258 qnippe
640 4185 728 4258 pater
750 4175 808 4259 ipsi
829 4175 965 4259 Jupiter,
990 4198 1064 4244 avua
1087 4174 1246 4255 Saturnus,
1261 4178 1367 4242 Venus
1381 4196 1468 4242 soror

124 4267 292 4350 eademque
327 4267 428 4330 amica
456 4267 571 4348 etjam
594 4267 666 4329 olim
687 4266 879 4350 praecipuum
901 4266 1085 4332 vinculorum
1107 4267 1314 4344 lenimentum,
1343 4269 1466 4333 Mercu·

122 4358 187 4421 rius
210 4357 306 4421 frater
326 4356 461 4437 fidusque
479 4355 673 4430 caduceator)
695 4374 852 4438 eommqne
866 4356 931 4438 ipse
947 4363 979 4419 et
996 4357 1090 4440 ipsius
1103 4356 1150 4422 illi
1164 4355 1312 4422 desiderio
1328 4365 1468 4423 tenentur

123 4453 250 4532 propter
277 4465 390 4512 morum
413 4445 658 4508 similitudinem:
690 4445 840 4527 velletque
864 4455 896 4508 et
917 4446 985 4510 illos
1008 4467 1110 4510 secum
1132 4445 1212 4509 inter
1233 4445 1368 4512 homines
1391 4467 1465 4511 con·

123 4535 243 4600 versari
265 4535 454 4617 honorisque,
478 4553 536 4618 qno
552 4534 681 4598 afficitur
698 4533 774 4616 ipse,
796 4534 860 4598 lieri
877 4553 937 4598 una
949 4536 1130 4618 participes:
1153 4536 1226 4599 Min
1247 4536 1297 4600 Vt
1314 4536 1466 4620 quampri-

126 4643 207 4689 mum
230 4625 301 4690 illos
323 4624 382 4688 sibi
403 4623 525 4701 reddat,
550 4622 749 4706 expeditionis
772 4623 859 4706 bnjns
873 4625 1017 4707 reliquiis,
1041 4644 1116 4708 quae
1136 4626 1245 4708 sejam
1268 4625 1370 4692 dedito
1392 4625 1466 4690 nibil
1639 4697 1653 4722 Ι

124 4714 240 4780 babent
261 4733 352 4798 porro
374 4713 508 4799 periculi,
532 4721 654 4779 suenus
672 4713 827 4778 conlectis.
869 4711 969 4786 Quam
984 4715 1024 4780 ad
1038 4733 1100 4780 rem
1117 4715 1171 4778 Mei
1189 4716 1253 4779 vae
1274 4733 1395 4798 operam
1408 4734 1467 4779 nun
1544 4777 1546 4782 ,

125 4804 267 4877 inutilem
287 4802 412 4887 (quippe
435 4801 619 4869 exercitatus
641 4802 670 4866 in
691 4802 922 4886 pugnacissime,
946 4823 1114 4888 gnarusque
1128 4805 1275 4882 locorum)
1299 4824 1354 4869 nee
1369 4805 1465 4868 minus

126 4913 218 4976 qnam
239 4901 334 4960 antea
355 4892 473 4957 lidelem
485 4902 621 4975 promtus
635 4892 742 4957 oliero:
765 4895 822 4958 boc
839 4895 926 4968 unice
940 4916 1029 4961 orans
1044 4903 1134 4980 atque
1153 4897 1313 4962 obsecrans
1332 4891 1466 4977 (quando

127 4983 207 5052 banc
229 5002 347 5070 regern,
368 4983 493 5067 perinde
514 4990 550 5048 ut
568 4983 732 5050 orationem
748 4985 904 5069 reliquam,
927 4987 1033 5052 erebra
1051 5005 1119 5054 cum
1136 4984 1290 5063 militibus,
1313 4983 1465 5051 centurio·
