<?xml version="1.0" encoding="UTF-8"?>
<!DOCTYPE html PUBLIC "-//W3C//DTD XHTML 1.0 Transitional//EN"
    "http://www.w3.org/TR/xhtml1/DTD/xhtml1-transitional.dtd">
<html xmlns="http://www.w3.org/1999/xhtml" xml:lang="en" lang="en">
 <head>
  <title>
</title>
<meta http-equiv="Content-Type" content="text/html;charset=utf-8" />
  <meta name='ocr-system' content='tesseract 3.04.00' />
  <meta name='ocr-capabilities' content='ocr_page ocr_carea ocr_par ocr_line ocrx_word'/>
</head>
<body>
  <div class='ocr_page' id='page_1' title='image "./joanniskepleria23frisgoog/joanniskepleria23frisgoog_0401.png"; bbox 0 0 3517 5525; ppageno 0'>
   <div class='ocr_carea' id='block_1_1' title="bbox 240 391 1107 464">
    <p class='ocr_par' dir='ltr' id='par_1_1' title="bbox 240 391 1107 464">
     <span class='ocr_line' id='line_1_1' title="bbox 240 391 1107 464; baseline 0.015 -18"><span class='ocrx_word' id='word_1_1' title='bbox 240 391 307 464; x_wconf 81' lang='lat'>390</span> <span class='ocrx_word' id='word_1_2' title='bbox 723 398 890 454; x_wconf 71' lang='lat' dir='ltr'>nausson·</span> <span class='ocrx_word' id='word_1_3' title='bbox 909 399 1107 458; x_wconf 70' lang='lat' dir='ltr'>satanan</span> 
     </span>
    </p>
   </div>
   <div class='ocr_carea' id='block_1_2' title="bbox 344 565 1581 668">
    <p class='ocr_par' dir='ltr' id='par_1_2' title="bbox 344 565 1581 668">
     <span class='ocr_line' id='line_1_2' title="bbox 344 565 1581 668; baseline 0.005 -24"><span class='ocrx_word' id='word_1_4' title='bbox 344 575 399 644; x_wconf 64' lang='grc' dir='ltr'>ΓΒ·</span> <span class='ocrx_word' id='word_1_5' title='bbox 420 570 479 625; x_wconf 82' lang='lat'>¹¹⁴·</span> <span class='ocrx_word' id='word_1_6' title='bbox 583 575 786 656; x_wconf 88' lang='lat' dir='ltr'>peudicnlaris</span> <span class='ocrx_word' id='word_1_7' title='bbox 818 588 927 663; x_wconf 77' lang='lat' dir='ltr'>agatur</span> <span class='ocrx_word' id='word_1_8' title='bbox 955 565 1035 646; x_wconf 77' lang='grc' dir='ltr'>ΡΒΙ.</span> <span class='ocrx_word' id='word_1_9' title='bbox 1081 583 1177 665; x_wconf 86' lang='lat' dir='ltr'>Igitur</span> <span class='ocrx_word' id='word_1_10' title='bbox 1203 583 1328 668; x_wconf 89' lang='lat' dir='ltr'>planeta</span> <span class='ocrx_word' id='word_1_11' title='bbox 1356 584 1401 650; x_wconf 89' lang='lat' dir='ltr'>sic</span> <span class='ocrx_word' id='word_1_12' title='bbox 1423 587 1581 664; x_wconf 86' lang='lat' dir='ltr'>collocato,</span> 
     </span>
    </p>
   </div>
   <div class='ocr_carea' id='block_1_3' title="bbox 246 664 1583 1024">
    <p class='ocr_par' dir='ltr' id='par_1_3' title="bbox 366 664 1582 761">
     <span class='ocr_line' id='line_1_3' title="bbox 366 664 1582 761; baseline 0.012 -37"><span class='ocrx_word' id='word_1_13' title='bbox 366 723 382 761; x_wconf 61' lang='lat'>⁰</span> <span class='ocrx_word' id='word_1_14' title='bbox 522 697 542 738; x_wconf 56' lang='grc' dir='ltr'><strong>χ</strong></span> <span class='ocrx_word' id='word_1_15' title='bbox 581 672 616 727; x_wconf 89' lang='lat' dir='ltr'>nt</span> <span class='ocrx_word' id='word_1_16' title='bbox 636 664 681 728; x_wconf 93' lang='grc' dir='ltr'>ΒΙ</span> <span class='ocrx_word' id='word_1_17' title='bbox 702 668 732 729; x_wconf 90' lang='lat' dir='ltr'>iu</span> <span class='ocrx_word' id='word_1_18' title='bbox 755 674 889 732; x_wconf 75' lang='lat' dir='ltr'>centrum</span> <span class='ocrx_word' id='word_1_19' title='bbox 912 672 1017 734; x_wconf 87' lang='lat' dir='ltr'>tendat</span> <span class='ocrx_word' id='word_1_20' title='bbox 1036 671 1128 749; x_wconf 86' lang='lat' dir='ltr'>Solis,</span> <span class='ocrx_word' id='word_1_21' title='bbox 1151 673 1399 758; x_wconf 72' lang='lat' dir='ltr'>appropinquatio</span> <span class='ocrx_word' id='word_1_22' title='bbox 1417 674 1499 738; x_wconf 89' lang='lat' dir='ltr'>nulla</span> <span class='ocrx_word' id='word_1_23' title='bbox 1515 677 1582 738; x_wconf 82' lang='lat' dir='ltr'>erit</span> 
     </span>
    </p>

    <p class='ocr_par' dir='ltr' id='par_1_4' title="bbox 278 754 1583 934">
     <span class='ocr_line' id='line_1_4' title="bbox 278 754 1583 847; baseline 0.011 -34"><span class='ocrx_word' id='word_1_24' title='bbox 278 804 297 843; x_wconf 51' lang='grc' dir='ltr'>ι</span> <span class='ocrx_word' id='word_1_25' title='bbox 353 811 367 842; x_wconf 67' lang='lat'>0</span> <span class='ocrx_word' id='word_1_26' title='bbox 431 784 450 824; x_wconf 58' lang='lat' dir='ltr'>a,</span> <span class='ocrx_word' id='word_1_27' title='bbox 581 754 695 834; x_wconf 81' lang='lat' dir='ltr'>Anguli</span> <span class='ocrx_word' id='word_1_28' title='bbox 718 757 795 819; x_wconf 92' lang='lat' dir='ltr'>enim</span> <span class='ocrx_word' id='word_1_29' title='bbox 818 756 904 835; x_wconf 91' lang='lat' dir='ltr'>DBI,</span> <span class='ocrx_word' id='word_1_30' title='bbox 927 761 1000 823; x_wconf 85' lang='lat' dir='ltr'>ABI</span> <span class='ocrx_word' id='word_1_31' title='bbox 1032 770 1102 825; x_wconf 89' lang='lat' dir='ltr'>sunt</span> <span class='ocrx_word' id='word_1_32' title='bbox 1128 761 1286 843; x_wconf 78' lang='lat' dir='ltr'>aequales,</span> <span class='ocrx_word' id='word_1_33' title='bbox 1320 783 1412 845; x_wconf 90' lang='lat' dir='ltr'>quare</span> <span class='ocrx_word' id='word_1_34' title='bbox 1434 771 1466 827; x_wconf 90' lang='lat' dir='ltr'>et</span> <span class='ocrx_word' id='word_1_35' title='bbox 1488 784 1583 847; x_wconf 87' lang='lat' dir='ltr'>aeque</span> 
     </span>
     <span class='ocr_line' id='line_1_5' title="bbox 311 844 1582 934; baseline 0.011 -32"><span class='ocrx_word' id='word_1_36' title='bbox 311 872 331 914; x_wconf 52' lang='grc' dir='ltr'>χ</span> <span class='ocrx_word' id='word_1_37' title='bbox 582 844 691 920; x_wconf 85' lang='lat' dir='ltr'>fortes,</span> <span class='ocrx_word' id='word_1_38' title='bbox 711 845 763 908; x_wconf 91' lang='lat' dir='ltr'>illc</span> <span class='ocrx_word' id='word_1_39' title='bbox 786 847 825 909; x_wconf 92' lang='lat' dir='ltr'>ad</span> <span class='ocrx_word' id='word_1_40' title='bbox 848 850 1153 930; x_wconf 90' lang='lat' dir='ltr'>appropinquandum,</span> <span class='ocrx_word' id='word_1_41' title='bbox 1176 851 1225 913; x_wconf 92' lang='lat' dir='ltr'>hic</span> <span class='ocrx_word' id='word_1_42' title='bbox 1239 853 1278 914; x_wconf 88' lang='lat' dir='ltr'>ad</span> <span class='ocrx_word' id='word_1_43' title='bbox 1302 853 1481 934; x_wconf 80' lang='lat' dir='ltr'>fugiendum.</span> <span class='ocrx_word' id='word_1_44' title='bbox 1516 855 1582 916; x_wconf 86' lang='lat' dir='ltr'>Hoc</span> 
     </span>
    </p>

    <p class='ocr_par' dir='ltr' id='par_1_5' title="bbox 246 910 1580 1024">
     <span class='ocr_line' id='line_1_6' title="bbox 246 910 1580 1024; baseline 0.012 -34"><span class='ocrx_word' id='word_1_45' title='bbox 246 971 262 1014; x_wconf 44' lang='grc' dir='ltr'>Γ</span> <span class='ocrx_word' id='word_1_46' title='bbox 332 910 371 974; x_wconf 40' lang='lat' dir='ltr'>Ni</span> <span class='ocrx_word' id='word_1_47' title='bbox 476 974 486 1018; x_wconf 87' lang='lat'>1</span> <span class='ocrx_word' id='word_1_48' title='bbox 582 932 674 1013; x_wconf 82' lang='lat' dir='ltr'>igitur</span> <span class='ocrx_word' id='word_1_49' title='bbox 701 942 749 996; x_wconf 88' lang='lat' dir='ltr'>est</span> <span class='ocrx_word' id='word_1_50' title='bbox 776 937 859 1018; x_wconf 87' lang='lat' dir='ltr'>quasi</span> <span class='ocrx_word' id='word_1_51' title='bbox 886 939 1112 1020; x_wconf 82' lang='lat' dir='ltr'>aequipondium</span> <span class='ocrx_word' id='word_1_52' title='bbox 1135 941 1164 1002; x_wconf 95' lang='lat' dir='ltr'>in</span> <span class='ocrx_word' id='word_1_53' title='bbox 1187 941 1377 1006; x_wconf 86' lang='lat' dir='ltr'>mechanicis.</span> <span class='ocrx_word' id='word_1_54' title='bbox 1423 943 1580 1024; x_wconf 86' lang='lat' dir='ltr'>ItaqueB</span> 
     </span>
    </p>
   </div>
   <div class='ocr_carea' id='block_1_4' title="bbox 237 1023 1580 1468">
    <p class='ocr_par' dir='ltr' id='par_1_6' title="bbox 582 1023 1579 1112">
     <span class='ocr_line' id='line_1_7' title="bbox 582 1023 1579 1112; baseline 0.011 -29"><span class='ocrx_word' id='word_1_55' title='bbox 582 1029 716 1084; x_wconf 79' lang='lat' dir='ltr'>centrum</span> <span class='ocrx_word' id='word_1_56' title='bbox 726 1023 835 1088; x_wconf 87' lang='lat' dir='ltr'>Martis</span> <span class='ocrx_word' id='word_1_57' title='bbox 851 1025 907 1090; x_wconf 93' lang='lat' dir='ltr'>hoc</span> <span class='ocrx_word' id='word_1_58' title='bbox 920 1039 1010 1110; x_wconf 90' lang='lat' dir='ltr'>pacto</span> <span class='ocrx_word' id='word_1_59' title='bbox 1025 1029 1056 1092; x_wconf 88' lang='lat' dir='ltr'>in</span> <span class='ocrx_word' id='word_1_60' title='bbox 1071 1029 1174 1110; x_wconf 89' lang='lat' dir='ltr'>apside</span> <span class='ocrx_word' id='word_1_61' title='bbox 1191 1037 1338 1104; x_wconf 86' lang='lat' dir='ltr'>versatur,</span> <span class='ocrx_word' id='word_1_62' title='bbox 1354 1039 1428 1110; x_wconf 88' lang='lat' dir='ltr'>puts</span> <span class='ocrx_word' id='word_1_63' title='bbox 1443 1031 1473 1094; x_wconf 93' lang='lat' dir='ltr'>in</span> <span class='ocrx_word' id='word_1_64' title='bbox 1484 1031 1579 1112; x_wconf 87' lang='lat' dir='ltr'>aphe-</span> 
     </span>
    </p>

    <p class='ocr_par' dir='ltr' id='par_1_7' title="bbox 445 1111 1580 1203">
     <span class='ocr_line' id='line_1_8' title="bbox 445 1111 1580 1203; baseline 0.011 -32"><span class='ocrx_word' id='word_1_65' title='bbox 445 1148 469 1190; x_wconf 56' lang='grc' dir='ltr'><strong>χ</strong></span> <span class='ocrx_word' id='word_1_66' title='bbox 580 1111 631 1186; x_wconf 93' lang='lat' dir='ltr'>lio,</span> <span class='ocrx_word' id='word_1_67' title='bbox 652 1113 885 1178; x_wconf 88' lang='lat' dir='ltr'>remotissimum</span> <span class='ocrx_word' id='word_1_68' title='bbox 900 1139 918 1178; x_wconf 89' lang='lat' dir='ltr'>a</span> <span class='ocrx_word' id='word_1_69' title='bbox 933 1116 1013 1182; x_wconf 86' lang='lat' dir='ltr'>Sole.</span> <span class='ocrx_word' id='word_1_70' title='bbox 1053 1117 1196 1182; x_wconf 89' lang='lat' dir='ltr'>Sumatur</span> <span class='ocrx_word' id='word_1_71' title='bbox 1214 1120 1278 1199; x_wconf 90' lang='lat' dir='ltr'>jam</span> <span class='ocrx_word' id='word_1_72' title='bbox 1298 1139 1386 1182; x_wconf 81' lang='lat' dir='ltr'>arem</span> <span class='ocrx_word' id='word_1_73' title='bbox 1406 1121 1513 1203; x_wconf 87' lang='lat' dir='ltr'>aliquis</span> <span class='ocrx_word' id='word_1_74' title='bbox 1527 1119 1580 1197; x_wconf 82' lang='lat'>10,</span> 
     </span>
    </p>

    <p class='ocr_par' dir='ltr' id='par_1_8' title="bbox 360 1205 1580 1290">
     <span class='ocr_line' id='line_1_9' title="bbox 360 1205 1580 1290; baseline 0.013 -32"><span class='ocrx_word' id='word_1_75' title='bbox 360 1213 381 1251; x_wconf 74' lang='lat' dir='ltr'>n</span> <span class='ocrx_word' id='word_1_76' title='bbox 579 1218 755 1264; x_wconf 88' lang='lat' dir='ltr'>mensurans</span> <span class='ocrx_word' id='word_1_77' title='bbox 771 1205 911 1284; x_wconf 76' lang='lat' dir='ltr'>angulum</span> <span class='ocrx_word' id='word_1_78' title='bbox 926 1209 1093 1271; x_wconf 80' lang='lat' dir='ltr'>anomaliae</span> <span class='ocrx_word' id='word_1_79' title='bbox 1109 1217 1302 1290; x_wconf 83' lang='lat' dir='ltr'>coaequatae,</span> <span class='ocrx_word' id='word_1_80' title='bbox 1325 1217 1357 1272; x_wconf 88' lang='lat' dir='ltr'>et</span> <span class='ocrx_word' id='word_1_81' title='bbox 1369 1210 1513 1274; x_wconf 88' lang='lat' dir='ltr'>educatur</span> <span class='ocrx_word' id='word_1_82' title='bbox 1526 1209 1580 1274; x_wconf 82' lang='grc' dir='ltr'>ΒΟ</span> 
     </span>
    </p>

    <p class='ocr_par' dir='ltr' id='par_1_9' title="bbox 237 1291 1580 1468">
     <span class='ocr_line' id='line_1_10' title="bbox 239 1291 1580 1382; baseline 0.011 -35"><span class='ocrx_word' id='word_1_83' title='bbox 239 1367 247 1382; x_wconf 34' lang='grc' dir='ltr'>ι</span> <span class='ocrx_word' id='word_1_84' title='bbox 578 1298 610 1351; x_wconf 89' lang='lat' dir='ltr'>et</span> <span class='ocrx_word' id='word_1_85' title='bbox 625 1291 806 1370; x_wconf 90' lang='lat' dir='ltr'>producatur</span> <span class='ocrx_word' id='word_1_86' title='bbox 826 1294 857 1356; x_wconf 92' lang='lat' dir='ltr'>in</span> <span class='ocrx_word' id='word_1_87' title='bbox 869 1295 910 1358; x_wconf 89' lang='grc' dir='ltr'>Κ.</span> <span class='ocrx_word' id='word_1_88' title='bbox 949 1295 1121 1361; x_wconf 73' lang='lat' dir='ltr'>collocetur</span> <span class='ocrx_word' id='word_1_89' title='bbox 1140 1306 1240 1360; x_wconf 89' lang='lat' dir='ltr'>autem</span> <span class='ocrx_word' id='word_1_90' title='bbox 1260 1297 1384 1378; x_wconf 86' lang='lat' dir='ltr'>planeta</span> <span class='ocrx_word' id='word_1_91' title='bbox 1404 1297 1458 1373; x_wconf 92' lang='lat' dir='ltr'>sic,</span> <span class='ocrx_word' id='word_1_92' title='bbox 1475 1291 1509 1360; x_wconf 87' lang='lat' dir='ltr'>nt</span> <span class='ocrx_word' id='word_1_93' title='bbox 1525 1297 1580 1362; x_wconf 88' lang='grc' dir='ltr'>Βο</span> 
     </span>
     <span class='ocr_line' id='line_1_11' title="bbox 237 1367 1579 1468; baseline 0.013 -38"><span class='ocrx_word' id='word_1_94' title='bbox 237 1387 268 1430; x_wconf 90' lang='grc' dir='ltr'>ιιι</span> <span class='ocrx_word' id='word_1_95' title='bbox 283 1367 386 1433; x_wconf 85' lang='lat' dir='ltr'>Solem</span> <span class='ocrx_word' id='word_1_96' title='bbox 401 1373 516 1450; x_wconf 90' lang='lat' dir='ltr'>tendat,</span> <span class='ocrx_word' id='word_1_97' title='bbox 537 1377 586 1458; x_wconf 92' lang='lat' dir='ltr'>qui</span> <span class='ocrx_word' id='word_1_98' title='bbox 605 1380 661 1442; x_wconf 92' lang='lat' dir='ltr'>snb</span> <span class='ocrx_word' id='word_1_99' title='bbox 674 1380 705 1442; x_wconf 91' lang='grc' dir='ltr'><strong>Κ</strong></span> <span class='ocrx_word' id='word_1_100' title='bbox 722 1381 909 1466; x_wconf 80' lang='lat' dir='ltr'>intelligitur.</span> <span class='ocrx_word' id='word_1_101' title='bbox 948 1385 1110 1459; x_wconf 81' lang='lat' dir='ltr'>Quaeritur</span> <span class='ocrx_word' id='word_1_102' title='bbox 1123 1387 1218 1468; x_wconf 90' lang='lat' dir='ltr'>primo</span> <span class='ocrx_word' id='word_1_103' title='bbox 1238 1406 1377 1449; x_wconf 88' lang='lat' dir='ltr'>mensura</span> <span class='ocrx_word' id='word_1_104' title='bbox 1395 1387 1579 1450; x_wconf 86' lang='lat' dir='ltr'>fortitudinis</span> 
     </span>
    </p>
   </div>
   <div class='ocr_carea' id='block_1_5' title="bbox 236 1457 1719 1557">
    <p class='ocr_par' dir='ltr' id='par_1_10' title="bbox 236 1457 1719 1557">
     <span class='ocr_line' id='line_1_12' title="bbox 236 1457 1719 1557; baseline 0.013 -37"><span class='ocrx_word' id='word_1_105' title='bbox 236 1475 377 1523; x_wconf 82' lang='lat' dir='ltr'>aecensus</span> <span class='ocrx_word' id='word_1_106' title='bbox 391 1461 542 1541; x_wconf 87' lang='lat' dir='ltr'>planetae.</span> <span class='ocrx_word' id='word_1_107' title='bbox 580 1468 733 1533; x_wconf 85' lang='lat' dir='ltr'>Accessns</span> <span class='ocrx_word' id='word_1_108' title='bbox 748 1470 828 1534; x_wconf 91' lang='lat' dir='ltr'>enim</span> <span class='ocrx_word' id='word_1_109' title='bbox 842 1473 885 1550; x_wconf 88' lang='lat' dir='ltr'>tit,</span> <span class='ocrx_word' id='word_1_110' title='bbox 910 1477 979 1556; x_wconf 88' lang='lat' dir='ltr'>quia</span> <span class='ocrx_word' id='word_1_111' title='bbox 995 1473 1023 1536; x_wconf 92' lang='lat' dir='ltr'>D</span> <span class='ocrx_word' id='word_1_112' title='bbox 1041 1476 1129 1556; x_wconf 91' lang='lat' dir='ltr'>polus</span> <span class='ocrx_word' id='word_1_113' title='bbox 1145 1484 1291 1557; x_wconf 89' lang='lat' dir='ltr'>appetens</span> <span class='ocrx_word' id='word_1_114' title='bbox 1315 1476 1474 1539; x_wconf 88' lang='lat' dir='ltr'>inclinatur</span> <span class='ocrx_word' id='word_1_115' title='bbox 1498 1476 1537 1536; x_wconf 87' lang='lat' dir='ltr'>ad</span> <span class='ocrx_word' id='word_1_116' title='bbox 1549 1476 1580 1538; x_wconf 90' lang='grc' dir='ltr'><strong><em>Κ</em></strong></span> <span class='ocrx_word' id='word_1_117' title='bbox 1672 1457 1679 1471; x_wconf 64' lang='grc'><strong><em>’</em></strong></span> <span class='ocrx_word' id='word_1_118' title='bbox 1708 1487 1719 1506; x_wconf 83' lang='lat'><strong><em>‘</em></strong></span> 
     </span>
    </p>
   </div>
   <div class='ocr_carea' id='block_1_6' title="bbox 233 1545 1581 2446">
    <p class='ocr_par' dir='ltr' id='par_1_11' title="bbox 233 1545 1581 2446">
     <span class='ocr_line' id='line_1_13' title="bbox 235 1545 1581 1652; baseline 0.013 -43"><span class='ocrx_word' id='word_1_119' title='bbox 235 1545 339 1610; x_wconf 90' lang='lat' dir='ltr'>Solem</span> <span class='ocrx_word' id='word_1_120' title='bbox 358 1553 472 1652; x_wconf 74' lang='lat' dir='ltr'>angulo</span> <span class='ocrx_word' id='word_1_121' title='bbox 493 1553 597 1631; x_wconf 77' lang='lat' dir='ltr'>DBK3</span> <span class='ocrx_word' id='word_1_122' title='bbox 627 1559 657 1620; x_wconf 84' lang='lat' dir='ltr'>A</span> <span class='ocrx_word' id='word_1_123' title='bbox 680 1577 751 1620; x_wconf 83' lang='lat' dir='ltr'>vero</span> <span class='ocrx_word' id='word_1_124' title='bbox 779 1561 895 1640; x_wconf 83' lang='lat' dir='ltr'>lugiens</span> <span class='ocrx_word' id='word_1_125' title='bbox 925 1559 1029 1627; x_wconf 90' lang='lat' dir='ltr'>abnuit</span> <span class='ocrx_word' id='word_1_126' title='bbox 1051 1565 1161 1644; x_wconf 82' lang='lat' dir='ltr'>angulo</span> <span class='ocrx_word' id='word_1_127' title='bbox 1184 1565 1280 1629; x_wconf 84' lang='grc' dir='ltr'>ΑΒΚ.</span> <span class='ocrx_word' id='word_1_128' title='bbox 1328 1563 1404 1628; x_wconf 86' lang='lat' dir='ltr'>Cum</span> <span class='ocrx_word' id='word_1_129' title='bbox 1427 1564 1517 1645; x_wconf 83' lang='lat' dir='ltr'>igitur</span> <span class='ocrx_word' id='word_1_130' title='bbox 1539 1565 1581 1626; x_wconf 89' lang='lat' dir='ltr'>sit</span> 
     </span>
     <span class='ocr_line' id='line_1_14' title="bbox 234 1638 1578 1724; baseline 0.013 -27"><span class='ocrx_word' id='word_1_131' title='bbox 234 1638 383 1702; x_wconf 88' lang='lat' dir='ltr'>naturalrs</span> <span class='ocrx_word' id='word_1_132' title='bbox 405 1641 467 1705; x_wconf 85' lang='lat' dir='ltr'>ista</span> <span class='ocrx_word' id='word_1_133' title='bbox 490 1645 593 1724; x_wconf 80' lang='lat' dir='ltr'>auguli</span> <span class='ocrx_word' id='word_1_134' title='bbox 616 1647 772 1724; x_wconf 85' lang='lat' dir='ltr'>tortitudo,</span> <span class='ocrx_word' id='word_1_135' title='bbox 794 1649 851 1712; x_wconf 91' lang='lat' dir='ltr'>erit</span> <span class='ocrx_word' id='word_1_136' title='bbox 873 1653 902 1713; x_wconf 90' lang='lat' dir='ltr'>in</span> <span class='ocrx_word' id='word_1_137' title='bbox 927 1653 1043 1715; x_wconf 89' lang='lat' dir='ltr'>ratione</span> <span class='ocrx_word' id='word_1_138' title='bbox 1067 1663 1210 1716; x_wconf 84' lang='lat' dir='ltr'>staterae.</span> <span class='ocrx_word' id='word_1_139' title='bbox 1256 1655 1301 1716; x_wconf 89' lang='lat' dir='ltr'>At</span> <span class='ocrx_word' id='word_1_140' title='bbox 1324 1653 1416 1716; x_wconf 90' lang='lat' dir='ltr'>ducta</span> <span class='ocrx_word' id='word_1_141' title='bbox 1438 1673 1475 1716; x_wconf 86' lang='lat' dir='ltr'>ex</span> <span class='ocrx_word' id='word_1_142' title='bbox 1500 1651 1525 1715; x_wconf 87' lang='grc'>0</span> <span class='ocrx_word' id='word_1_143' title='bbox 1547 1653 1578 1714; x_wconf 92' lang='lat' dir='ltr'>in</span> 
     </span>
     <span class='ocr_line' id='line_1_15' title="bbox 233 1724 1579 1829; baseline 0.012 -41"><span class='ocrx_word' id='word_1_144' title='bbox 233 1724 295 1829; x_wconf 58' lang='lat' dir='ltr'>Dal</span> <span class='ocrx_word' id='word_1_145' title='bbox 316 1728 564 1810; x_wconf 86' lang='lat' dir='ltr'>perpendiculari,</span> <span class='ocrx_word' id='word_1_146' title='bbox 589 1753 664 1815; x_wconf 90' lang='lat' dir='ltr'>quae</span> <span class='ocrx_word' id='word_1_147' title='bbox 688 1737 729 1799; x_wconf 88' lang='lat' dir='ltr'>sit</span> <span class='ocrx_word' id='word_1_148' title='bbox 752 1735 818 1812; x_wconf 80' lang='grc' dir='ltr'>ΟΡ,</span> <span class='ocrx_word' id='word_1_149' title='bbox 844 1740 903 1802; x_wconf 88' lang='lat' dir='ltr'>erit</span> <span class='ocrx_word' id='word_1_150' title='bbox 924 1742 1004 1806; x_wconf 90' lang='lat' dir='ltr'>inter</span> <span class='ocrx_word' id='word_1_151' title='bbox 1026 1743 1090 1818; x_wconf 83' lang='grc' dir='ltr'>ΒΡ,</span> <span class='ocrx_word' id='word_1_152' title='bbox 1114 1742 1170 1807; x_wconf 86' lang='grc' dir='ltr'>ΡΑ</span> <span class='ocrx_word' id='word_1_153' title='bbox 1192 1743 1270 1805; x_wconf 88' lang='lat' dir='ltr'>ratio</span> <span class='ocrx_word' id='word_1_154' title='bbox 1295 1751 1440 1805; x_wconf 82' lang='lat' dir='ltr'>staterae.</span> <span class='ocrx_word' id='word_1_155' title='bbox 1487 1742 1579 1804; x_wconf 89' lang='lat' dir='ltr'>Libra</span> 
     </span>
     <span class='ocr_line' id='line_1_16' title="bbox 234 1820 1579 1911; baseline 0.012 -35"><span class='ocrx_word' id='word_1_156' title='bbox 234 1832 315 1877; x_wconf 88' lang='lat' dir='ltr'>emm</span> <span class='ocrx_word' id='word_1_157' title='bbox 337 1835 374 1882; x_wconf 91' lang='lat' dir='ltr'>ex</span> <span class='ocrx_word' id='word_1_158' title='bbox 397 1820 510 1883; x_wconf 90' lang='lat' dir='ltr'>trutina</span> <span class='ocrx_word' id='word_1_159' title='bbox 532 1821 589 1885; x_wconf 84' lang='grc' dir='ltr'>ΚΒ</span> <span class='ocrx_word' id='word_1_160' title='bbox 613 1843 773 1906; x_wconf 87' lang='lat' dir='ltr'>suspensa,</span> <span class='ocrx_word' id='word_1_161' title='bbox 808 1837 840 1891; x_wconf 87' lang='lat' dir='ltr'>et</span> <span class='ocrx_word' id='word_1_162' title='bbox 862 1832 1052 1894; x_wconf 87' lang='lat' dir='ltr'>manentibus</span> <span class='ocrx_word' id='word_1_163' title='bbox 1074 1831 1219 1906; x_wconf 89' lang='lat' dir='ltr'>brachiis,</span> <span class='ocrx_word' id='word_1_164' title='bbox 1256 1833 1365 1911; x_wconf 83' lang='lat' dir='ltr'>angulo</span> <span class='ocrx_word' id='word_1_165' title='bbox 1388 1830 1491 1906; x_wconf 86' lang='lat' dir='ltr'>DBK,</span> <span class='ocrx_word' id='word_1_166' title='bbox 1522 1830 1579 1894; x_wconf 90' lang='lat' dir='ltr'>erit</span> 
     </span>
     <span class='ocr_line' id='line_1_17' title="bbox 233 1904 1577 1996; baseline 0.009 -28"><span class='ocrx_word' id='word_1_167' title='bbox 233 1904 360 1987; x_wconf 88' lang='lat' dir='ltr'>pondus</span> <span class='ocrx_word' id='word_1_168' title='bbox 382 1907 497 1973; x_wconf 88' lang='lat' dir='ltr'>brachii</span> <span class='ocrx_word' id='word_1_169' title='bbox 519 1911 576 1975; x_wconf 92' lang='lat' dir='ltr'>BD</span> <span class='ocrx_word' id='word_1_170' title='bbox 598 1915 636 1975; x_wconf 89' lang='lat' dir='ltr'>ad</span> <span class='ocrx_word' id='word_1_171' title='bbox 672 1917 788 1996; x_wconf 89' lang='lat' dir='ltr'>pondus</span> <span class='ocrx_word' id='word_1_172' title='bbox 820 1913 934 1984; x_wconf 87' lang='lat' dir='ltr'>brachii</span> <span class='ocrx_word' id='word_1_173' title='bbox 956 1921 1031 1996; x_wconf 86' lang='lat' dir='ltr'>BA,</span> <span class='ocrx_word' id='word_1_174' title='bbox 1071 1929 1105 1982; x_wconf 90' lang='lat' dir='ltr'>ut</span> <span class='ocrx_word' id='word_1_175' title='bbox 1127 1921 1181 1984; x_wconf 93' lang='lat' dir='ltr'>DP</span> <span class='ocrx_word' id='word_1_176' title='bbox 1212 1921 1250 1982; x_wconf 90' lang='lat' dir='ltr'>ad</span> <span class='ocrx_word' id='word_1_177' title='bbox 1273 1920 1348 1996; x_wconf 84' lang='lat' dir='ltr'>PA3</span> <span class='ocrx_word' id='word_1_178' title='bbox 1385 1921 1462 1982; x_wconf 89' lang='lat' dir='ltr'>adeo</span> <span class='ocrx_word' id='word_1_179' title='bbox 1495 1927 1529 1982; x_wconf 90' lang='lat' dir='ltr'>ut</span> <span class='ocrx_word' id='word_1_180' title='bbox 1551 1919 1577 1981; x_wconf 88' lang='lat' dir='ltr'>si</span> 
     </span>
     <span class='ocr_line' id='line_1_18' title="bbox 233 1994 1576 2091; baseline 0.012 -37"><span class='ocrx_word' id='word_1_181' title='bbox 233 1994 357 2060; x_wconf 87' lang='lat' dir='ltr'>brachia</span> <span class='ocrx_word' id='word_1_182' title='bbox 387 2017 425 2060; x_wconf 89' lang='lat' dir='ltr'>ex</span> <span class='ocrx_word' id='word_1_183' title='bbox 448 1997 501 2063; x_wconf 84' lang='lat' dir='ltr'>GP</span> <span class='ocrx_word' id='word_1_184' title='bbox 532 2004 784 2083; x_wconf 86' lang='lat' dir='ltr'>suspenderentur</span> <span class='ocrx_word' id='word_1_185' title='bbox 815 2006 844 2070; x_wconf 94' lang='lat' dir='ltr'>in</span> <span class='ocrx_word' id='word_1_186' title='bbox 867 2009 912 2085; x_wconf 92' lang='lat' dir='ltr'>P,</span> <span class='ocrx_word' id='word_1_187' title='bbox 950 2019 979 2072; x_wconf 91' lang='lat' dir='ltr'>et</span> <span class='ocrx_word' id='word_1_188' title='bbox 1002 2009 1118 2091; x_wconf 90' lang='lat' dir='ltr'>pondus</span> <span class='ocrx_word' id='word_1_189' title='bbox 1141 2011 1198 2073; x_wconf 87' lang='lat' dir='ltr'>BA</span> <span class='ocrx_word' id='word_1_190' title='bbox 1221 2010 1497 2074; x_wconf 85' lang='lat' dir='ltr'>accommodaretur</span> <span class='ocrx_word' id='word_1_191' title='bbox 1518 2007 1576 2090; x_wconf 90' lang='lat' dir='ltr'>ipsi</span> 
     </span>
     <span class='ocr_line' id='line_1_19' title="bbox 233 2081 1578 2180; baseline 0.014 -35"><span class='ocrx_word' id='word_1_192' title='bbox 233 2081 304 2160; x_wconf 87' lang='grc' dir='ltr'><strong>ΡΙ),</strong></span> <span class='ocrx_word' id='word_1_193' title='bbox 331 2087 449 2166; x_wconf 90' lang='lat' dir='ltr'>pondus</span> <span class='ocrx_word' id='word_1_194' title='bbox 477 2109 550 2152; x_wconf 80' lang='lat' dir='ltr'>vero</span> <span class='ocrx_word' id='word_1_195' title='bbox 572 2091 688 2159; x_wconf 84' lang='lat' dir='ltr'>brachii</span> <span class='ocrx_word' id='word_1_196' title='bbox 710 2093 766 2156; x_wconf 92' lang='lat' dir='ltr'>BD</span> <span class='ocrx_word' id='word_1_197' title='bbox 789 2095 845 2178; x_wconf 90' lang='lat' dir='ltr'>ipsi</span> <span class='ocrx_word' id='word_1_198' title='bbox 869 2099 940 2175; x_wconf 91' lang='lat' dir='ltr'>PA,</span> <span class='ocrx_word' id='word_1_199' title='bbox 969 2103 1039 2162; x_wconf 83' lang='lat' dir='ltr'>tuuc&#39;</span> <span class='ocrx_word' id='word_1_200' title='bbox 1062 2098 1122 2162; x_wconf 87' lang='lat' dir='ltr'>DA</span> <span class='ocrx_word' id='word_1_201' title='bbox 1149 2117 1215 2161; x_wconf 90' lang='lat' dir='ltr'>cum</span> <span class='ocrx_word' id='word_1_202' title='bbox 1239 2099 1291 2164; x_wconf 81' lang='lat' dir='ltr'>GP</span> <span class='ocrx_word' id='word_1_203' title='bbox 1312 2097 1444 2180; x_wconf 81' lang='lat' dir='ltr'>pendula</span> <span class='ocrx_word' id='word_1_204' title='bbox 1466 2097 1578 2164; x_wconf 77' lang='lat' dir='ltr'>untias</span> 
     </span>
     <span class='ocr_line' id='line_1_20' title="bbox 234 2171 1576 2264; baseline 0.01 -31"><span class='ocrx_word' id='word_1_205' title='bbox 234 2171 370 2237; x_wconf 81' lang='lat' dir='ltr'>facerent</span> <span class='ocrx_word' id='word_1_206' title='bbox 392 2185 491 2241; x_wconf 89' lang='lat' dir='ltr'>rectos</span> <span class='ocrx_word' id='word_1_207' title='bbox 516 2181 651 2260; x_wconf 83' lang='lat' dir='ltr'>angulos.</span> <span class='ocrx_word' id='word_1_208' title='bbox 690 2181 770 2246; x_wconf 87' lang='lat' dir='ltr'>Vide</span> <span class='ocrx_word' id='word_1_209' title='bbox 786 2184 898 2264; x_wconf 87' lang='lat' dir='ltr'>Optica</span> <span class='ocrx_word' id='word_1_210' title='bbox 912 2208 988 2262; x_wconf 90' lang='lat' dir='ltr'>mea,</span> <span class='ocrx_word' id='word_1_211' title='bbox 1012 2197 1043 2252; x_wconf 90' lang='lat' dir='ltr'>et</span> <span class='ocrx_word' id='word_1_212' title='bbox 1058 2207 1114 2251; x_wconf 91' lang='lat' dir='ltr'>non</span> <span class='ocrx_word' id='word_1_213' title='bbox 1135 2187 1223 2250; x_wconf 80' lang='lat' dir='ltr'>facile</span> <span class='ocrx_word' id='word_1_214' title='bbox 1246 2187 1395 2250; x_wconf 89' lang='lat' dir='ltr'>movearis</span> <span class='ocrx_word' id='word_1_215' title='bbox 1418 2187 1576 2249; x_wconf 87' lang='lat' dir='ltr'>incuriosis</span> 
     </span>
     <span class='ocr_line' id='line_1_21' title="bbox 234 2259 1576 2357; baseline 0.01 -34"><span class='ocrx_word' id='word_1_216' title='bbox 234 2259 579 2343; x_wconf 83' lang='lat' dir='ltr'>experimentationibus.</span> <span class='ocrx_word' id='word_1_217' title='bbox 626 2271 669 2333; x_wconf 91' lang='lat' dir='ltr'>Ut</span> <span class='ocrx_word' id='word_1_218' title='bbox 699 2272 791 2354; x_wconf 82' lang='lat' dir='ltr'>igitur</span> <span class='ocrx_word' id='word_1_219' title='bbox 813 2274 868 2337; x_wconf 92' lang='lat' dir='ltr'>DP</span> <span class='ocrx_word' id='word_1_220' title='bbox 891 2277 932 2338; x_wconf 91' lang='lat' dir='ltr'>ad</span> <span class='ocrx_word' id='word_1_221' title='bbox 954 2277 1019 2354; x_wconf 84' lang='grc' dir='ltr'>ΡΑ,</span> <span class='ocrx_word' id='word_1_222' title='bbox 1044 2277 1093 2339; x_wconf 85' lang='lat' dir='ltr'>sic</span> <span class='ocrx_word' id='word_1_223' title='bbox 1125 2277 1268 2339; x_wconf 81' lang='lat' dir='ltr'>tortitudo</span> <span class='ocrx_word' id='word_1_224' title='bbox 1299 2276 1401 2357; x_wconf 84' lang='lat' dir='ltr'>anguli</span> <span class='ocrx_word' id='word_1_225' title='bbox 1423 2273 1508 2339; x_wconf 82' lang='lat' dir='ltr'>ABG</span> <span class='ocrx_word' id='word_1_226' title='bbox 1537 2276 1576 2336; x_wconf 89' lang='lat' dir='ltr'>ad</span> 
     </span>
     <span class='ocr_line' id='line_1_22' title="bbox 233 2349 1575 2446; baseline 0.01 -34"><span class='ocrx_word' id='word_1_227' title='bbox 233 2349 438 2417; x_wconf 79' lang='lat' dir='ltr'>fortitudinem</span> <span class='ocrx_word' id='word_1_228' title='bbox 470 2358 571 2440; x_wconf 79' lang='lat' dir='ltr'>auguli</span> <span class='ocrx_word' id='word_1_229' title='bbox 594 2358 686 2425; x_wconf 83' lang='lat' dir='ltr'>DBO.</span> <span class='ocrx_word' id='word_1_230' title='bbox 732 2361 836 2442; x_wconf 77' lang='lat' dir='ltr'>Fugae</span> <span class='ocrx_word' id='word_1_231' title='bbox 868 2364 961 2446; x_wconf 81' lang='lat' dir='ltr'>igitur</span> <span class='ocrx_word' id='word_1_232' title='bbox 992 2367 1050 2429; x_wconf 88' lang='lat' dir='ltr'>viru</span> <span class='ocrx_word' id='word_1_233' title='bbox 1080 2365 1202 2428; x_wconf 88' lang='lat' dir='ltr'>metitur</span> <span class='ocrx_word' id='word_1_234' title='bbox 1226 2365 1274 2428; x_wconf 91' lang='lat' dir='ltr'>hic</span> <span class='ocrx_word' id='word_1_235' title='bbox 1296 2365 1359 2439; x_wconf 86' lang='grc' dir='ltr'>ΒΡ,</span> <span class='ocrx_word' id='word_1_236' title='bbox 1385 2365 1575 2446; x_wconf 88' lang='lat' dir='ltr'>appetentiae</span> 
     </span>
    </p>
   </div>
   <div class='ocr_carea' id='block_1_7' title="bbox 104 2439 1577 2538">
    <p class='ocr_par' dir='ltr' id='par_1_12' title="bbox 104 2439 1577 2538">
     <span class='ocr_line' id='line_1_23' title="bbox 104 2439 1577 2538; baseline 0.009 -37"><span class='ocrx_word' id='word_1_237' title='bbox 104 2439 112 2459; x_wconf 93' lang='lat'><strong><em>‘</em></strong></span> <span class='ocrx_word' id='word_1_238' title='bbox 233 2440 294 2502; x_wconf 84' lang='lat' dir='ltr'>vim</span> <span class='ocrx_word' id='word_1_239' title='bbox 315 2441 380 2509; x_wconf 88' lang='lat' dir='ltr'>PA.</span> <span class='ocrx_word' id='word_1_240' title='bbox 424 2445 522 2509; x_wconf 87' lang='lat' dir='ltr'>Aufer</span> <span class='ocrx_word' id='word_1_241' title='bbox 543 2469 563 2508; x_wconf 90' lang='lat' dir='ltr'>a</span> <span class='ocrx_word' id='word_1_242' title='bbox 585 2447 641 2512; x_wconf 83' lang='lat' dir='ltr'>PA</span> <span class='ocrx_word' id='word_1_243' title='bbox 673 2451 830 2532; x_wconf 88' lang='lat' dir='ltr'>aequalem</span> <span class='ocrx_word' id='word_1_244' title='bbox 862 2454 920 2536; x_wconf 89' lang='lat' dir='ltr'>ipsi</span> <span class='ocrx_word' id='word_1_245' title='bbox 950 2456 1014 2532; x_wconf 93' lang='lat' dir='ltr'>DP,</span> <span class='ocrx_word' id='word_1_246' title='bbox 1047 2475 1122 2538; x_wconf 90' lang='lat' dir='ltr'>qnae</span> <span class='ocrx_word' id='word_1_247' title='bbox 1153 2455 1194 2518; x_wconf 90' lang='lat' dir='ltr'>sit</span> <span class='ocrx_word' id='word_1_248' title='bbox 1222 2453 1288 2519; x_wconf 79' lang='lat' dir='ltr'>As.</span> <span class='ocrx_word' id='word_1_249' title='bbox 1333 2453 1414 2533; x_wconf 85' lang='lat' dir='ltr'>Ergo</span> <span class='ocrx_word' id='word_1_250' title='bbox 1447 2452 1497 2516; x_wconf 77' lang='grc' dir='ltr'>ΒΡ</span> <span class='ocrx_word' id='word_1_251' title='bbox 1528 2460 1577 2514; x_wconf 90' lang='lat' dir='ltr'>est</span> 
     </span>
    </p>
   </div>
   <div class='ocr_carea' id='block_1_8' title="bbox 151 2534 1630 5042">
    <p class='ocr_par' dir='ltr' id='par_1_13' title="bbox 151 2534 1576 3144">
     <span class='ocr_line' id='line_1_24' title="bbox 232 2534 1575 2626; baseline 0.007 -32"><span class='ocrx_word' id='word_1_252' title='bbox 232 2549 374 2596; x_wconf 86' lang='lat' dir='ltr'>mensura</span> <span class='ocrx_word' id='word_1_253' title='bbox 396 2534 518 2598; x_wconf 78' lang='lat' dir='ltr'>vinacia</span> <span class='ocrx_word' id='word_1_254' title='bbox 542 2539 711 2619; x_wconf 89' lang='lat' dir='ltr'>appetentis</span> <span class='ocrx_word' id='word_1_255' title='bbox 735 2538 906 2618; x_wconf 86' lang='lat' dir='ltr'>solitariae,</span> <span class='ocrx_word' id='word_1_256' title='bbox 935 2544 1144 2624; x_wconf 90' lang='lat' dir='ltr'>impedimento</span> <span class='ocrx_word' id='word_1_257' title='bbox 1168 2544 1256 2626; x_wconf 80' lang='lat' dir='ltr'>fugae</span> <span class='ocrx_word' id='word_1_258' title='bbox 1279 2543 1401 2605; x_wconf 89' lang='lat' dir='ltr'>ablato:</span> <span class='ocrx_word' id='word_1_259' title='bbox 1434 2541 1522 2623; x_wconf 90' lang='lat' dir='ltr'>idque</span> <span class='ocrx_word' id='word_1_260' title='bbox 1544 2542 1575 2604; x_wconf 91' lang='lat' dir='ltr'>iu</span> 
     </span>
     <span class='ocr_line' id='line_1_25' title="bbox 232 2623 1575 2714; baseline 0.007 -32"><span class='ocrx_word' id='word_1_261' title='bbox 232 2623 441 2702; x_wconf 88' lang='lat' dir='ltr'>proportione,</span> <span class='ocrx_word' id='word_1_262' title='bbox 473 2625 605 2706; x_wconf 89' lang='lat' dir='ltr'>qualium</span> <span class='ocrx_word' id='word_1_263' title='bbox 626 2627 686 2691; x_wconf 84' lang='lat' dir='ltr'>AD</span> <span class='ocrx_word' id='word_1_264' title='bbox 712 2630 835 2692; x_wconf 89' lang='lat' dir='ltr'>metitur</span> <span class='ocrx_word' id='word_1_265' title='bbox 856 2632 918 2696; x_wconf 87' lang='lat' dir='ltr'>vim</span> <span class='ocrx_word' id='word_1_266' title='bbox 949 2634 1110 2699; x_wconf 79' lang='lat' dir='ltr'>maximam</span> <span class='ocrx_word' id='word_1_267' title='bbox 1143 2633 1330 2708; x_wconf 83' lang='lat' dir='ltr'>solitariam3</span> <span class='ocrx_word' id='word_1_268' title='bbox 1361 2631 1415 2704; x_wconf 85' lang='lat' dir='ltr'>sed</span> <span class='ocrx_word' id='word_1_269' title='bbox 1445 2631 1575 2714; x_wconf 91' lang='lat' dir='ltr'>qualium</span> 
     </span>
     <span class='ocr_line' id='line_1_26' title="bbox 233 2709 1576 2805; baseline 0.007 -32"><span class='ocrx_word' id='word_1_270' title='bbox 233 2709 356 2775; x_wconf 91' lang='lat' dir='ltr'>dimidia</span> <span class='ocrx_word' id='word_1_271' title='bbox 377 2713 434 2776; x_wconf 91' lang='lat' dir='ltr'>DB</span> <span class='ocrx_word' id='word_1_272' title='bbox 457 2713 580 2779; x_wconf 88' lang='lat' dir='ltr'>metitur</span> <span class='ocrx_word' id='word_1_273' title='bbox 601 2716 662 2779; x_wconf 89' lang='lat' dir='ltr'>vim</span> <span class='ocrx_word' id='word_1_274' title='bbox 684 2719 862 2796; x_wconf 87' lang='lat' dir='ltr'>maximam,</span> <span class='ocrx_word' id='word_1_275' title='bbox 896 2723 1001 2787; x_wconf 89' lang='lat' dir='ltr'>talium</span> <span class='ocrx_word' id='word_1_276' title='bbox 1030 2733 1061 2787; x_wconf 92' lang='lat' dir='ltr'>et</span> <span class='ocrx_word' id='word_1_277' title='bbox 1089 2722 1184 2805; x_wconf 90' lang='lat' dir='ltr'>ipsius</span> <span class='ocrx_word' id='word_1_278' title='bbox 1209 2721 1256 2785; x_wconf 90' lang='lat' dir='ltr'>PS</span> <span class='ocrx_word' id='word_1_279' title='bbox 1285 2721 1422 2797; x_wconf 90' lang='lat' dir='ltr'>dimidia,</span> <span class='ocrx_word' id='word_1_280' title='bbox 1458 2719 1576 2783; x_wconf 84' lang='lat' dir='ltr'>sedicet</span> 
     </span>
     <span class='ocr_line' id='line_1_27' title="bbox 151 2799 1573 2895; baseline 0.009 -33"><span class='ocrx_word' id='word_1_281' title='bbox 151 2859 160 2879; x_wconf 69' lang='grc'>,</span> <span class='ocrx_word' id='word_1_282' title='bbox 231 2799 300 2873; x_wconf 90' lang='grc' dir='ltr'>ΡΒ,</span> <span class='ocrx_word' id='word_1_283' title='bbox 331 2800 388 2866; x_wconf 90' lang='lat' dir='ltr'>hoe</span> <span class='ocrx_word' id='word_1_284' title='bbox 412 2812 459 2867; x_wconf 89' lang='lat' dir='ltr'>est</span> <span class='ocrx_word' id='word_1_285' title='bbox 487 2806 570 2868; x_wconf 88' lang='lat' dir='ltr'>sinus</span> <span class='ocrx_word' id='word_1_286' title='bbox 594 2805 650 2870; x_wconf 86' lang='lat' dir='ltr'>GN</span> <span class='ocrx_word' id='word_1_287' title='bbox 681 2808 849 2873; x_wconf 86' lang='lat' dir='ltr'>anomaliae</span> <span class='ocrx_word' id='word_1_288' title='bbox 880 2822 1063 2895; x_wconf 87' lang='lat' dir='ltr'>coaequatae</span> <span class='ocrx_word' id='word_1_289' title='bbox 1087 2812 1175 2887; x_wconf 81' lang='lat'>0131,</span> <span class='ocrx_word' id='word_1_290' title='bbox 1207 2811 1329 2875; x_wconf 88' lang='lat' dir='ltr'>metitur</span> <span class='ocrx_word' id='word_1_291' title='bbox 1350 2811 1411 2871; x_wconf 89' lang='lat' dir='ltr'>vim</span> <span class='ocrx_word' id='word_1_292' title='bbox 1433 2828 1573 2875; x_wconf 83' lang='lat' dir='ltr'>accessus</span> 
     </span>
     <span class='ocr_line' id='line_1_28' title="bbox 232 2890 1576 2983; baseline 0.007 -31"><span class='ocrx_word' id='word_1_293' title='bbox 232 2890 343 2954; x_wconf 87' lang='lat' dir='ltr'>undam</span> <span class='ocrx_word' id='word_1_294' title='bbox 366 2891 422 2955; x_wconf 79' lang='lat' dir='ltr'>lude</span> <span class='ocrx_word' id='word_1_295' title='bbox 445 2892 505 2956; x_wconf 88' lang='lat' dir='ltr'>situ</span> <span class='ocrx_word' id='word_1_296' title='bbox 527 2893 669 2976; x_wconf 87' lang='lat' dir='ltr'>planetae</span> <span class='ocrx_word' id='word_1_297' title='bbox 692 2898 731 2959; x_wconf 87' lang='lat' dir='ltr'>ad</span> <span class='ocrx_word' id='word_1_298' title='bbox 754 2898 866 2963; x_wconf 87' lang='lat' dir='ltr'>Solem.</span> <span class='ocrx_word' id='word_1_299' title='bbox 903 2902 1000 2983; x_wconf 79' lang='lat' dir='ltr'>Igitur</span> <span class='ocrx_word' id='word_1_300' title='bbox 1022 2904 1105 2966; x_wconf 91' lang='lat' dir='ltr'>sinus</span> <span class='ocrx_word' id='word_1_301' title='bbox 1128 2900 1296 2970; x_wconf 83' lang='lat' dir='ltr'>anomaliae</span> <span class='ocrx_word' id='word_1_302' title='bbox 1319 2908 1504 2982; x_wconf 88' lang='lat' dir='ltr'>coaequatae</span> <span class='ocrx_word' id='word_1_303' title='bbox 1526 2907 1576 2961; x_wconf 89' lang='lat' dir='ltr'>est</span> 
     </span>
     <span class='ocr_line' id='line_1_29' title="bbox 231 2982 1574 3071; baseline 0.007 -30"><span class='ocrx_word' id='word_1_304' title='bbox 231 2998 372 3067; x_wconf 83' lang='lat' dir='ltr'>mensura</span> <span class='ocrx_word' id='word_1_305' title='bbox 404 2982 587 3048; x_wconf 81' lang='lat' dir='ltr'>fortitudinis</span> <span class='ocrx_word' id='word_1_306' title='bbox 619 3004 759 3052; x_wconf 90' lang='lat' dir='ltr'>accessus</span> <span class='ocrx_word' id='word_1_307' title='bbox 790 2988 931 3070; x_wconf 90' lang='lat' dir='ltr'>planetae</span> <span class='ocrx_word' id='word_1_308' title='bbox 965 2993 1004 3054; x_wconf 89' lang='lat' dir='ltr'>ad</span> <span class='ocrx_word' id='word_1_309' title='bbox 1034 2990 1134 3056; x_wconf 90' lang='lat' dir='ltr'>Solem</span> <span class='ocrx_word' id='word_1_310' title='bbox 1166 2991 1218 3053; x_wconf 94' lang='lat' dir='ltr'>illo</span> <span class='ocrx_word' id='word_1_311' title='bbox 1248 2990 1323 3053; x_wconf 93' lang='lat' dir='ltr'>loco.</span> <span class='ocrx_word' id='word_1_312' title='bbox 1368 2989 1470 3071; x_wconf 85' lang='lat' dir='ltr'>Atque</span> <span class='ocrx_word' id='word_1_313' title='bbox 1496 2986 1574 3061; x_wconf 85' lang='lat' dir='ltr'>baec</span> 
     </span>
     <span class='ocr_line' id='line_1_30' title="bbox 230 3068 1222 3144; baseline 0.012 -13"><span class='ocrx_word' id='word_1_314' title='bbox 230 3068 480 3136; x_wconf 88' lang='lat' dir='ltr'>incrementorum</span> <span class='ocrx_word' id='word_1_315' title='bbox 502 3075 623 3138; x_wconf 81' lang='lat' dir='ltr'>virtutis</span> <span class='ocrx_word' id='word_1_316' title='bbox 646 3095 785 3141; x_wconf 88' lang='lat' dir='ltr'>mensura</span> <span class='ocrx_word' id='word_1_317' title='bbox 809 3086 865 3144; x_wconf 89' lang='lat' dir='ltr'>est.</span> <span class='ocrx_word' id='word_1_318' title='bbox 1218 3070 1222 3081; x_wconf 85' lang='lat'>&#39;</span> 
     </span>
    </p>

    <p class='ocr_par' dir='ltr' id='par_1_14' title="bbox 208 3158 1630 4767">
     <span class='ocr_line' id='line_1_31' title="bbox 317 3158 1574 3248; baseline 0.002 -23"><span class='ocrx_word' id='word_1_319' title='bbox 317 3158 418 3243; x_wconf 87' lang='lat' dir='ltr'>Spatii</span> <span class='ocrx_word' id='word_1_320' title='bbox 439 3164 588 3227; x_wconf 88' lang='lat' dir='ltr'>libratorii</span> <span class='ocrx_word' id='word_1_321' title='bbox 609 3184 664 3248; x_wconf 89' lang='lat' dir='ltr'>per</span> <span class='ocrx_word' id='word_1_322' title='bbox 686 3166 760 3229; x_wconf 88' lang='lat' dir='ltr'>baec</span> <span class='ocrx_word' id='word_1_323' title='bbox 782 3168 924 3230; x_wconf 90' lang='lat' dir='ltr'>contiuua</span> <span class='ocrx_word' id='word_1_324' title='bbox 945 3168 1064 3231; x_wconf 87' lang='lat' dir='ltr'>virtutis</span> <span class='ocrx_word' id='word_1_325' title='bbox 1093 3168 1277 3231; x_wconf 84' lang='lat' dir='ltr'>incrementa</span> <span class='ocrx_word' id='word_1_326' title='bbox 1292 3165 1421 3229; x_wconf 85' lang='lat' dir='ltr'>conlecti</span> <span class='ocrx_word' id='word_1_327' title='bbox 1436 3184 1574 3228; x_wconf 88' lang='lat' dir='ltr'>mensura</span> 
     </span>
     <span class='ocr_line' id='line_1_32' title="bbox 229 3248 1571 3338; baseline 0.003 -26"><span class='ocrx_word' id='word_1_328' title='bbox 229 3248 318 3330; x_wconf 81' lang='lat' dir='ltr'>louge</span> <span class='ocrx_word' id='word_1_329' title='bbox 341 3259 391 3314; x_wconf 87' lang='lat' dir='ltr'>est</span> <span class='ocrx_word' id='word_1_330' title='bbox 413 3251 494 3315; x_wconf 87' lang='lat' dir='ltr'>alia:</span> <span class='ocrx_word' id='word_1_331' title='bbox 519 3255 681 3329; x_wconf 84' lang='lat' dir='ltr'>ostendunt</span> <span class='ocrx_word' id='word_1_332' title='bbox 704 3255 782 3319; x_wconf 90' lang='lat' dir='ltr'>enim</span> <span class='ocrx_word' id='word_1_333' title='bbox 804 3252 978 3332; x_wconf 78' lang='lat' dir='ltr'>observata,</span> <span class='ocrx_word' id='word_1_334' title='bbox 1005 3258 1032 3319; x_wconf 90' lang='lat' dir='ltr'>si</span> <span class='ocrx_word' id='word_1_335' title='bbox 1054 3257 1113 3338; x_wconf 91' lang='lat' dir='ltr'>ipsi</span> <span class='ocrx_word' id='word_1_336' title='bbox 1135 3254 1177 3319; x_wconf 82' lang='lat'>10</span> <span class='ocrx_word' id='word_1_337' title='bbox 1199 3256 1365 3327; x_wconf 82' lang='lat' dir='ltr'>anomaliae</span> <span class='ocrx_word' id='word_1_338' title='bbox 1389 3262 1571 3337; x_wconf 84' lang='lat' dir='ltr'>coaequatae</span> 
     </span>
     <span class='ocr_line' id='line_1_33' title="bbox 229 3342 1572 3430; baseline 0.002 -28"><span class='ocrx_word' id='word_1_339' title='bbox 229 3342 413 3420; x_wconf 84' lang='lat' dir='ltr'>respoudeat</span> <span class='ocrx_word' id='word_1_340' title='bbox 442 3362 496 3404; x_wconf 91' lang='lat' dir='ltr'>sua</span> <span class='ocrx_word' id='word_1_341' title='bbox 528 3343 678 3407; x_wconf 88' lang='lat' dir='ltr'>anomalia</span> <span class='ocrx_word' id='word_1_342' title='bbox 705 3347 835 3408; x_wconf 90' lang='lat' dir='ltr'>eccentri</span> <span class='ocrx_word' id='word_1_343' title='bbox 858 3346 918 3423; x_wconf 82' lang='lat' dir='ltr'>Gl,</span> <span class='ocrx_word' id='word_1_344' title='bbox 949 3346 1028 3430; x_wconf 90' lang='lat' dir='ltr'>quod</span> <span class='ocrx_word' id='word_1_345' title='bbox 1051 3348 1095 3411; x_wconf 88' lang='grc' dir='ltr'>ΙΗ</span> <span class='ocrx_word' id='word_1_346' title='bbox 1118 3345 1201 3407; x_wconf 90' lang='lat' dir='ltr'>sinus</span> <span class='ocrx_word' id='word_1_347' title='bbox 1224 3362 1329 3407; x_wconf 88' lang='lat' dir='ltr'>versus</span> <span class='ocrx_word' id='word_1_348' title='bbox 1352 3362 1437 3406; x_wconf 87' lang='lat' dir='ltr'>arens</span> <span class='ocrx_word' id='word_1_349' title='bbox 1463 3342 1508 3407; x_wconf 87' lang='lat' dir='ltr'>Gl</span> <span class='ocrx_word' id='word_1_350' title='bbox 1531 3345 1572 3406; x_wconf 86' lang='lat' dir='ltr'>sit</span> 
     </span>
     <span class='ocr_line' id='line_1_34' title="bbox 228 3428 1630 3515; baseline 0.001 -22"><span class='ocrx_word' id='word_1_351' title='bbox 228 3448 369 3493; x_wconf 87' lang='lat' dir='ltr'>mensura</span> <span class='ocrx_word' id='word_1_352' title='bbox 396 3428 566 3495; x_wconf 90' lang='lat' dir='ltr'>librationis</span> <span class='ocrx_word' id='word_1_353' title='bbox 592 3441 748 3515; x_wconf 80' lang='lat' dir='ltr'>peractae.</span> <span class='ocrx_word' id='word_1_354' title='bbox 797 3436 833 3497; x_wconf 93' lang='lat' dir='ltr'>Id</span> <span class='ocrx_word' id='word_1_355' title='bbox 861 3436 888 3497; x_wconf 91' lang='lat' dir='ltr'>si</span> <span class='ocrx_word' id='word_1_356' title='bbox 912 3436 1002 3497; x_wconf 90' lang='lat' dir='ltr'>etiam</span> <span class='ocrx_word' id='word_1_357' title='bbox 1025 3454 1063 3497; x_wconf 90' lang='lat' dir='ltr'>ex</span> <span class='ocrx_word' id='word_1_358' title='bbox 1086 3436 1152 3515; x_wconf 90' lang='lat' dir='ltr'>ipsa</span> <span class='ocrx_word' id='word_1_359' title='bbox 1174 3431 1256 3515; x_wconf 90' lang='lat' dir='ltr'>prius</span> <span class='ocrx_word' id='word_1_360' title='bbox 1279 3433 1411 3495; x_wconf 88' lang='lat' dir='ltr'>indicata</span> <span class='ocrx_word' id='word_1_361' title='bbox 1432 3451 1573 3499; x_wconf 88' lang='lat' dir='ltr'>mensura</span> <span class='ocrx_word' id='word_1_362' title='bbox 1627 3510 1630 3515; x_wconf 50' lang='lat'>.</span> 
     </span>
     <span class='ocr_line' id='line_1_35' title="bbox 208 3518 1570 3605; baseline 0.004 -27"><span class='ocrx_word' id='word_1_363' title='bbox 208 3519 394 3588; x_wconf 62' lang='lat' dir='ltr'>„coleritatis</span> <span class='ocrx_word' id='word_1_364' title='bbox 424 3518 480 3584; x_wconf 82' lang='lat' dir='ltr'>GN</span> <span class='ocrx_word' id='word_1_365' title='bbox 509 3520 616 3583; x_wconf 84' lang='lat' dir='ltr'>deduci</span> <span class='ocrx_word' id='word_1_366' title='bbox 644 3530 761 3605; x_wconf 90' lang='lat' dir='ltr'>potest,</span> <span class='ocrx_word' id='word_1_367' title='bbox 799 3532 870 3586; x_wconf 87' lang='lat' dir='ltr'>tuno</span> <span class='ocrx_word' id='word_1_368' title='bbox 900 3524 1157 3587; x_wconf 90' lang='lat' dir='ltr'>conciliaverimus</span> <span class='ocrx_word' id='word_1_369' title='bbox 1190 3522 1403 3604; x_wconf 85' lang='lat' dir='ltr'>experientiam</span> <span class='ocrx_word' id='word_1_370' title='bbox 1426 3540 1492 3584; x_wconf 92' lang='lat' dir='ltr'>cum</span> <span class='ocrx_word' id='word_1_371' title='bbox 1514 3523 1570 3583; x_wconf 89' lang='lat' dir='ltr'>de-</span> 
     </span>
     <span class='ocr_line' id='line_1_36' title="bbox 227 3608 1569 3695; baseline 0.001 -24"><span class='ocrx_word' id='word_1_372' title='bbox 227 3611 446 3677; x_wconf 84' lang='lat' dir='ltr'>monstratione</span> <span class='ocrx_word' id='word_1_373' title='bbox 471 3610 580 3674; x_wconf 89' lang='lat' dir='ltr'>librae.</span> <span class='ocrx_word' id='word_1_374' title='bbox 628 3608 717 3674; x_wconf 77' lang='lat' dir='ltr'>(lum¹</span> <span class='ocrx_word' id='word_1_375' title='bbox 735 3611 813 3674; x_wconf 88' lang='lat' dir='ltr'>enim</span> <span class='ocrx_word' id='word_1_376' title='bbox 839 3612 981 3695; x_wconf 90' lang='lat' dir='ltr'>cujusque</span> <span class='ocrx_word' id='word_1_377' title='bbox 1005 3634 1093 3677; x_wconf 89' lang='lat' dir='ltr'>arcus</span> <span class='ocrx_word' id='word_1_378' title='bbox 1117 3613 1199 3676; x_wconf 86' lang='lat' dir='ltr'>siuns</span> <span class='ocrx_word' id='word_1_379' title='bbox 1222 3612 1264 3673; x_wconf 89' lang='lat' dir='ltr'>sit</span> <span class='ocrx_word' id='word_1_380' title='bbox 1286 3630 1424 3673; x_wconf 88' lang='lat' dir='ltr'>mensura</span> <span class='ocrx_word' id='word_1_381' title='bbox 1447 3610 1569 3673; x_wconf 82' lang='lat' dir='ltr'>fortitu-</span> 
     </span>
     <span class='ocr_line' id='line_1_37' title="bbox 228 3698 1588 3781; baseline 0.003 -20"><span class='ocrx_word' id='word_1_382' title='bbox 228 3700 306 3762; x_wconf 89' lang='lat' dir='ltr'>dinis</span> <span class='ocrx_word' id='word_1_383' title='bbox 333 3700 414 3764; x_wconf 91' lang='lat' dir='ltr'>illius</span> <span class='ocrx_word' id='word_1_384' title='bbox 436 3700 556 3781; x_wconf 80' lang='lat' dir='ltr'>anguli,</span> <span class='ocrx_word' id='word_1_385' title='bbox 585 3718 699 3763; x_wconf 88' lang='lat' dir='ltr'>summa</span> <span class='ocrx_word' id='word_1_386' title='bbox 726 3702 843 3764; x_wconf 90' lang='lat' dir='ltr'>sinuum</span> <span class='ocrx_word' id='word_1_387' title='bbox 871 3702 930 3767; x_wconf 92' lang='lat' dir='ltr'>erit</span> <span class='ocrx_word' id='word_1_388' title='bbox 962 3702 1024 3765; x_wconf 86' lang='lat' dir='ltr'>fere</span> <span class='ocrx_word' id='word_1_389' title='bbox 1048 3721 1186 3765; x_wconf 89' lang='lat' dir='ltr'>mensura</span> <span class='ocrx_word' id='word_1_390' title='bbox 1209 3718 1340 3763; x_wconf 90' lang='lat' dir='ltr'>summae</span> <span class='ocrx_word' id='word_1_391' title='bbox 1364 3698 1588 3765; x_wconf 39' lang='lat' dir='ltr'>fortitudinum.</span> 
     </span>
     <span class='ocr_line' id='line_1_38' title="bbox 227 3781 1569 3873; baseline 0.001 -22"><span class='ocrx_word' id='word_1_392' title='bbox 227 3806 281 3852; x_wconf 88' lang='lat' dir='ltr'>seu</span> <span class='ocrx_word' id='word_1_393' title='bbox 303 3788 531 3870; x_wconf 89' lang='lat' dir='ltr'>impressionum</span> <span class='ocrx_word' id='word_1_394' title='bbox 553 3781 607 3869; x_wconf 78' lang='lat' dir='ltr'>p‘er</span> <span class='ocrx_word' id='word_1_395' title='bbox 629 3808 732 3853; x_wconf 89' lang='lat' dir='ltr'>ornnes</span> <span class='ocrx_word' id='word_1_396' title='bbox 753 3799 857 3870; x_wconf 89' lang='lat' dir='ltr'>partes</span> <span class='ocrx_word' id='word_1_397' title='bbox 881 3792 1024 3873; x_wconf 86' lang='lat' dir='ltr'>aequales</span> <span class='ocrx_word' id='word_1_398' title='bbox 1047 3792 1168 3854; x_wconf 85' lang='lat' dir='ltr'>circuli:</span> <span class='ocrx_word' id='word_1_399' title='bbox 1193 3809 1317 3873; x_wconf 89' lang='lat' dir='ltr'>quarum</span> <span class='ocrx_word' id='word_1_400' title='bbox 1339 3789 1467 3851; x_wconf 90' lang='lat' dir='ltr'>omnium</span> <span class='ocrx_word' id='word_1_401' title='bbox 1485 3808 1569 3871; x_wconf 77' lang='lat' dir='ltr'>com-¹</span> 
     </span>
     <span class='ocr_line' id='line_1_39' title="bbox 226 3876 1567 3963; baseline 0.001 -24"><span class='ocrx_word' id='word_1_402' title='bbox 226 3876 325 3944; x_wconf 91' lang='lat' dir='ltr'>munis</span> <span class='ocrx_word' id='word_1_403' title='bbox 356 3878 481 3943; x_wconf 82' lang='lat' dir='ltr'>effectus</span> <span class='ocrx_word' id='word_1_404' title='bbox 514 3886 562 3941; x_wconf 90' lang='lat' dir='ltr'>est</span> <span class='ocrx_word' id='word_1_405' title='bbox 590 3886 657 3941; x_wconf 86' lang='lat' dir='ltr'>tota</span> <span class='ocrx_word' id='word_1_406' title='bbox 682 3879 803 3941; x_wconf 89' lang='lat' dir='ltr'>libratio</span> <span class='ocrx_word' id='word_1_407' title='bbox 834 3892 970 3963; x_wconf 87' lang='lat' dir='ltr'>peracta.</span> <span class='ocrx_word' id='word_1_408' title='bbox 1017 3880 1112 3961; x_wconf 86' lang='lat' dir='ltr'>Atqui</span> <span class='ocrx_word' id='word_1_409' title='bbox 1135 3898 1249 3943; x_wconf 89' lang='lat' dir='ltr'>summa</span> <span class='ocrx_word' id='word_1_410' title='bbox 1272 3878 1388 3939; x_wconf 91' lang='lat' dir='ltr'>sinuum</span> <span class='ocrx_word' id='word_1_411' title='bbox 1410 3878 1456 3941; x_wconf 88' lang='lat' dir='ltr'>IG</span> <span class='ocrx_word' id='word_1_412' title='bbox 1479 3896 1567 3940; x_wconf 90' lang='lat' dir='ltr'>arcus</span> 
     </span>
     <span class='ocr_line' id='line_1_40' title="bbox 228 3965 1569 4049; baseline 0.001 -21"><span class='ocrx_word' id='word_1_413' title='bbox 228 3965 307 4041; x_wconf 90' lang='lat' dir='ltr'>(sint</span> <span class='ocrx_word' id='word_1_414' title='bbox 330 3967 407 4029; x_wconf 90' lang='lat' dir='ltr'>enim</span> <span class='ocrx_word' id='word_1_415' title='bbox 426 3968 490 4048; x_wconf 88' lang='lat' dir='ltr'>jam</span> <span class='ocrx_word' id='word_1_416' title='bbox 511 3969 654 4049; x_wconf 88' lang='lat' dir='ltr'>aequales</span> <span class='ocrx_word' id='word_1_417' title='bbox 677 3966 720 4032; x_wconf 81' lang='lat'>10</span> <span class='ocrx_word' id='word_1_418' title='bbox 744 3978 777 4031; x_wconf 91' lang='lat' dir='ltr'>et</span> <span class='ocrx_word' id='word_1_419' title='bbox 798 3967 845 4031; x_wconf 87' lang='lat' dir='ltr'>lG</span> <span class='ocrx_word' id='word_1_420' title='bbox 867 3970 1052 4047; x_wconf 86' lang='lat' dir='ltr'>anomaliae,</span> <span class='ocrx_word' id='word_1_421' title='bbox 1082 3970 1158 4033; x_wconf 91' lang='lat' dir='ltr'>alias</span> <span class='ocrx_word' id='word_1_422' title='bbox 1183 3968 1329 4035; x_wconf 87' lang='lat' dir='ltr'>diversae,</span> <span class='ocrx_word' id='word_1_423' title='bbox 1354 3966 1392 4027; x_wconf 90' lang='lat' dir='ltr'>ad</span> <span class='ocrx_word' id='word_1_424' title='bbox 1415 3966 1569 4030; x_wconf 86' lang='lat' dir='ltr'>vitandam</span> 
     </span>
     <span class='ocr_line' id='line_1_41' title="bbox 227 4055 1567 4139; baseline 0 -21"><span class='ocrx_word' id='word_1_425' title='bbox 227 4055 445 4131; x_wconf 85' lang='lat' dir='ltr'>confusionem)</span> <span class='ocrx_word' id='word_1_426' title='bbox 474 4057 514 4119; x_wconf 89' lang='lat' dir='ltr'>ad</span> <span class='ocrx_word' id='word_1_427' title='bbox 541 4076 687 4121; x_wconf 90' lang='lat' dir='ltr'>summam</span> <span class='ocrx_word' id='word_1_428' title='bbox 714 4060 829 4122; x_wconf 87' lang='lat' dir='ltr'>sinuum</span> <span class='ocrx_word' id='word_1_429' title='bbox 857 4059 1034 4139; x_wconf 87' lang='lat' dir='ltr'>quadrantis</span> <span class='ocrx_word' id='word_1_430' title='bbox 1068 4068 1116 4122; x_wconf 90' lang='lat' dir='ltr'>est</span> <span class='ocrx_word' id='word_1_431' title='bbox 1148 4059 1210 4120; x_wconf 85' lang='lat' dir='ltr'>tere</span> <span class='ocrx_word' id='word_1_432' title='bbox 1234 4065 1267 4119; x_wconf 90' lang='lat' dir='ltr'>ut</span> <span class='ocrx_word' id='word_1_433' title='bbox 1288 4056 1333 4119; x_wconf 89' lang='grc' dir='ltr'>ΙΗ</span> <span class='ocrx_word' id='word_1_434' title='bbox 1355 4074 1460 4119; x_wconf 85' lang='lat' dir='ltr'>versus</span> <span class='ocrx_word' id='word_1_435' title='bbox 1483 4056 1567 4118; x_wconf 87' lang='lat' dir='ltr'>sinus</span> 
     </span>
     <span class='ocr_line' id='line_1_42' title="bbox 225 4144 1569 4229; baseline 0.001 -21"><span class='ocrx_word' id='word_1_436' title='bbox 225 4144 307 4208; x_wconf 89' lang='lat' dir='ltr'>illius</span> <span class='ocrx_word' id='word_1_437' title='bbox 339 4165 426 4209; x_wconf 89' lang='lat' dir='ltr'>arcus</span> <span class='ocrx_word' id='word_1_438' title='bbox 455 4144 501 4212; x_wconf 87' lang='lat' dir='ltr'>IG</span> <span class='ocrx_word' id='word_1_439' title='bbox 536 4148 576 4209; x_wconf 90' lang='lat' dir='ltr'>ad</span> <span class='ocrx_word' id='word_1_440' title='bbox 598 4147 641 4211; x_wconf 91' lang='grc' dir='ltr'>ΙΒ</span> <span class='ocrx_word' id='word_1_441' title='bbox 669 4166 789 4211; x_wconf 87' lang='lat' dir='ltr'>versum</span> <span class='ocrx_word' id='word_1_442' title='bbox 821 4145 919 4211; x_wconf 85' lang='lat' dir='ltr'>sinum</span> <span class='ocrx_word' id='word_1_443' title='bbox 953 4148 1137 4229; x_wconf 90' lang='lat' dir='ltr'>quadrantis.</span> <span class='ocrx_word' id='word_1_444' title='bbox 1193 4146 1263 4209; x_wconf 90' lang='lat' dir='ltr'>Dixi</span> <span class='ocrx_word' id='word_1_445' title='bbox 1297 4145 1385 4207; x_wconf 84' lang='lat' dir='ltr'>lere.</span> <span class='ocrx_word' id='word_1_446' title='bbox 1431 4144 1510 4207; x_wconf 86' lang='lat' dir='ltr'>Nam</span> <span class='ocrx_word' id='word_1_447' title='bbox 1538 4145 1569 4209; x_wconf 89' lang='lat' dir='ltr'>iu</span> 
     </span>
     <span class='ocr_line' id='line_1_43' title="bbox 216 4232 1567 4319; baseline 0 -23"><span class='ocrx_word' id='word_1_448' title='bbox 216 4234 390 4316; x_wconf 88' lang='lat' dir='ltr'>principio,</span> <span class='ocrx_word' id='word_1_449' title='bbox 424 4253 489 4298; x_wconf 89' lang='lat' dir='ltr'>cnm</span> <span class='ocrx_word' id='word_1_450' title='bbox 522 4238 605 4299; x_wconf 90' lang='lat' dir='ltr'>sinus</span> <span class='ocrx_word' id='word_1_451' title='bbox 636 4255 742 4301; x_wconf 86' lang='lat' dir='ltr'>versus</span> <span class='ocrx_word' id='word_1_452' title='bbox 774 4244 805 4300; x_wconf 89' lang='lat' dir='ltr'>et</span> <span class='ocrx_word' id='word_1_453' title='bbox 834 4257 944 4319; x_wconf 89' lang='lat' dir='ltr'>parvus</span> <span class='ocrx_word' id='word_1_454' title='bbox 976 4246 1023 4299; x_wconf 90' lang='lat' dir='ltr'>est</span> <span class='ocrx_word' id='word_1_455' title='bbox 1064 4246 1096 4299; x_wconf 89' lang='lat' dir='ltr'>et</span> <span class='ocrx_word' id='word_1_456' title='bbox 1126 4256 1221 4319; x_wconf 87' lang='lat' dir='ltr'>parua</span> <span class='ocrx_word' id='word_1_457' title='bbox 1253 4234 1344 4295; x_wconf 88' lang='lat' dir='ltr'>babet</span> <span class='ocrx_word' id='word_1_458' title='bbox 1372 4232 1567 4311; x_wconf 82' lang='lat' dir='ltr'>incrementa,</span> 
     </span>
     <span class='ocr_line' id='line_1_44' title="bbox 226 4320 1568 4409; baseline 0.001 -24"><span class='ocrx_word' id='word_1_459' title='bbox 226 4322 349 4386; x_wconf 91' lang='lat' dir='ltr'>dimidio</span> <span class='ocrx_word' id='word_1_460' title='bbox 378 4324 488 4387; x_wconf 84' lang='lat' dir='ltr'>minus·</span> <span class='ocrx_word' id='word_1_461' title='bbox 505 4325 643 4400; x_wconf 86' lang='lat' dir='ltr'>exhibet,</span> <span class='ocrx_word' id='word_1_462' title='bbox 674 4346 763 4409; x_wconf 91' lang='lat' dir='ltr'>quam</span> <span class='ocrx_word' id='word_1_463' title='bbox 793 4346 908 4391; x_wconf 88' lang='lat' dir='ltr'>summa</span> <span class='ocrx_word' id='word_1_464' title='bbox 940 4326 1065 4389; x_wconf 89' lang='lat' dir='ltr'>sinuum.</span> <span class='ocrx_word' id='word_1_465' title='bbox 1112 4326 1200 4389; x_wconf 87' lang='lat' dir='ltr'>Ecce.</span> <span class='ocrx_word' id='word_1_466' title='bbox 1255 4320 1373 4406; x_wconf 72' lang='lat' dir='ltr'>Capiat</span> <span class='ocrx_word' id='word_1_467' title='bbox 1402 4323 1568 4407; x_wconf 65' lang='lat' dir='ltr'>mandram</span> 
     </span>
     <span class='ocr_line' id='line_1_45' title="bbox 221 4408 1568 4496; baseline -0.002 -18"><span class='ocrx_word' id='word_1_468' title='bbox 221 4408 424 4496; x_wconf 69' lang='lat' dir='ltr'>portasset</span> <span class='ocrx_word' id='word_1_469' title='bbox 471 4414 603 4479; x_wconf 79' lang='lat' dir='ltr'>Summo</span> <span class='ocrx_word' id='word_1_470' title='bbox 625 4411 668 4479; x_wconf 87' lang='grc'>90</span> <span class='ocrx_word' id='word_1_471' title='bbox 694 4418 820 4480; x_wconf 59' lang='lat' dir='ltr'>anuum</span> <span class='ocrx_word' id='word_1_472' title='bbox 846 4424 893 4481; x_wconf 82' lang='lat' dir='ltr'>ost</span> <span class='ocrx_word' id='word_1_473' title='bbox 915 4411 1078 4479; x_wconf 82' lang='grc'>5789431.</span> <span class='ocrx_word' id='word_1_474' title='bbox 1125 4414 1203 4479; x_wconf 87' lang='lat' dir='ltr'>Jum</span> <span class='ocrx_word' id='word_1_475' title='bbox 1233 4411 1310 4477; x_wconf 82' lang='lat' dir='ltr'>olim</span> <span class='ocrx_word' id='word_1_476' title='bbox 1339 4414 1423 4475; x_wconf 79' lang='lat' dir='ltr'>enlm</span> <span class='ocrx_word' id='word_1_477' title='bbox 1450 4412 1568 4477; x_wconf 79' lang='lat' dir='ltr'>addidi</span> 
     </span>
     <span class='ocr_line' id='line_1_46' title="bbox 225 4501 1567 4587; baseline -0.001 -21"><span class='ocrx_word' id='word_1_478' title='bbox 225 4523 331 4566; x_wconf 80' lang='lat' dir='ltr'>omnes</span> <span class='ocrx_word' id='word_1_479' title='bbox 359 4501 481 4566; x_wconf 79' lang='lat' dir='ltr'>ordina.</span> <span class='ocrx_word' id='word_1_480' title='bbox 527 4503 659 4585; x_wconf 78' lang='lat' dir='ltr'>Summo</span> <span class='ocrx_word' id='word_1_481' title='bbox 684 4507 815 4570; x_wconf 50' lang='lat' dir='ltr'>*nauum</span> <span class='ocrx_word' id='word_1_482' title='bbox 843 4508 880 4570; x_wconf 80' lang='lat' dir='ltr'>in</span> <span class='ocrx_word' id='word_1_483' title='bbox 912 4524 990 4569; x_wconf 81' lang='lat' dir='ltr'>oron</span> <span class='ocrx_word' id='word_1_484' title='bbox 1017 4501 1061 4580; x_wconf 82' lang='lat'>1⁰,</span> <span class='ocrx_word' id='word_1_485' title='bbox 1091 4504 1147 4568; x_wconf 76' lang='lat' dir='ltr'>lenc</span> <span class='ocrx_word' id='word_1_486' title='bbox 1177 4510 1223 4567; x_wconf 84' lang='lat' dir='ltr'>est</span> <span class='ocrx_word' id='word_1_487' title='bbox 1250 4504 1340 4567; x_wconf 57' lang='lat' dir='ltr'>&amp;aas</span> <span class='ocrx_word' id='word_1_488' title='bbox 1366 4502 1494 4587; x_wconf 57' lang='lat' dir='ltr'>primus</span> <span class='ocrx_word' id='word_1_489' title='bbox 1521 4508 1567 4565; x_wconf 75' lang='lat' dir='ltr'>at</span> 
     </span>
     <span class='ocr_line' id='line_1_47' title="bbox 228 4584 1567 4667; baseline -0.001 -12"><span class='ocrx_word' id='word_1_490' title='bbox 228 4584 322 4667; x_wconf 72' lang='lat'>1745,</span> <span class='ocrx_word' id='word_1_491' title='bbox 346 4600 375 4656; x_wconf 86' lang='lat' dir='ltr'>ct</span> <span class='ocrx_word' id='word_1_492' title='bbox 395 4598 432 4656; x_wconf 81' lang='lat' dir='ltr'>ut</span> <span class='ocrx_word' id='word_1_493' title='bbox 452 4587 657 4658; x_wconf 71' lang='lat' dir='ltr'>utoaommo</span> <span class='ocrx_word' id='word_1_494' title='bbox 671 4595 716 4659; x_wconf 85' lang='lat' dir='ltr'>ud</span> <span class='ocrx_word' id='word_1_495' title='bbox 732 4596 824 4667; x_wconf 82' lang='lat' dir='ltr'>bunc,</span> <span class='ocrx_word' id='word_1_496' title='bbox 846 4596 894 4658; x_wconf 79' lang='lat' dir='ltr'>sic</span> <span class='ocrx_word' id='word_1_497' title='bbox 915 4590 1044 4657; x_wconf 89' lang='grc'>100000</span> <span class='ocrx_word' id='word_1_498' title='bbox 1062 4594 1107 4657; x_wconf 83' lang='lat' dir='ltr'>od</span> <span class='ocrx_word' id='word_1_499' title='bbox 1121 4589 1174 4657; x_wconf 92' lang='grc'>30.</span> <span class='ocrx_word' id='word_1_500' title='bbox 1214 4592 1332 4655; x_wconf 74' lang='grc' dir='ltr'>θοηιια</span> <span class='ocrx_word' id='word_1_501' title='bbox 1350 4592 1441 4655; x_wconf 74' lang='lat' dir='ltr'>sium</span> <span class='ocrx_word' id='word_1_502' title='bbox 1456 4610 1567 4654; x_wconf 79' lang='lat' dir='ltr'>ocreas</span> 
     </span>
     <span class='ocr_line' id='line_1_48' title="bbox 209 4676 1559 4767; baseline -0.005 -16"><span class='ocrx_word' id='word_1_503' title='bbox 209 4680 414 4767; x_wconf 71' lang='lat' dir='ltr'>quadrantis</span> <span class='ocrx_word' id='word_1_504' title='bbox 436 4687 482 4743; x_wconf 83' lang='lat' dir='ltr'>est</span> <span class='ocrx_word' id='word_1_505' title='bbox 507 4678 645 4759; x_wconf 89' lang='grc'>100000,</span> <span class='ocrx_word' id='word_1_506' title='bbox 667 4686 757 4749; x_wconf 66' lang='lat' dir='ltr'>daus</span> <span class='ocrx_word' id='word_1_507' title='bbox 777 4704 885 4749; x_wconf 72' lang='lat' dir='ltr'>masa</span> <span class='ocrx_word' id='word_1_508' title='bbox 909 4678 945 4746; x_wconf 80' lang='lat'>1⁰</span> <span class='ocrx_word' id='word_1_509' title='bbox 960 4690 1005 4747; x_wconf 83' lang='lat' dir='ltr'>est</span> <span class='ocrx_word' id='word_1_510' title='bbox 1022 4678 1072 4759; x_wconf 88' lang='grc'>15,</span> <span class='ocrx_word' id='word_1_511' title='bbox 1096 4682 1180 4767; x_wconf 82' lang='lat' dir='ltr'>quod</span> <span class='ocrx_word' id='word_1_512' title='bbox 1201 4690 1246 4745; x_wconf 81' lang='lat' dir='ltr'>eat</span> <span class='ocrx_word' id='word_1_513' title='bbox 1269 4680 1438 4744; x_wconf 77' lang='lat' dir='ltr'>dimidium</span> <span class='ocrx_word' id='word_1_514' title='bbox 1453 4680 1493 4743; x_wconf 83' lang='lat' dir='ltr'>dc</span> <span class='ocrx_word' id='word_1_515' title='bbox 1508 4676 1559 4745; x_wconf 87' lang='grc'>30.</span> 
     </span>
    </p>

    <p class='ocr_par' dir='ltr' id='par_1_15' title="bbox 223 4766 1562 5042">
     <span class='ocr_line' id='line_1_49' title="bbox 309 4766 1562 4856; baseline -0.002 -23"><span class='ocrx_word' id='word_1_516' title='bbox 309 4772 378 4834; x_wconf 84' lang='lat' dir='ltr'>Hoc</span> <span class='ocrx_word' id='word_1_517' title='bbox 401 4766 610 4851; x_wconf 76' lang='grc' dir='ltr'>ἆγιωμιιρηιῳ</span> <span class='ocrx_word' id='word_1_518' title='bbox 633 4780 664 4835; x_wconf 92' lang='lat' dir='ltr'>et</span> <span class='ocrx_word' id='word_1_519' title='bbox 685 4775 824 4856; x_wconf 86' lang='lat' dir='ltr'>peccanti</span> <span class='ocrx_word' id='word_1_520' title='bbox 849 4772 996 4854; x_wconf 90' lang='lat' dir='ltr'>principio</span> <span class='ocrx_word' id='word_1_521' title='bbox 1027 4772 1121 4834; x_wconf 88' lang='lat' dir='ltr'>lector</span> <span class='ocrx_word' id='word_1_522' title='bbox 1144 4771 1218 4833; x_wconf 85' lang='lat' dir='ltr'>nihil</span> <span class='ocrx_word' id='word_1_523' title='bbox 1241 4768 1437 4831; x_wconf 87' lang='lat' dir='ltr'>deterreatur.</span> <span class='ocrx_word' id='word_1_524' title='bbox 1482 4768 1562 4831; x_wconf 87' lang='lat' dir='ltr'>Nam</span> 
     </span>
     <span class='ocr_line' id='line_1_50' title="bbox 224 4856 1562 4943; baseline -0.003 -20"><span class='ocrx_word' id='word_1_525' title='bbox 224 4860 396 4943; x_wconf 89' lang='lat' dir='ltr'>priusquam</span> <span class='ocrx_word' id='word_1_526' title='bbox 420 4858 573 4925; x_wconf 88' lang='lat' dir='ltr'>sensibilis</span> <span class='ocrx_word' id='word_1_527' title='bbox 596 4862 629 4923; x_wconf 92' lang='lat' dir='ltr'>lit</span> <span class='ocrx_word' id='word_1_528' title='bbox 648 4862 746 4942; x_wconf 88' lang='lat' dir='ltr'>portio</span> <span class='ocrx_word' id='word_1_529' title='bbox 769 4860 947 4938; x_wconf 87' lang='lat' dir='ltr'>librationis,</span> <span class='ocrx_word' id='word_1_530' title='bbox 967 4860 1033 4943; x_wconf 89' lang='lat' dir='ltr'>jam</span> <span class='ocrx_word' id='word_1_531' title='bbox 1055 4857 1223 4924; x_wconf 88' lang='lat' dir='ltr'>insensibili</span> <span class='ocrx_word' id='word_1_532' title='bbox 1246 4856 1387 4920; x_wconf 84' lang='lat' dir='ltr'>differunt</span> <span class='ocrx_word' id='word_1_533' title='bbox 1408 4856 1504 4919; x_wconf 90' lang='lat' dir='ltr'>utrius</span> <span class='ocrx_word' id='word_1_534' title='bbox 1525 4874 1562 4919; x_wconf 89' lang='lat' dir='ltr'>ne</span> 
     </span>
     <span class='ocr_line' id='line_1_51' title="bbox 223 4875 1560 5042; baseline -0.001 -31"><span class='ocrx_word' id='word_1_535' title='bbox 223 4942 304 5012; x_wconf 88' lang='lat' dir='ltr'>modi</span> <span class='ocrx_word' id='word_1_536' title='bbox 327 4948 460 5013; x_wconf 81' lang='lat' dir='ltr'>effectus.</span> <span class='ocrx_word' id='word_1_537' title='bbox 501 4946 588 5042; x_wconf 65' lang='lat' dir='ltr'>Nem</span> <span class='ocrx_word' id='word_1_538' title='bbox 610 4967 733 5016; x_wconf 73' lang='lat' dir='ltr'>mmm</span> <span class='ocrx_word' id='word_1_539' title='bbox 753 4950 882 5017; x_wconf 62' lang='lat' dir='ltr'>dacum</span> <span class='ocrx_word' id='word_1_540' title='bbox 907 4947 956 5027; x_wconf 81' lang='lat' dir='ltr'>lb,</span> <span class='ocrx_word' id='word_1_541' title='bbox 980 4966 1062 5033; x_wconf 77' lang='lat' dir='ltr'>quoe</span> <span class='ocrx_word' id='word_1_542' title='bbox 1079 4954 1125 5015; x_wconf 79' lang='lat' dir='ltr'>est</span> <span class='ocrx_word' id='word_1_543' title='bbox 1142 4940 1282 5023; x_wconf 76' lang='grc'>008160,</span> <span class='ocrx_word' id='word_1_544' title='bbox 1306 4941 1441 5013; x_wconf 69' lang='lat' dir='ltr'>emuniit</span> <span class='ocrx_word' id='word_1_545' title='bbox 1463 4875 1560 5011; x_wconf 67' lang='lat' dir='ltr'>tait.</span> 
     </span>
    </p>
   </div>
   <div class='ocr_carea' id='block_1_9' title="bbox 0 0 1764 5525">
    <p class='ocr_par' dir='ltr' id='par_1_16' title="bbox 0 0 1764 5525">
     <span class='ocr_line' id='line_1_52' title="bbox 0 0 1764 5525; baseline 0 6"><span class='ocrx_word' id='word_1_546' title='bbox 0 0 1764 5525; x_wconf 95' lang='lat' dir='ltr'> </span> 
     </span>
    </p>
   </div>
  </div>
 </body>
</html>
