3517 5525
593 422 655 476 l’ars
673 420 796 479 &cunta
833 424 917 494 capnt
933 376 999 481 nm.
1407 428 1471 497 263

212 590 400 661 Occasioues
421 603 533 676 autem,
556 602 664 685 quibas
681 603 747 667 heri
768 611 880 686 potest,
903 613 936 669 nt
950 607 1029 669 salsa
1051 606 1228 690 hypothesis
1251 626 1353 671 veram
1368 628 1471 673 aemn-

118 678 203 743 term
226 683 307 747 intra
329 705 437 751 sensus
460 689 659 755 subtilitatem
681 692 763 755 circa
785 694 1013 776 longitudinem,
1033 696 1095 777 jum
1119 695 1342 761 demonstrabo.

19 837 20 852 ἶ
210 770 323 839 PcrA
351 784 485 840 centrum
516 780 619 843 mnudi
646 790 732 845 recta
753 782 814 846 ΜΡ

18 863 20 872 ”
117 856 262 937 q'iciatur
297 864 329 925 in
362 866 519 947 oppositas
548 870 666 935 aodiaci
696 879 812 953 partes,

17 953 18 958 ’
117 950 513 1031 putain29⁰tletx
550 959 815 1043 Etestontper

118 1056 226 1103 veram
239 1040 372 1125 aliquam
386 1034 567 1128 hypothesin
585 1050 710 1131 planeta
721 1050 813 1113 dimi-

119 1128 170 1191 dio
205 1132 255 1193 sui
285 1134 430 1215 temporis
462 1136 542 1201 inter
569 1138 666 1202 lineas
695 1138 760 1202 AM
782 1148 814 1202 et

119 1218 178 1281 ΔΡ
221 1231 361 1285 versetur
396 1224 436 1286 ad
473 1227 648 1305 sinistram,
689 1228 813 1292 dimidio

118 1307 240 1389 reliquo
261 1311 301 1373 ad
314 1310 463 1390 dextram,
486 1317 531 1379 sic
545 1324 580 1379 ut
603 1336 721 1399 semper
741 1326 815 1399 post

120 1397 280 1463 dimidium
315 1402 461 1483 temporis
498 1406 679 1474 restitutorii
711 1408 754 1469 sit
783 1406 815 1469 in

119 1485 212 1551 lineis
232 1489 321 1566 (AM,
337 1488 410 1574 ΛΡ)
433 1493 579 1557 alternis:
603 1497 698 1560 ethic
715 1496 815 1579 parti-
859 1504 879 1557 Ι
1114 1543 1155 1594 7
1401 1551 1434 1574 v.

121 1576 237 1641 muris
252 1579 379 1643 effectus
387 1600 478 1645 verae
492 1584 697 1668 hypotheseos
711 1605 815 1649 suma-
885 1653 886 1656 ,
1080 1541 1208 1728 &Ab
1409 1566 1433 1678 L

120 1673 170 1728 tur
214 1668 430 1749 exprimendus
464 1690 519 1754 per
556 1674 648 1737 aliam
683 1675 816 1757 aliquam
884 1667 891 1748 l
1163 1655 1253 1771 ’ἡ
1400 1663 1435 1838 Al

1169 1544 1241 1640 'll

121 1756 278 1820 iuventam
301 1758 493 1842 hypothesin.
539 1764 667 1847 Itaque,
698 1764 815 1847 qualis·
872 1711 919 1826 L
1020 1588 1425 1930 ‘Aa‘

119 1864 238 1929 cunque
267 1848 398 1913 circulus
425 1852 556 1915 sutria
583 1854 646 1917 alia
675 1861 816 1917 tortuosa
892 1831 1426 2099 »πήδη

119 1938 277 1999 scribatur
298 1947 402 2003 cenbo
424 1940 456 2005 in
479 1940 560 2005 linea
580 1942 640 2005 MP
662 1950 814 2023 suscepto,
941 1939 975 1984 ff
1343 1947 1371 1992 ἦ

120 2024 286 2090 dummodo
314 2028 341 2091 is
368 2030 399 2092 A
430 2039 567 2095 centrum
595 2033 699 2095 mundi
730 2050 816 2095 com·
1161 2059 1173 2100 ι

3 2133 4 2140 “
120 2115 274 2195 plectatur
292 2124 324 2182 et
339 2118 453 2183 alinea
465 2122 526 2183 MP
544 2122 576 2184 in
594 2122 653 2184 duo
676 2120 816 2205 aequalia

121 2213 253 2282 secatur,
276 2206 330 2270 det
351 2209 431 2291 qnod
453 2218 503 2273 est
523 2210 722 2292 propositum,
745 2211 815 2290 pla-

121 2302 194 2357 neta
212 2296 357 2360 cuculum
380 2300 532 2381 aequabili
549 2308 633 2364 motu
652 2299 718 2384 (qni
734 2300 817 2363 circa
921 2354 924 2359 .

121 2402 214 2448 unum
249 2386 372 2469 aliquod
407 2397 550 2471 punctum
579 2390 611 2453 in
642 2390 725 2453 linea
754 2388 815 2452 MP
1143 2398 1164 2452 r

122 2494 178 2538 seu
212 2474 306 2539 lixum
339 2496 395 2540 seu
429 2498 540 2561 vagum
574 2480 724 2561 regularis
757 2478 814 2554 sit)

123 2564 306 2629 remetiente:
338 2573 373 2629 nt
394 2567 421 2630 si
448 2576 552 2632 centro
574 2570 606 2632 A
628 2568 778 2632 scribatur
809 2575 842 2631 et
865 2566 1037 2649 aequaliter
1067 2570 1224 2629 moveatur
1247 2562 1302 2628 ΟΡ
1334 2562 1473 2627 circulus.

123 2652 182 2716 Est
203 2655 298 2737 igitur
327 2656 443 2738 aliquid
466 2658 603 2722 omnibus
624 2658 674 2721 his
697 2657 819 2721 circulis
842 2657 971 2740 aliisque
993 2656 1098 2737 liguris
1126 2674 1297 2730 commune,
1319 2673 1374 2736 per
1396 2652 1475 2737 qnod

123 2742 157 2808 id
178 2744 340 2823 obtinetur,
363 2746 443 2830 quod
465 2756 533 2811 erat
552 2747 750 2830 propositum,
773 2767 880 2831 nempe
902 2747 979 2811 hoo:
1004 2754 1039 2810 nt
1060 2753 1194 2810 centrum
1216 2742 1319 2808 mnudi
1341 2742 1476 2809 ambiant

126 2829 157 2897 et
185 2833 269 2897 circa
299 2836 422 2919 aliquod
451 2845 594 2920 punctum
616 2838 649 2900 in
677 2838 759 2900 linea
779 2839 840 2900 MP
869 2836 1050 2917 regulariter
1079 2844 1158 2900 eant
1204 2835 1276 2900 Jam
1304 2835 1400 2915 ligura
1426 2834 1476 2896 vel

127 2924 257 2988 circulus
279 2924 329 2988 hio
350 2927 401 2988 vel
423 2927 495 3003 ille,
526 2935 669 3009 punctum
702 2925 898 3008 aequalitatis
921 2925 978 2989 hoo
1001 2926 1051 2989 vel
1079 2925 1173 2996 illud,
1197 2942 1235 2986 ex
1257 2923 1296 2986 iis
1320 2943 1395 3007 quae
1419 2924 1474 2987 sub
1524 2929 1540 2982 .'

125 3015 230 3077 eodem
254 3032 363 3094 genere
386 3016 687 3097 comprehenduntur,
711 3016 823 3080 falsum
846 3033 916 3078 esse
938 3023 1050 3096 potest
1096 3015 1142 3078 At
1162 3012 1373 3090 efficiebamus,
1396 3015 1476 3095 qnod

122 3111 188 3166 crat
209 3103 414 3186 propositum,
445 3125 506 3168 non
532 3106 688 3188 perhanc
719 3105 830 3168 falsam
853 3104 1000 3186 speciem,
1031 3105 1087 3167 sed
1113 3103 1231 3185 perid,
1262 3103 1342 3185 qnod
1364 3101 1395 3164 in
1417 3103 1474 3170 hac

122 3199 270 3274 usurpata
293 3194 374 3257 falsa
396 3195 496 3276 specie
518 3194 660 3277 generale
682 3213 787 3256 verum
809 3194 917 3256 inerat

209 3283 444 3365 Progrediamur
468 3284 549 3366 jam,
579 3291 613 3345 et
639 3283 682 3346 sit
706 3289 742 3346 ut
765 3283 891 3364 planeta
917 3287 990 3363 post
1016 3287 1140 3362 quartas
1161 3282 1307 3363 temporis
1330 3282 1362 3345 iu
1384 3282 1474 3350 lineis

122 3373 203 3450 ΔΜ,
224 3373 303 3451 ΑΚ,
325 3375 399 3449 AP,
422 3372 481 3436 AL
506 3379 659 3449 versetur,
687 3389 795 3454 nempe
822 3369 1022 3434 existentibus
1044 3370 1158 3446 MAK,
1194 3371 1289 3435 MAL
1309 3371 1474 3440 minoribus

123 3481 212 3545 quam
234 3470 306 3525 sunt
327 3463 404 3525 recti
426 3462 539 3544 anguli.
584 3461 644 3525 Hic
665 3462 758 3542 igitur
778 3461 862 3544 prior
886 3461 1014 3525 circulus
1033 3459 1088 3525 ΟΡ
1106 3461 1260 3524 aberrabit
1272 3463 1351 3543 apud
1366 3463 1471 3528 latera.

122 3552 205 3627 Quia
233 3552 312 3614 enim
340 3552 508 3636 ponebatm
537 3551 619 3615 circa
645 3559 781 3615 centrum
801 3550 833 3613 A
853 3550 1021 3632 regularis,
1045 3557 1115 3613 acta
1137 3549 1229 3631 igitur
1250 3559 1335 3616 recta
1356 3571 1410 3634 par
1431 3554 1472 3632 A,

121 3661 199 3725 qnae
228 3639 271 3704 sit
291 3641 550 3726 perpendicularis
572 3642 612 3703 ad
633 3641 708 3716 MP,
738 3659 846 3722 nempe
867 3641 945 3715 VX,
973 3641 1046 3704 lieut
1067 3639 1172 3718 MAV,
1196 3639 1293 3706 MAX
1314 3661 1472 3707 mensurae

121 3739 297 3814 quartarum
317 3730 473 3813 temporis.
518 3729 567 3793 Ac
587 3730 714 3813 proinde
735 3729 812 3792 haec
833 3728 1012 3812 hypothesis
1034 3737 1195 3813 reponeret
1215 3730 1369 3813 planetam
1383 3731 1415 3798 in
1431 3734 1471 3795 li-

124 3841 201 3884 neas
222 3820 297 3898 AV,
319 3821 402 3885 AX:
426 3819 529 3883 debuit
550 3819 582 3883 in
603 3820 674 3896 ΑΚ,
697 3818 764 3883 AL.

210 3911 259 3975 Ac
289 3927 357 3972 oum
385 3893 580 3990 experientia·
600 3915 749 3985 testetur,
792 3914 893 3970 motus
923 3907 1113 3988 planetarum
1143 3907 1271 3972 circulos
1303 3911 1471 3978 certissime

120 4001 266 4064 affectare
289 3998 364 4073 (etsi
385 4019 445 4061 non
466 3999 557 4080 plane
580 4017 634 4060 eos
647 3999 777 4092 forsitan
790 3999 1016 4078 assequantur),
1040 3996 1139 4081 sitque
1152 3997 1322 4079 hujusmodi
1339 4009 1473 4068 motuum

120 4097 249 4164 amma,
284 4088 469 4170 pedetentim
499 4087 615 4150 intendi
643 4088 836 4168 remittique,
865 4085 942 4149 nihil
973 4087 1132 4151 admittere
1154 4086 1357 4154 subitaneum:
1389 4112 1472 4158 error

120 4179 216 4262 igitur
236 4178 326 4260 hrajns
347 4177 553 4260 hypotheseos
573 4177 678 4239 cucah
691 4177 747 4241 ΟΡ
768 4175 959 4238 alincaAM
973 4177 1119 4258 paulatim
1130 4176 1262 4259 incipiet,
1285 4180 1354 4243 inde
1373 4183 1471 4266 magis

121 4269 279 4351 magisque
309 4265 468 4348 augebitur
499 4274 531 4329 et
552 4264 584 4329 in
605 4265 666 4330 AR
687 4268 741 4329 het
760 4263 923 4340 maximus,
956 4265 1121 4349 iterumque
1142 4267 1289 4349 paulatim
1311 4281 1473 4338 evanescet

121 4357 155 4423 in
177 4359 242 4424 ΑΡ.
287 4356 371 4438 lirgo
393 4354 571 4439 hypothesis
592 4354 759 4439 aequabilis
783 4359 817 4416 et
837 4355 1028 4419 concentrica
1050 4356 1105 4420 ΟΡ
1126 4357 1264 4439 nuspiam
1278 4360 1471 4446 pluspecca-

120 4447 170 4512 bit
190 4463 281 4531 qnam
301 4445 333 4508 in
355 4445 426 4521 Ali,
448 4445 516 4521 AL,
539 4444 659 4526 angulis
679 4441 783 4520 KAV,
805 4442 905 4520 LAX,
928 4444 979 4527 qni
1001 4445 1124 4508 suntin
1145 4447 1245 4510 Marte
1271 4443 1351 4534 10¹1,
1361 4447 1382 4514 ⁰.

213 4533 263 4602 Sit
282 4534 376 4617 igitur
393 4535 458 4615 jam
472 4533 534 4596 alia
546 4533 734 4616 hypothesis,
757 4549 834 4615 quae
851 4529 940 4596 nobis
954 4534 1075 4615 insuper
1090 4535 1181 4598 stiam
1199 4537 1298 4602 lineas
1319 4540 1390 4618 ΑΚ,
1412 4542 1470 4606 AL

122 4627 277 4691 exhibeat
328 4625 460 4690 Rursum
492 4629 592 4686 autem
622 4621 725 4684 variae
756 4637 825 4684 esse
850 4629 979 4703 possunt
1009 4623 1205 4706 hypotheses,
1236 4631 1312 4710 qnae
1341 4629 1373 4692 id
1401 4632 1469 4696 effi-

122 4717 216 4780 ciant
260 4715 341 4779 Nam
362 4731 520 4796 possemus
542 4719 719 4775 connectere
740 4717 861 4790 puncta,
885 4711 935 4774 ubi
952 4713 1022 4789 ΑΚ,
1045 4712 1104 4776 AL
1125 4723 1230 4782 secant
1243 4717 1385 4783 circulum
1403 4720 1468 4799 ΟΡ,

123 4815 158 4871 et
176 4804 231 4870 ubi
250 4804 328 4869 haec
349 4811 435 4867 recta
457 4808 544 4865 secat
563 4808 678 4865 rectam
699 4799 769 4876 ΜΡ,
792 4799 834 4863 bi
855 4817 967 4882 ponere
989 4821 1146 4884 possemus
1167 4813 1308 4888 puuctum
1330 4810 1468 4892 aequali·
1508 4831 1514 4858 ι

121 4896 200 4960 tatia
229 4899 330 4960 motus
352 4892 457 4958 circuli
478 4891 551 4966 ΟΡ,
578 4889 622 4955 aio
652 4898 688 4955 nt
708 4896 809 4953 motus
831 4887 935 4955 circuli
957 4891 1012 4956 ΟΡ
1033 4892 1087 4956 hat
1110 4893 1296 4977 inaequalis3
1318 4903 1389 4962 tnnc
1411 4900 1468 4962 ob-

123 4985 290 5050 tineremus
311 4981 404 5048 etiam
425 4981 523 5046 Ausus
542 4978 614 5059 ΔΚ,
636 4979 704 5049 AL·
748 4976 813 5046 seu
834 4976 905 5063 quia
926 4978 1032 5063 genius
1054 4981 1174 5067 quidem
1196 5002 1251 5048 nos
1267 4984 1368 5068 jubet,
1392 4987 1467 5054 sim-
