3517 5525
580 411 765 477 ruscum
801 411 979 482 omasum
1385 414 1450 486 ³95
1483 401 1488 406 '

106 607 206 670 neque
218 589 376 654 collimant
395 591 538 674 pransae
550 593 591 656 ad
612 593 656 658 B.·
677 591 730 659 ,Et
751 591 797 656 sia
813 591 915 673 ipsum
940 593 964 654 B
989 592 1075 674 quasi
1090 593 1225 658 centrum
1238 593 1388 676 posterius
1404 603 1452 660 eat

104 679 175 763 ipso
206 678 313 744 itinere
338 679 403 745 cl).
449 679 483 744 Si
506 700 577 744 vero
607 682 802 762 inspiceretur
824 702 844 744 a
864 683 1005 764 planeta,
1027 683 1112 763 prius
1141 692 1223 745 esset
1250 685 1315 762 ipsa
1334 683 1451 748 itinere.

193 768 250 832 His
279 768 380 852 itaque
409 769 569 834 decausis
598 789 675 852 nego
707 770 827 834 sinum
853 790 1001 834 versum
1031 772 1245 838 anomaliae
1279 774 1453 836 cocentri

105 877 314 922 mensuram
344 856 638 923 subministrare
669 859 844 939 planetae
875 859 1106 925 librationis
1139 880 1241 938 suae,
1274 881 1334 924 non
1367 863 1447 944 quod

104 946 183 1010 baec
203 965 345 1011 mensura
365 968 425 1010 nou
446 948 497 1024 sit,
521 950 575 1012 sed
595 949 674 1030 quia,
698 948 755 1012 etsi
778 949 828 1024 sit,
852 969 871 1010 a
894 949 1033 1029 planetae
1063 957 1163 1014 ιιιιιι
1195 958 1295 1014 mente
1318 971 1377 1016 nou
1400 971 1451 1014 re-

104 1034 242 1117 spicitur.
277 1037 323 1100 At
345 1037 372 1100 ai
393 1038 561 1118 aagendam
583 1047 616 1101 et
636 1037 826 1101 minuendam
840 1037 923 1106 Salis
947 1039 1123 1102 diametrum
1145 1039 1284 1119 planetae
1312 1039 1451 1120 ponimus

102 1143 160 1204 pra
182 1125 281 1188 medio
297 1145 351 1189 seu
366 1127 555 1196 adminicula,
577 1146 631 1208 per
644 1125 722 1208 quad
744 1126 784 1190 ad
801 1127 903 1206 justae
927 1135 959 1189 et
980 1147 1013 1188 se
1027 1127 1102 1207 ipsis
1125 1128 1376 1209 imperceptibiles
1399 1128 1449 1190 di-

104 1215 235 1283 stantiae
258 1213 323 1294 ipse
346 1215 556 1281 libratiauibue
579 1216 641 1279 suis
670 1214 823 1296 pervenit,
854 1213 982 1296 huicque
1006 1217 1151 1280 dmmetro
1174 1217 1256 1280 Solis
1287 1218 1449 1280 variandae

102 1321 143 1366 ex
156 1303 414 1369 demonstratione
436 1305 570 1384 proxime
591 1304 733 1385 expedita
750 1305 886 1384 regulam
903 1305 1008 1367 demus
1023 1312 1055 1367 et
1072 1325 1247 1382 mensuram
1270 1328 1288 1368 a
1311 1309 1450 1386 planetae

101 1400 203 1454 mente
224 1391 447 1474 percipiendam
470 1393 650 1459 momeliam
672 1393 801 1456 ecceutri
822 1401 1033 1474 coaequatam,
1064 1393 1094 1474 iu
1118 1395 1269 1458 schemata
1292 1395 1378 1458 DAO
1402 1396 1453 1458 vel

101 1481 207 1562 potina
228 1481 334 1546 Kos:
352 1483 416 1563 jam
439 1482 532 1563 igitur
553 1490 668 1554 stamus
690 1481 811 1549 rectius.
848 1482 928 1546 Nam
950 1489 1075 1563 utraque
1099 1483 1186 1562 signa
1210 1493 1280 1546 sunt
1301 1484 1451 1564 percepti-

100 1569 196 1632 bilia:
220 1578 365 1652 exparte
388 1571 567 1646 librationis,
591 1590 730 1636 cumaena
753 1577 785 1632 at
807 1571 983 1645 decrescens
1006 1570 1178 1652 magnitudo
1202 1571 1338 1638 diametri
1352 1572 1449 1647 Solis;

104 1678 144 1722 ex
166 1666 253 1740 parte
274 1678 433 1741 mensurae
456 1679 510 1725 seu
522 1661 649 1742 auguli,
682 1661 742 1724 tria
763 1667 875 1740 puncta
897 1658 1072 1742 corporibus
1095 1661 1218 1724 vestita.
1263 1661 1376 1726 Nam
1368 1681 1399 1725 ιι
1420 1665 1452 1728 A

96 1749 172 1830 ,ipse
195 1747 249 1812 Sol
271 1735 329 1825 est,
352 1749 383 1811 in
405 1751 435 1812 D
456 1749 621 1832 planetas
612 1766 644 1812 m
665 1749 695 1811 Κ
717 1750 787 1824 lixa,-
810 1749 901 1813 index
923 1748 1044 1830 aphelii.

191 1838 347 1906 Fortassis
366 1837 468 1919 itaque
484 1838 639 1902 dicendum
658 1837 725 1913 erit,
749 1838 844 1919 (quod
857 1837 975 1919 quidem
989 1835 1093 1917 etjam
1109 1857 1200 1920 supra
1215 1855 1279 1920 cap.
1294 1799 1447 1914 XXXIX,

100 1926 204 2008 posita
226 1945 316 1998 casu,
347 1927 426 2010 quad
448 1935 574 1991 naturae
596 1929 686 1990 uires'-
700 1947 763 1990 uon
793 1927 939 1990 sufficiant
962 1927 1091 1991 mutibus
1115 1926 1295 1992 coelestibus
1316 1926 1447 1990 admini-

99 2015 245 2092 mandis,
269 2035 370 2078 sumus
385 2016 530 2097 amplexi)
545 2017 684 2097 planetae
705 2016 849 2100 tpibutum
864 2034 932 2078 esse
956 2034 1078 2078 sensum
1098 2015 1174 2080 lucis
1196 2017 1322 2080 ιιιιιιι
1342 2017 1443 2080 Salis-

101 2124 170 2187 que,
194 2105 279 2186 cujus
301 2105 500 2179 radiationum
521 2125 667 2168 concursu
696 2104 775 2186 apud
797 2112 931 2168 centrum
957 2104 1117 2184 planetarii
1141 2106 1275 2184 corporis
1304 2107 1447 2187 angulum

99 2194 180 2258 hunc
201 2194 370 2259 anomaliae
394 2202 575 2276 coaequatae
598 2194 747 2257 ιιιιιιιιι

188 2284 259 2346 Una
280 2283 348 2346 sola
370 2283 532 2354 difficultas
551 2291 600 2345 est
620 2284 824 2364 expedienda:
849 2300 959 2366 quam
961 2281 998 2344 ob
1022 2300 1084 2344 rem
1107 2301 1166 2345 non
1188 2282 1268 2344 bic
1260 2301 1324 2361 rpse
1348 2251 1447 2362 angu-
1534 2353 1539 2366 Ι

99 2372 148 2434 ιιι
179 2373 234 2437 fiat
263 2391 404 2436 mensura
429 2373 512 2453 operi
542 2373 727 2453 planetaria,
753 2372 845 2475 qnod
866 2378 916 2434 est
941 2371 990 2433 bie
1022 2389 1131 2450 augere
1160 2370 1339 2434 diametrum
1362 2371 1444 2434 Solis

98 2480 226 2524 accessu
248 2461 288 2525 ad
310 2461 424 2538 Salem,
437 2462 501 2524 ced
523 2480 578 2544 pra
600 2463 710 2543 angulo
733 2461 798 2542 ejus
820 2461 904 2524 siuns
926 2453 1102 2534 versus?*)
1145 2458 1188 2522 Et
1210 2460 1316 2541 quibus
1339 2460 1446 2523 mediis

99 2551 225 2632 planeta
246 2549 343 2613 sinum
365 2551 533 2615 anomaliae
555 2558 739 2631 coaequatae
769 2547 938 2630 percipiat?
981 2547 1128 2612 Utrum
1120 2567 1185 2630 rpse
1215 2568 1331 2632 quaque
1362 2568 1445 2612 more

99 2640 254 2704 homiuum
275 2639 513 2704 ratiocinando
505 2661 536 2702 m
557 2640 748 2721 geometricis
770 2637 931 2720 proficiat?
954 2656 1019 2702 curn
1041 2645 1142 2700 ιιιιιι
1165 2637 1280 2702 nullum
1302 2638 1446 2702 hacteuus

97 2748 208 2794 munus
231 2736 330 2795 motus
348 2730 497 2793 coelestes
525 2727 754 2793 administrandi
777 2727 808 2791 ιι
829 2727 970 2808 planetae
994 2734 1122 2811 mentem
1146 2727 1342 2808 competierit,
1367 2726 1446 2810 quod

98 2839 162 2881 non
182 2818 328 2882 instinctu
350 2817 462 2895 diuino,
485 2818 554 2881 inde
578 2840 598 2880 a
620 2819 773 2899 primaevo
793 2835 894 2879 rerum
915 2816 1035 2881 conditu
1057 2816 1115 2877 huc
1135 2836 1227 2899 usque
1246 2817 1445 2899 pertingente,
1517 2906 1519 2911 Α
1572 2886 1574 2893 χ

99 2908 181 2972 citra
201 2907 462 2971 ratiocinationem
483 2908 578 2972 ullam
600 2906 675 2971 obiri
697 2899 811 2987 posset.

186 2996 397 3079 Repetendum
425 2997 526 3079 itaque
549 3016 587 3059 ex
612 2992 704 3077 paulo
726 2991 922 3075 supradictis,
956 2991 1034 3073 quod
1056 2991 1140 3055 sinus
1163 2992 1330 3057 anomaliae
1353 3012 1444 3057 eoae-

98 3093 210 3169 quatse
236 3086 279 3149 ιιι
308 3084 399 3148 index
423 3086 609 3149 fortitudinis
637 3084 813 3164 angulorum
845 3081 951 3156 KDA,
984 3080 1021 3141 de
1054 3080 1160 3163 quibus
1190 3082 1373 3145 Aristoteles
1413 3083 1445 3145 ιι

96 3173 301 3247 Machanicis,
324 3181 356 3236 et
376 3174 433 3237 baa
456 3176 561 3239 eodem
583 3173 681 3254 capite
703 3172 793 3255 paulo
815 3189 916 3251 supra.
954 3170 1034 3233 Nam
1055 3169 1114 3233 dua
1137 3170 1261 3233 brachia
1283 3170 1445 3235 commissa

96 3266 210 3347 angulo
233 3262 340 3327 obtusa
363 3263 482 3327 facilius
505 3264 681 3344 diriguntur,
705 3279 794 3343 quam
823 3258 933 3339 angulo
955 3264 1055 3333 recto,
1087 3257 1175 3340 idque
1198 3257 1229 3321 in
1251 3259 1444 3340 proportione

97 3356 225 3422 sinuum.
270 3353 313 3416 Et
343 3351 477 3415 vicissim
505 3352 562 3415 duo
595 3350 720 3421 brachia
750 3348 859 3429 angulo
892 3354 980 3409 acuta
1014 3354 1225 3427 coagmentata
1263 3348 1381 3413 facilius
1412 3348 1444 3411 in

96 3462 189 3507 unam
210 3449 324 3507 rectam
346 3449 491 3523 coguntur
514 3440 662 3523 capitibus
684 3438 860 3543 conjunctis,
885 3454 973 3517 quarn
996 3436 1022 3497 si
1045 3434 1154 3516 angulo
1177 3444 1259 3499 recto
1282 3455 1444 3517 coagmen-

95 3539 243 3597 tarentur.
288 3533 405 3613 Repete
429 3528 744 3597 demonstrationem'
736 3546 833 3608 ipsam
855 3544 893 3587 ex
915 3524 1006 3606 paulo
1027 3525 1211 3604 praemissis.

188 3624 296 3705 Itaque
317 3641 376 3683 uno
398 3621 497 3697 modo,
521 3621 547 3684 si
571 3626 704 3697 constet,
727 3617 880 3701 planetam
900 3614 1012 3677 babere
1035 3632 1157 3677 sonsum
1180 3613 1366 3677 fortitudinis
1388 3633 1445 3677 au·

96 3711 246 3793 gulosum,
268 3709 344 3774 nihil
365 3709 425 3772 erit
445 3709 568 3774 absurdi
590 3707 617 3773 ιι
640 3708 773 3773 dicamus
794 3707 916 3779 (nostro
938 3704 1091 3766 hominum
1111 3705 1282 3785 conceptu),
1305 3703 1442 3765 innotes-

98 3820 170 3865 cere
190 3800 236 3863 illi
269 3801 353 3863 sinus
375 3800 560 3880 angulorum.
606 3798 651 3861 At
672 3816 725 3861 cur
755 3795 806 3875 ille
836 3792 1016 3857 sentisceret
1040 3792 1207 3855 naturalem
1235 3791 1442 3855 fortitudinem

97 3888 299 3970 angulorum?
342 3886 489 3951 Nimirum
516 3888 564 3952 ad
577 3887 726 3968 naturalia
747 3869 929 3949 revolvimur
946 3878 1100 3963 principia.
1133 3880 1202 3944 Sint
1215 3878 1293 3944 enim
1308 3888 1342 3943 ut
1359 3879 1443 3961 prius

97 3987 215 4043 tractus
245 3977 321 4041 certi
347 3977 482 4058 corporis
504 3964 679 4057 planetarii,
712 3974 818 4062 quibus
840 3971 914 4035 insit
942 3969 989 4057 vis
1011 3969 1188 4050 magnetica
1206 3968 1419 4034 ιιιιιιιιοιιι
1410 3989 1443 4032 m

98 4070 225 4144 lineam,
248 4086 324 4149 quae
345 4066 473 4129 tendit'
464 4087 496 4131 m
518 4067 629 4130 Salem
675 4063 725 4129 Sit
746 4070 847 4126 antem
863 4060 929 4141 J'am
951 4078 1025 4135 uon,
1053 4068 1088 4122 ut
1109 4060 1202 4163 prius,
1224 4065 1349 4121 naturae
1372 4077 1442 4123 cor-

96 4158 196 4240 poris,
221 4156 275 4219 ιιι
296 4154 419 4230 animali
440 4156 593 4231 facultati,
626 4170 678 4217 seu
701 4171 776 4235 quae
798 4149 877 4231 regit
899 4166 1007 4229 carpus
1030 4146 1167 4231 planetae
1190 4146 1366 4225 intrinsece,
1384 4146 1442 4211 boc

97 4247 258 4322 maurum,
281 4252 325 4323 ut,
348 4244 418 4307 dum
438 4267 459 4309 a
480 4244 563 4381 Sola
574 4240 717 4347 rapitur,
715 4257 813 4305 ιιιιι
837 4239 921 4301 illam
942 4238 1143 4319 magneticum
1165 4237 1204 4301 ad
1226 4238 1348 4301 easdem
1368 4256 1440 4319 per-

187 4484 372 4561 )Plauetaa
395 4504 486 4553 mens,
513 4484 644 4557 siquidem
669 4482 776 4540 intenta
799 4487 844 4536 est
863 4482 898 4535 ad
912 4474 1076 4535 anomaliae
1088 4484 1272 4557 coaequatae
1297 4480 1437 4555 angulum,

98 4562 155 4626 ιιι
175 4569 304 4626 aestimat
330 4569 390 4640 ejus
410 4566 636 4639 magnitudinem,
666 4564 714 4618 aed
733 4563 886 4618 sinum-
926 4544 1153 4623 Quemadmodum
1172 4560 1257 4629 paulo
1278 4569 1342 4616 ante
1363 4562 1438 4617 sinus

98 4656 193 4707 mutus
223 4649 376 4706 waureliae
405 4646 525 4703 accentui
549 4641 609 4717 (vel
633 4644 659 4699 ei
678 4640 868 4713 respondentia
889 4634 1072 4713 coaequatae)
1093 4640 1147 4695 ιιι
1164 4639 1248 4695 index
1272 4641 1437 4697 fortitudinis

98 4731 267 4796 librationis,
297 4730 373 4785 sinna
397 4746 463 4785 vero
482 4742 579 4783 versus
604 4724 757 4782 anomaliae
786 4721 905 4777 sumntn'
924 4720 977 4777 luit
1001 4721 1084 4776 index
1108 4720 1249 4776 aculeatae
1274 4721 1435 4785 librationis,

98 4813 142 4868 ita
160 4812 206 4867 hic
229 4811 304 4867 ainus
328 4809 415 4881 ipsius
440 4807 594 4865 ιιοιιιιιιι
619 4809 789 4876 coaequatae
809 4809 853 4861 eut
872 4803 956 4859 index
982 4800 1145 4866 celeritatis,
1173 4818 1229 4873 qua
1247 4802 1346 4857 mauolt
1364 4801 1436 4857 Salia

98 4892 246 4956 diameter,
271 4890 349 4949 aiam
366 4904 432 4947 rara
458 4902 555 4946 rotata
582 4886 736 4943 mamaliae
760 4888 930 4956 adaequatae
951 4888 995 4939 eat
1014 4881 1096 4937 index
1123 4882 1264 4955 augmemi
1285 4881 1345 4951 jam
1364 4896 1435 4937 aaut·

97 4970 193 5046 parati
212 4985 263 5043 per
282 4984 375 5036 amaea
395 4968 552 5027 alenae·
572 4964 775 5023 antamdmtea.
