3517 5525
278 378 341 447 172
755 380 797 433 De
813 378 922 433 Motibus
946 378 1039 435 saliae
1056 374 1145 437 blattis

274 559 312 635 F]
334 558 450 639 primae
484 559 523 623 sd
555 578 695 625 occasum
724 558 848 624 veniunt
880 560 929 635 [nt
948 558 979 622 Η
1005 577 1060 641 per
1086 558 1144 621 LK
1175 576 1290 622 mrsum
1321 553 1352 623 iu
1375 556 1423 634 11:
1457 558 1624 625 tardiorem

275 647 380 711 Solem
403 648 446 724 [ιιι
469 648 577 726 ΔΒΕΙ,
601 658 635 713 ut
657 650 708 730 qui
730 649 876 731 postridie
898 650 929 711 iu
953 648 979 712 Ε
1003 650 1152 723 existens,
1176 649 1253 710 lixas
1276 648 1290 710 l
1314 648 1352 711 ad
1376 667 1516 713 occasum
1539 648 1623 711 inse-

276 747 393 819 quatur,
417 738 524 821 quibus
548 739 644 820 pridie
663 738 786 820 junctus
809 746 876 801 erat
898 757 952 819 per
974 737 1054 801 HA:
1079 738 1136 801 hoc
1158 736 1266 801 iterum
1291 737 1452 801 tardiorem
1476 737 1624 801 omnium-

275 846 333 907 que
356 826 486 890 siderum
510 828 712 891 tardissimam
735 828 870 903 Lunam3
894 826 1052 908 quiscum
1076 826 1163 891 bodie
1192 846 1257 889 cnm
1281 825 1352 889 Sole
1376 826 1417 901 [in
1442 826 1481 902 A,
1504 826 1571 907 ipsa
1592 828 1623 889 in

274 916 312 990 F]
336 916 534 993 occubuisset,
558 918 703 999 postridie
727 918 824 992 [coelo
847 925 913 979 toto
937 924 969 979 et
990 934 1050 978 una
1072 915 1140 997 ipsa
1162 934 1216 997 per
1231 914 1382 979 FMNOG
1405 914 1486 978 circe
1499 917 1625 979 Terram

274 1004 393 1079 voluta]
417 1004 520 1069 Solem
549 1006 774 1070 occumbentem
798 1007 840 1081 [iu
863 1006 903 1081 Ε]
926 1005 1004 1069 eatis
1033 1024 1142 1086 magno
1175 1006 1337 1068 intervallo
1362 1004 1446 1081 [EG]
1469 1014 1624 1087 sequatur.

275 1093 353 1155 ilinc
369 1094 580 1177 Pythagoraei,
604 1115 671 1158 curn
686 1098 763 1160 iuter
777 1098 879 1158 sidera
897 1095 1026 1157 musicos
1040 1113 1132 1157 sonos
1156 1093 1391 1169 distribuissent,
1414 1094 1625 1177 gravissimam

275 1182 380 1245 Lunae
402 1184 550 1262 tribuere,
583 1194 617 1247 et
637 1185 716 1248 inter
739 1186 823 1267 lyrae
846 1184 976 1248 chordas
998 1184 1150 1267 hypaten,
1182 1191 1345 1265 propterea
1368 1184 1446 1264 quod
1469 1184 1624 1265 utriusque

276 1280 374 1335 motus
399 1272 588 1337 tardissimus
612 1283 704 1337 esset.
750 1274 829 1337 Hinc
852 1280 937 1337 ortae
961 1291 1050 1335 voces
1065 1294 1290 1355 rpoqyoopsroc,
1309 1269 1523 1349 ὑπολειπτιιος,
1548 1292 1624 1354 qua-

189 1425 197 1431 ,
277 1381 343 1424 rnnr
374 1362 428 1425 illa
455 1364 595 1444 primitus
618 1364 646 1426 ei
668 1364 777 1426 stellas
809 1362 996 1444 quadrabat,
1035 1382 1111 1443 quaa
1144 1362 1289 1444 postridie
1319 1363 1400 1442 pn'or
1423 1362 1461 1425 ad
1485 1380 1626 1425 oetaeum

276 1450 417 1513 veniebat
439 1456 488 1525 (ut
508 1452 536 1515 Ε
559 1451 613 1516 Sol
641 1460 780 1532 respectu
804 1451 834 1514 G
857 1452 961 1515 Lunae
990 1451 1147 1515 dicebatur
1168 1454 1418 1532 apoqyuopsroalt
1452 1450 1526 1514 baec
1553 1470 1625 1515 vero

278 1538 386 1601 stellae
409 1542 536 1605 tardiori
558 1540 588 1605 iu
612 1543 708 1623 primo
730 1548 814 1606 motu
838 1542 885 1616 [ut
906 1541 955 1602 hic
977 1538 1108 1615 Lunae],
1133 1542 1220 1622 qussi
1243 1541 1458 1604 destitueretur
1480 1549 1512 1604 et
1534 1541 1624 1604 dere-

276 1629 460 1708 linqueretur
491 1630 533 1707 [iu
558 1626 601 1707 G]
633 1652 654 1693 a
675 1629 869 1695 celerioribus
901 1628 1028 1707 [E,1],
1062 1630 1099 1691 de
1132 1630 1240 1711 quibus
1270 1630 1339 1693 vide
1370 1630 1458 1711 plura
1491 1650 1559 1713 cap.
1582 1630 1624 1693 X.

277 1726 399 1780 nostrae
422 1718 559 1802 Optices.

364 1808 451 1871 Hanc
479 1810 604 1889 primam
627 1808 830 1871 astronomiae
860 1805 1133 1882 adumbrationem,
1172 1827 1248 1890 qnae
1277 1807 1359 1869 nulla
1386 1828 1496 1872 causae
1528 1808 1628 1889 expli-

276 1896 413 1970 catione,
441 1899 508 1963 sola
530 1916 601 1960 vero
624 1906 657 1960 et
679 1896 854 1960 tardissima
876 1897 1027 1959 oculorum
1051 1896 1238 1978 experientia
1260 1905 1397 1973 constat,
1421 1907 1453 1961 et
1475 1918 1551 1979 quae
1574 1918 1630 1961 nec

276 1987 481 2050 schematibus
512 2008 568 2051 nec
597 1987 729 2053 numeris
756 1986 901 2067 explicari
930 1986 1019 2069 inque
1051 1988 1154 2051 futura
1179 1996 1318 2069 tempora
1347 1986 1480 2068 depromi
1513 1996 1625 2067 potest,

279 2093 344 2138 cum
367 2085 513 2158 perpetuo
537 2097 557 2139 a
578 2096 612 2138 se
635 2076 706 2157 ipsa
728 2076 887 2150 dissideat,
912 2075 988 2138 adeo
1012 2083 1045 2139 ut
1068 2077 1152 2139 nulla
1174 2077 1258 2158 spira
1280 2076 1369 2137 alteri
1384 2076 1528 2159 temporis
1542 2094 1628 2139 mora

278 2173 431 2245 aequetur,
457 2167 540 2230 nulla
563 2165 697 2245 ejusdem
721 2166 899 2245 quantitatis
923 2166 1003 2227 flexu
1026 2164 1055 2226 in
1081 2163 1210 2228 vicinam
1230 2170 1383 2240 transeat,
1408 2166 1486 2228 hanc
1507 2165 1628 2246 inquam

278 2253 370 2334 aliqui
407 2265 507 2318 tamen
540 2255 647 2329 bodie,
688 2254 864 2317 conculcato
906 2252 951 2315 bie
983 2253 1065 2316 mille
1103 2272 1246 2317 annorum
1293 2254 1414 2330 labore,
1461 2252 1628 2335 diligentia,

278 2342 462 2421 eruditione,
487 2343 628 2420 scientia,
652 2343 812 2405 restituere
836 2350 990 2419 conantur,
1015 2342 1106 2423 vulgo
1130 2342 1360 2413 admirationem
1383 2343 1440 2418 eni,
1464 2362 1521 2405 nou
1545 2343 1631 2405 irrito

279 2432 360 2513 apud
396 2432 553 2513 imperitos
592 2441 718 2503 conatu,
763 2433 952 2511 ingerentem
999 2450 1073 2512 quos
1109 2433 1268 2512 peritiores
1300 2432 1349 2495 vel
1378 2432 1505 2515 ineptire
1534 2432 1582 2495 vel
1606 2432 1631 2495 si

214 2554 219 2569 ·
278 2520 450 2603 philosophi
473 2522 575 2585 audire
597 2523 711 2597 volunt,
735 2529 769 2584 nt
792 2521 942 2583 Patricius
965 2520 1027 2598 ille,
1051 2538 1118 2583 cum
1141 2521 1258 2584 ratione
1282 2522 1412 2585 insanire
1433 2522 1501 2603 jure
1524 2522 1631 2585 merito

278 2618 416 2673 censent.

367 2697 521 2763 Successit
544 2698 623 2762 enim
646 2696 827 2762 astronomis
850 2705 884 2759 ut
906 2695 1128 2778 intelligerent,
1159 2698 1232 2762 duos
1263 2698 1404 2764 conlundi
1428 2706 1527 2764 mortus
1551 2699 1627 2764 einr-

277 2787 390 2872 plices,
422 2789 549 2871 primum
579 2797 612 2851 et
643 2788 809 2860 secundos,
841 2805 1027 2850 communem
1051 2796 1083 2850 et
1105 2789 1259 2870 proprios,
1292 2809 1329 2852 ex
1363 2809 1422 2872 qua
1453 2789 1626 2852 confusione

278 2879 450 2942 necessario
481 2887 625 2961 sequatur
646 2878 701 2940 illa
731 2878 1020 2957 conglomeratorum
1050 2886 1182 2940 motuum
1215 2897 1350 2942 connexa
1382 2879 1496 2942 series:
1526 2877 1630 2958 itaque

280 2978 422 3048 separato
455 2968 602 3032 communi
625 2967 678 3031 illo
701 2974 733 3029 et
755 2966 944 3030 extrinsecus
976 2965 1151 3029 advenienti
1181 2975 1270 3050 raptu
1302 2963 1432 3043 diurno,
1451 2969 1516 3048 jam
1539 2985 1630 3047 porro

279 3075 338 3120 uon
368 3058 445 3120 lixas
474 3056 700 3131 velocissimae,
724 3056 840 3118 Lunam
864 3055 1087 3134 tardissimam,
1119 3057 1173 3118 sed
1206 3058 1358 3120 contraria
1386 3059 1520 3126 ratione,
1553 3056 1631 3118 hano

281 3147 416 3209 velocem
440 3166 474 3209 se
497 3145 565 3229 ipss
587 3154 620 3209 et
641 3153 724 3209 motu
750 3145 871 3227 proprio
894 3142 966 3220 FG,
995 3145 1069 3207 illas
1093 3147 1183 3224 plane
1210 3145 1260 3208 vel
1287 3146 1479 3210 tardissimus
1503 3146 1550 3208 vel
1574 3145 1631 3208 im·

183 3279 191 3288 -
281 3244 379 3301 motas
403 3255 491 3298 esse:
515 3253 639 3318 cumque
662 3237 786 3316 planeta
809 3233 967 3316 quispiam,
991 3241 1026 3296 ut
1049 3231 1078 3296 G
1103 3236 1204 3316 Luna,
1229 3256 1248 3297 a
1271 3232 1393 3298 Sole'E
1415 3237 1462 3299 vel
1487 3256 1506 3298 a
1527 3235 1594 3296 fixis
1617 3233 1633 3298 I

280 3333 329 3388 est
351 3320 560 3402 ὁπολοιιιιικος,
584 3343 652 3387 enm
670 3325 698 3386 iu
722 3321 979 3404 consequentia*)
1004 3323 1074 3386 ferri
1097 3342 1151 3405 per
1172 3322 1229 3387 FG
1252 3325 1394 3400 celerius,
1419 3343 1506 3405 quam
1530 3323 1631 3388 Solem

282 3434 337 3497 per
358 3415 416 3480 AB
438 3416 487 3479 vei
516 3416 593 3477 lixas
624 3413 762 3494 per-ffl3
795 3419 829 3474 at
859 3413 887 3475 si
909 3431 1125 3494 apoqyoopsroe
1154 3422 1303 3494 appareat
1330 3414 1411 3478 inter
1432 3414 1519 3486 fixas,
1549 3421 1631 3474 motu

283 3505 460 3584 retrogrado
484 3503 642 3568 incedere:
667 3510 701 3564 ut
723 3502 751 3564 si
773 3499 826 3563 Sol
850 3501 880 3562 A
902 3521 968 3564 curn
995 3503 1056 3565 flua
1078 3503 1109 3564 H
1132 3521 1169 3563 ex
1192 3501 1299 3564 iisdem
1332 3503 1429 3584 pridie
1462 3503 1631 3572 carceribus

282 3593 343 3657 ΔΗ
367 3593 504 3668 emissus,
528 3612 582 3674 per
604 3589 716 3654 13an
738 3590 928 3670 pervenisset
949 3609 1041 3672 usqne
1065 3591 1095 3652 in
1119 3591 1154 3665 P,
1178 3591 1237 3654 lixa
1260 3611 1330 3654 vero
1353 3611 1407 3673 per
1429 3593 1516 3654 HLK
1539 3609 1632 3672 usque

283 3683 313 3746 in
338 3682 363 3752 Ι,
387 3681 441 3746 Sol
465 3681 551 3744 unius
574 3680 634 3744 diei
657 3677 757 3760 spatio
779 3697 833 3759 per
855 3679 1047 3744 intervallum
1071 3679 1128 3742 ΑΡ
1149 3682 1386 3744 retrocessiseet.

373 3771 503 3852 Magnus
526 3770 576 3834 hio
598 3769 629 3832 in
653 3768 836 3831 astronomia
866 3769 1019 3848 proiectus
1043 3768 1101 3831 init
1124 3768 1161 3830 ad
1191 3769 1363 3833 discendam
1393 3767 1524 3832 mot'num
1557 3768 1632 3830 eim-

285 3859 463 3941 plicitatem.
509 3859 568 3922 Pro
591 3857 716 3921 infinitis
739 3857 817 3920 enirn
841 3857 940 3942 spiris,
965 3876 1084 3938 semper
1106 3877 1186 3921 nova
1209 3877 1246 3920 ex
1269 3859 1326 3922 fine
1348 3859 1457 3940 prioris
1480 3855 1508 3918 E
1531 3858 1580 3919 eei
1603 3855 1633 3918 G

287 3967 377 4023 nexa,
400 3949 643 4030 relinquebantur
664 3946 774 4027 singuli
787 3965 864 4028 pene
888 3947 989 4009 circuli
1003 3943 1060 4009 FG
1076 3955 1108 4008 et
1122 3939 1180 4010 Ab
1198 3956 1230 4012 et
1245 3968 1319 4012 uuus
1342 3947 1506 4015 communie
1525 3954 1633 4021 motus,

285 4057 341 4100 seu
364 4038 493 4103 omnium
514 4037 705 4121 planetarum
732 4036 883 4118 totiusque
911 4037 986 4101 adeo
1011 4036 1113 4098 muudi
1136 4037 1167 4098 in
1190 4038 1312 4119 plagam
1344 4038 1474 4101 motibus
1506 4035 1635 4118 propriis

286 4128 478 4206 contrariam,
503 4147 559 4192 seu
582 4125 744 4189 secundum
757 4125 968 4188 Aristarchum
991 4133 1092 4188 stante
1116 4127 1235 4201 mundo,
1259 4127 1340 4208 globi
1364 4125 1534 4190 TellurisT
1556 4121 1636 4188 circs

287 4235 374 4279 axem
397 4214 458 4290 ΟΒ
478 4218 509 4280 in
532 4216 654 4298 plagam
678 4215 804 4278 eandem
827 4235 895 4281 cum
917 4216 1045 4298 propriis
1069 4216 1210 4280 motibus.

376 4304 525 4387 Separato
552 4307 618 4389 jam
645 4304 740 4386 primo
771 4312 803 4367 et
824 4305 929 4367 diurno
952 4313 1036 4368 motu
1060 4313 1092 4366 et
1113 4305 1269 4386 perpensis
1295 4311 1411 4368 tantum
1434 4305 1471 4369 iis
1493 4304 1634 4378 motibus,

288 4394 338 4476 qui
370 4396 530 4459 collatione
561 4396 675 4458 dierum
706 4393 821 4475 aliquot
851 4394 1113 4476 deprehenduntur
1135 4402 1167 4457 et
1195 4393 1320 4474 singulis
1349 4396 1481 4475 planetis
1510 4392 1637 4458 seorsim

288 4485 404 4560 insunt,
431 4485 495 4566 jam
524 4485 554 4547 in
586 4484 634 4547 his
665 4483 740 4566 ipsis
773 4483 865 4546 inulto
893 4485 988 4566 major
1016 4483 1156 4566 apparuit
1179 4484 1314 4547 conlusio
1338 4503 1426 4566 qnam
1448 4485 1548 4567 prius,
1571 4501 1637 4546 oum

289 4575 387 4638 adhue
417 4583 517 4638 motus
548 4573 669 4637 diurnus
703 4580 736 4634 et
758 4573 920 4636 eommunis
944 4572 1018 4655 ipsis
1042 4581 1125 4636 esset
1147 4573 1319 4655 implicitus.
1367 4572 1435 4638 Etsi
1460 4575 1539 4638 enim
1561 4573 1636 4636 haec

378 4775 407 4855 *J
426 4781 461 4836 ln
479 4780 676 4853 consequentia
695 4786 741 4836 eat
759 4781 907 4836 secundum
933 4781 1074 4853 signorum
1101 4780 1199 4836 aeuiem
1226 4783 1263 4836 ah
1283 4783 1428 4848 Arietein
1449 4783 1567 4838 Taurum
1589 4777 1637 4835 do.

291 4875 362 4934 quae
392 4861 477 4918 series
507 4862 595 4918 tendit
615 4862 652 4916 ab
672 4877 772 4916 occasu
793 4877 846 4932 per
871 4862 1012 4919 meridiem
1032 4862 1060 4918 in
1080 4861 1243 4918 orientalem
1267 4863 1382 4936 plagam
1402 4871 1432 4919 et
1455 4864 1518 4920 inde
1543 4877 1639 4918 saraae

291 4943 1259 5011 laumauebmnunaduccidsnrsmzatsiud,auamlt
