3517 5525
297 460 361 525 102
717 460 819 553 literas
836 458 940 525 Keplsri
959 458 1108 526 aliorumque
1125 464 1226 511 mutuas

294 642 330 703 lu
351 644 383 714 ι(
404 635 425 701 2
448 638 497 699 vel
519 634 552 703 θ’
575 637 681 701 deesse
703 642 776 720 puto
799 646 831 701 et
852 638 922 701 huie
945 645 977 702 et
999 637 1129 720 antiquis
1158 635 1395 719 hypothesibus,
1419 617 1506 701 lorte‘
1520 642 1647 717 propter

296 729 407 791 falsam
439 726 654 790 assumtionem
684 727 716 789 in
744 733 783 801 >a
829 728 959 799 Nam&
990 727 1096 789 habuit
1127 745 1205 789 anno
1236 722 1289 791 93.
1322 726 1352 787 iu
1378 728 1404 798 8
1430 724 1470 803 Q
1504 743 1647 807 maguam

294 818 496 882 latitudinem.
543 815 607 879 Sed
628 836 688 880 non
708 813 816 893 videm
849 817 995 898 quomodo
1018 814 1168 895 corrigere
1191 814 1322 895 possim,
1354 823 1389 877 ut
1411 816 1523 879 nullom
1547 814 1646 879 detri-

178 957 180 964 .
282 916 430 972 mentum
458 907 606 970 inferatur
634 905 710 969 locis
741 906 873 988 reliquis.
925 906 970 971 Et
999 912 1100 969 tamen
1131 912 1259 985 possunt
1287 904 1362 966 haec
1391 901 1423 967 3‘
1454 904 1485 967 iu
1518 906 1590 977 80¹
1604 900 1645 982 Q

296 999 414 1062 efficere
438 996 478 1059 sd
501 994 712 1078 apparentiam
737 993 888 1059 10-11‘.
936 993 998 1058 Sed
1021 1002 1054 1057 et
1077 994 1157 1057 aliud
1181 1001 1230 1055 est
1260 994 1338 1075 quod
1371 994 1509 1057 desidero
1531 994 1562 1057 in
1586 992 1646 1055 hac

295 1086 475 1171 hypothesi:
507 1103 613 1165 nempe
641 1084 720 1166 quod
743 1084 783 1146 ad
811 1084 958 1148 insaniam
989 1102 1084 1165 usque
1114 1083 1300 1145 contendeus
1323 1101 1446 1145 causam
1477 1082 1647 1147 naturalem
1674 1086 1676 1089 ’

298 1179 468 1257 contingere
491 1195 549 1239 uon
573 1192 704 1255 possum,
729 1192 782 1235 our
803 1181 846 1250 d,
871 1174 918 1236 cui
941 1182 1029 1237 tauta
1052 1192 1119 1237 cum
1141 1172 1355 1253 probabilitate
1378 1172 1499 1236 libratio
1521 1172 1552 1235 iu
1573 1172 1647 1235 dia·

294 1273 392 1329 metro
415 1264 604 1327 tribuebatur
627 1265 690 1337 (res
714 1263 793 1326 enim
815 1263 902 1325 nobis
925 1264 963 1325 ad
979 1264 1106 1326 virtutes
1128 1262 1316 1345 magneticas
1339 1262 1462 1343 pulchre
1485 1261 1648 1325 admodum

294 1355 475 1431 recidebat),
499 1354 599 1435 potius
623 1351 697 1415 velit
718 1352 762 1414 ire
787 1350 905 1435 ellipsin
928 1352 977 1414 vel
1001 1351 1028 1413 ei
1051 1351 1218 1432 proximam
1239 1351 1328 1414 viam.
1374 1352 1519 1415 Fortasse
1543 1359 1646 1415 tamen

294 1454 378 1527 puto,
402 1445 530 1508 virtutes
552 1442 740 1521 magneticas
762 1460 821 1503 nou
844 1440 968 1504 omniuo
987 1440 1135 1522 respicere
1160 1440 1252 1511 sinus,
1275 1440 1331 1503 sed
1353 1440 1434 1505 aliud
1457 1440 1582 1523 aliquid.

385 1531 514 1597 Omnino
547 1532 630 1613 sapit
660 1530 863 1611 magnetioam
885 1530 946 1593 vim
978 1530 1204 1605 soceutrioitas,
1230 1536 1263 1592 ut
1287 1538 1335 1592 est
1357 1530 1387 1593 in
1412 1527 1647 1595 Commentariis

296 1624 388 1687 meis:
412 1630 448 1686 ut
470 1621 497 1685 si
519 1621 627 1701 globus
649 1628 676 1690 d
698 1620 825 1683 haberet
847 1638 935 1683 axem
957 1618 1160 1699 magnetioum
1188 1637 1246 1681 uno
1274 1618 1343 1701 polo
1375 1616 1416 1697 Q
1441 1627 1645 1702 appetentem,

296 1716 392 1778 altero
416 1710 591 1793 fugentem,
615 1727 710 1791 eoque
733 1728 790 1771 axe
812 1710 1016 1791 porrigeretur
1038 1709 1067 1771 iu
1091 1708 1295 1787 longitudines
1313 1710 1438 1784 medias,
1461 1717 1533 1771 tunc
1555 1726 1647 1791 quam

295 1804 347 1867 diu
368 1808 509 1864 versatur
530 1800 561 1861 in
585 1800 785 1861 descendente
808 1799 1006 1874 semicirculo,
1031 1798 1160 1861 maxime
1184 1798 1214 1859 in
1229 1797 1414 1877 longitudine
1438 1798 1545 1875 medis,
1569 1816 1646 1881 por·

295 1893 371 1973 rigit
399 1891 502 1971 polum
538 1896 732 1969 appetentem
760 1907 867 1951 versus
898 1886 959 1966 Q,
1000 1888 1102 1969 itaque
1136 1903 1254 1967 semper
1284 1887 1323 1949 ad
1348 1884 1388 1965 Q
1419 1888 1556 1964 aceedit,
1589 1887 1646 1950 sed

295 1981 425 2047 maxime
447 1980 477 2042 in
500 1977 684 2059 longitudine
717 1978 831 2054 media,
861 1978 936 2040 nihil
959 1979 989 2041 iu
1020 1976 1186 2057 apsidibus.
1231 1975 1274 2038 Ει
1301 1983 1372 2047 tune
1400 1977 1429 2038 iu
1462 1976 1646 2041 mosndsute

295 2070 483 2134 semicirculo
507 2066 673 2149 aequaliter
695 2068 807 2149 fngita
822 2064 872 2145 Q.
911 2066 1065 2130 Fortassis
1088 2064 1189 2148 itaque
1204 2064 1312 2149 (litera
1330 2064 1407 2129 euim
1431 2066 1512 2141 milri,
1531 2066 1645 2147 jucan-

296 2161 419 2225 dissime
441 2157 585 2231 Fabrici,
614 2157 684 2219 dum
706 2165 805 2219 tecum
827 2156 932 2238 loquor
956 2154 1107 2227 exerceri,
1135 2156 1205 2217 dum
1228 2173 1369 2227 exerceor
1399 2156 1559 2235 prolicere)
1584 2154 1647 2219 alia

295 2250 396 2332 aliqua
417 2248 469 2312 lex
490 2254 557 2322 est,
580 2264 640 2327 qua
660 2264 786 2326 magnes
809 2243 918 2327 aliquis
946 2244 1025 2327 fugit
1046 2252 1078 2308 et
1101 2244 1250 2326 sequitur,
1285 2264 1373 2329 quam
1396 2244 1489 2308 sinus.
1536 2244 1643 2309 Posito

614 2334 710 2410 enim,
741 2335 820 2418 quod
852 2334 939 2397 ΒΕΑ
970 2334 1012 2397 sit
1044 2352 1152 2415 corpus
1179 2340 1206 2404 d*
1235 2335 1393 2397 rotundum
1423 2342 1455 2397 st
1485 2334 1546 2399 DA
1578 2333 1646 2398 axis

395 2408 452 2475 ¹²¹⁸·
470 2404 512 2474 ³4·
613 2424 820 2505 magnetibus:
844 2441 901 2503 ego
915 2424 1062 2487 hacteuus
1084 2422 1181 2503 posui,
1205 2424 1283 2504 quod
1297 2424 1397 2487 Marte
1415 2422 1460 2485 sio
1482 2423 1647 2498 collocato,

421 2552 441 2595 Β
579 2522 649 2576 sut
671 2513 774 2576 Solem
796 2513 909 2575 habeat
931 2513 961 2575 iu
984 2512 1063 2575 linea
1085 2508 1154 2588 BG,
1179 2531 1222 2574 sc.
1246 2511 1276 2575 iu
1299 2512 1342 2589 K,
1367 2532 1405 2575 ea
1427 2512 1469 2575 sit
1490 2512 1645 2596 proportio

335 2636 356 2679 ι
616 2603 782 2667 celeritatis
805 2602 871 2682 ejus
893 2602 924 2665 iu
948 2602 1118 2665 accedendo
1141 2602 1180 2663 ad
1203 2600 1390 2664 celeritatem
1412 2600 1442 2664 in
1465 2600 1646 2679 recedendo,

541 2721 544 2726 >
616 2712 684 2757 cum
706 2692 800 2755 habet
823 2690 925 2754 Solem
948 2692 978 2753 in
997 2691 1036 2766 D,
1060 2709 1137 2773 quae
1161 2698 1210 2753 est
1223 2690 1385 2773 proportio
1409 2691 1493 2754 sinus
1508 2692 1646 2767 (versus)

302 2807 321 2850 r
616 2784 664 2846 IN
685 2783 725 2844 ad
747 2783 804 2844 sin.
820 2782 873 2845 IB.
911 2780 953 2843 Et
975 2781 1005 2842 in
1028 2781 1085 2844 hac
1107 2778 1255 2862 positione
1280 2782 1404 2844 inventa
1426 2789 1475 2845 est
1488 2782 1534 2845 IN
1557 2781 1647 2844 nimis

506 2979 530 3022 1

616 2891 722 2954 parva,
745 2871 805 2934 imo
829 2872 891 2933 lere
910 2871 997 2951 justa
1019 2889 1074 2951 pro
1097 2869 1247 2952 particula
1274 2869 1457 2944 librationis,
1480 2890 1534 2952 pro
1558 2890 1647 2935 meu·-

617 2980 705 3035 sura;
730 2960 801 3043 quid
823 2960 850 3022 si
865 2978 937 3041 ergo
960 2958 1060 3042 potius
1083 2960 1127 3022 sio
1142 2959 1183 3024 sit
1201 2959 1276 3022 haec
1300 2978 1416 3041 quoque
1439 2979 1513 3022 vera
1534 2960 1645 3024 celeri-

370 3099 373 3106 .
420 3045 442 3086 Α
616 3050 701 3120 totis,
724 3060 759 3111 ut
780 3049 838 3115 ΝΟ
861 3048 900 3112 ad
922 3048 979 3113 BD
1002 3057 1054 3112 aut
1081 3048 1143 3112 alia
1166 3047 1289 3130 aliqua?
1327 3049 1407 3112 Nam
1429 3049 1457 3112 si
1479 3049 1572 3113 etiarn
1594 3049 1646 3112 iu·

298 3141 478 3205 haereamus
500 3141 568 3204 huic
592 3139 752 3224 hypothesi
774 3139 973 3220 magnetioae,
998 3138 1164 3201 rationibus
1193 3137 1369 3220 quibusdam
1392 3157 1531 3220 cogemur
1553 3139 1648 3202 alium

298 3231 428 3314 aliquem
450 3230 571 3293 modum
593 3248 745 3313 quaerere.
793 3228 935 3303 Primum,
961 3228 988 3290 si
1012 3225 1051 3306 Θ
1076 3237 1108 3290 et
1129 3228 1193 3308 poli
1222 3227 1383 3307 magnetioi
1406 3229 1444 3305 D,
1468 3230 1498 3290 A
1522 3235 1593 3291 sunt
1613 3229 1646 3292 in

296 3322 403 3384 eodem
425 3320 515 3400 plano
539 3318 708 3394 ecoentrici,
731 3337 791 3380 non
806 3317 948 3380 debemus
972 3317 1142 3398 suspicione
1158 3317 1287 3398 quadam
1311 3317 1435 3392 turbari,
1458 3317 1544 3399 quasi
1562 3319 1648 3381 aliud

300 3410 458 3473 dicendum
481 3409 523 3472 sit
545 3411 583 3471 de
612 3409 709 3472 solido
739 3407 873 3486 eorporis
895 3408 1085 3487 planetarum
1118 3405 1225 3486 globo,
1259 3406 1340 3468 aliud
1373 3406 1410 3469 de
1438 3407 1549 3470 circulo
1581 3408 1647 3488 ejus

299 3498 442 3563 maximo.
487 3497 569 3561 Nam
590 3498 690 3578 posito
713 3494 792 3576 quod
814 3495 977 3574 posuimus,
1001 3494 1108 3576 globus
1131 3502 1214 3558 totus
1236 3501 1390 3576 potestate
1412 3497 1527 3560 divisus
1550 3496 1646 3560 intel·

297 3590 402 3670 ligitur
425 3588 455 3650 in
479 3587 610 3649 infinitos
633 3584 761 3648 circulos
783 3583 965 3664 parallelos,
998 3605 1018 3646 a
1039 3583 1168 3646 maximo
1196 3585 1333 3667 utrinque
1356 3587 1395 3648 ad
1418 3586 1571 3661 minimos,
1594 3587 1649 3667 qui,

297 3696 401 3740 omnes
424 3675 591 3756 aequaliter
614 3693 720 3736 versus
735 3669 775 3750 Q
799 3682 887 3735 erunt
910 3670 1056 3753 dispositi,
1080 3673 1183 3755 itaque
1206 3675 1359 3756 proportio
1383 3675 1517 3738 manebit
1539 3675 1647 3738 eadem

297 3765 506 3846 multiplicatis
529 3763 674 3826 terminis.
720 3759 770 3825 Sit
792 3781 863 3843 ergo
886 3760 988 3825 uDIA
1011 3762 1137 3826 circulus
1160 3761 1286 3844 quilibet
1307 3763 1337 3826 iu
1357 3783 1480 3848 corpore
1502 3765 1646 3846 planetae

298 3854 463 3936 parallelus
487 3854 664 3930 eooeutrioo,
688 3859 721 3914 et
741 3850 784 3913 sit
806 3851 876 3914 FDI
898 3851 1102 3930 semicirculus
1134 3859 1296 3933 appetens,
1318 3854 1390 3917 FAI
1412 3853 1548 3936 fugietne,
1572 3851 1646 3918 Sole

298 3945 330 4007 in
352 3945 396 4007 BI
417 3951 560 4006 versante
582 3944 617 4006 iit
647 3940 871 4023 aequilibrium,
906 3941 1034 4021 quiade
1064 3941 1267 4016 semicirculo,
1299 3943 1348 4024 qui
1372 3942 1437 4006 Soli
1466 3943 1644 4020 obvertitur,

296 4052 339 4096 so.
365 4032 461 4104 Dm,
494 4031 647 4095 dimidium
669 4031 715 4096 DI
746 4039 796 4094 est
827 4037 992 4111 appetens,
1025 4031 1176 4093 dimidium
1198 4032 1244 4093 lA
1267 4031 1401 4112 fugieus;
1425 4031 1497 4096 Sole
1520 4049 1590 4097 rsro
1614 4034 1646 4095 in

296 4123 355 4186 ΒΚ
376 4129 527 4197 versante,
551 4118 755 4185 semicirculus
777 4117 868 4184 RGM
891 4121 1107 4197 consideratur,
1130 4119 1161 4182 in
1180 4139 1241 4201 quo
1258 4120 1302 4184 RI
1325 4129 1396 4184 suut
1418 4129 1522 4204 partes
1545 4140 1644 4204 appe-

300 4219 412 4286 tentes,
434 4211 486 4275 lM
500 4212 659 4291 fugientes.
696 4210 779 4273 Pone
793 4208 841 4273 lG
864 4209 1020 4291 aequalem
1033 4209 1092 4287 IM,
1117 4208 1208 4290 igitur
1226 4207 1273 4273 IG
1296 4210 1510 4276 annihilabitur
1532 4212 1571 4275 ab
1585 4213 1645 4274 IM.

297 4300 490 4381 Relinquitur
512 4299 574 4365 RG
597 4299 844 4363 considerandum
866 4319 920 4381 pro
943 4317 1082 4362 mensura
1105 4300 1277 4380 appetentis
1300 4300 1465 4365 facultatis.
1511 4301 1573 4366 Ubi
1595 4301 1647 4364 Ml

298 4391 549 4470 complementum
572 4399 621 4454 est
648 4390 688 4453 ad
709 4387 752 4451 lC
775 4390 941 4452 discessum
968 4390 1109 4470 planetae
1132 4389 1171 4451 ab
1200 4405 1336 4469 apogaeo
1359 4398 1391 4454 et
1412 4389 1461 4454 IG
1483 4391 1646 4466 similiter;
1687 4383 1690 4388 ’

298 4497 369 4558 ergo
394 4477 454 4541 GR
483 4498 570 4542 arcus
600 4487 649 4542 est
680 4478 788 4558 duplus
811 4479 849 4541 ad
871 4477 914 4541 10
939 4478 1104 4541 discessum
1134 4479 1172 4540 ab
1201 4496 1346 4558 apogaso.
1393 4479 1511 4552 Quodsi
1538 4488 1646 4562 partas

298 4576 475 4648 appetentes
499 4586 594 4649 aeque
626 4569 739 4631 multae
770 4587 889 4649 semper
921 4575 1099 4648 appeterent
1130 4568 1298 4648 aequaliter
1329 4587 1501 4651 quoeunque
1534 4569 1646 4652 angulo

297 4657 394 4734 DBK,
419 4654 508 4720 GBK
530 4655 595 4732 too,
620 4665 691 4720 tuno
714 4657 833 4720 omnino
855 4657 1008 4720 discessus
1033 4658 1070 4720 ab
1094 4675 1229 4738 apogaeo
1260 4656 1416 4722 metiretur
1438 4660 1646 4742 appetentiam

298 4755 331 4809 et
351 4746 526 4830 aequalibus
556 4747 740 4829 temporibus
773 4749 908 4829 aequalis
941 4754 1023 4810 esset
1054 4745 1265 4810 distantiarum
1292 4753 1319 4818 ὁ
1347 4770 1366 4811 a
1398 4745 1439 4826 Q
1467 4747 1644 4814 imminutio.

298 4833 361 4898 Sed
383 4835 601 4899 consideranda
633 4837 725 4899 etiam
757 4835 900 4902 fortitudo
930 4837 1041 4918 anguli.
1087 4836 1167 4900 Nam
1190 4835 1262 4898 Sola
1284 4835 1315 4898 in
1337 4837 1381 4901 ΒΙ
1402 4847 1554 4914 versante,
1585 4837 1645 4902 etsi

162 4979 168 4996 .
296 4924 372 4989 nihil
396 4931 592 5008 operarentur
613 4925 660 4991 AI
682 4925 841 5008 fugientes,
865 4945 923 4990 non
947 4935 1047 4990 tamen
1069 4925 1115 4989 DI
1139 4933 1330 5008 appeterent,
1354 4926 1424 5011 quia
1447 4929 1548 5012 anguli
1570 4927 1646 4994 DBI
