3517 5525
720 437 760 494 m
781 436 862 494 aaa
1397 420 1487 505 aas*

121 617 303 695 efficiemus,
332 625 367 682 ut
389 627 579 700 augmentum
610 621 664 682 dat
694 621 790 700 majus
813 619 842 681 iu
867 619 1001 701 copulis,
1031 637 1090 682 aon
1116 618 1171 681 liat
1198 615 1297 698 majus
1326 619 1352 690 1)
1376 617 1463 690 inst

120 709 285 772 versante?
307 709 358 772 An
381 710 580 789 ingrediemur
602 729 655 791 per
678 709 747 774 dist.
771 711 797 782 3)
820 707 894 786 ιΘ
918 709 1056 791 amplius,
1080 728 1167 792 quam
1189 727 1244 789 per
1264 707 1464 771 variationem

119 798 303 876 incitatam?
327 797 409 860 Tunc
432 799 602 861 vitiabimus
626 801 680 862 lat.
703 801 729 871 b
752 799 781 861 iu
796 805 837 869 ιι.
875 799 940 862 Nec
963 817 1056 860 causa
1077 796 1195 879 patebit
1216 797 1288 859 talis
1311 798 1463 877 augmenti

119 890 148 962 J>
173 909 192 949 a
215 883 255 966 Θ
275 887 345 950 dist.
371 906 462 969 supra
484 907 595 951 verum.
632 889 715 970 Ergo
738 888 872 950 videmur
895 907 931 950 eo
953 887 1059 967 redigi,
1082 895 1116 949 ut
1132 886 1248 968 prosth.
1272 886 1343 948 nodi
1366 887 1463 949 iacia-

120 995 187 1038 mus
219 986 421 1052 menstruam,
453 969 646 1040 inclinatione
678 977 781 1040 limitis
813 985 953 1038 manente
984 995 1092 1038 annua.
1148 973 1251 1039 Causa
1282 983 1331 1038 cst
1360 977 1465 1056 procul

120 1065 212 1128 dubio
233 1066 263 1126 in
282 1066 459 1130 variatione.
496 1067 575 1129 Nam
598 1067 729 1130 maxima
750 1067 864 1146 prostlr.
889 1066 958 1128 nodi
982 1074 1029 1128 est
1049 1065 1122 1127 milri
1146 1062 1184 1127 1⁰
1197 1061 1261 1138 39‘,
1285 1064 1315 1126 id
1335 1073 1383 1127 est
1397 1061 1463 1140 99‘,

120 1154 243 1236 duplum
265 1171 336 1216 vero
358 1155 535 1218 variationis
558 1165 606 1218 est
628 1153 691 1220 81¹.
738 1157 800 1220 Sed
822 1155 951 1217 variatio
975 1173 1013 1216 er
1034 1149 1096 1238 5¹l,
1122 1153 1337 1234 appendicibus
1360 1155 1464 1217 diebus

121 1244 253 1306 deducta
275 1252 324 1305 est
338 1241 391 1318 51,
415 1245 537 1326 duplum
554 1243 627 1321 102,
649 1245 739 1328 plane
762 1246 888 1326 aequale
911 1245 979 1306 buic
1000 1243 1277 1326 prostbaphaeresi.
1310 1241 1345 1306 Si
1362 1251 1464 1306 tamen

121 1332 303 1414 duplicanda
326 1333 477 1396 variatio?
498 1333 579 1397 ,Iuno
603 1355 660 1398 unu
685 1343 734 1396 est
761 1333 956 1417 duplicanda,
986 1333 1115 1395 variatio
1137 1353 1168 1394 u.
1193 1340 1241 1393 est
1267 1340 1385 1394 tautum
1408 1353 1464 1394 ex-

123 1441 228 1484 cessus
251 1421 348 1484 trunci
379 1424 554 1504 quadrantis
586 1443 675 1504 super
702 1429 859 1486 sectorem.
905 1424 953 1485 Ac
975 1442 1057 1485 cum.
1074 1422 1225 1503 quadrans
1253 1422 1356 1483 valeat
1380 1419 1463 1496 129‘,

123 1519 223 1574 sector
251 1519 357 1573 notans
386 1513 444 1590 orit
466 1507 563 1596 64¹1„
595 1513 673 1575 adde
702 1511 899 1574 variationem
930 1511 1091 1574 maximam
1122 1504 1231 1595 40¹l2‘,
1264 1530 1355 1591 coges
1380 1509 1464 1580 105¹,

94 1601 142 1664 ·i.
168 1619 194 1664 e.
222 1597 258 1662 1⁰
279 1597 343 1674 451,
369 1619 433 1663 cum
456 1603 572 1682 prosth.
601 1603 672 1664 nodi
695 1603 736 1664 sit
762 1602 835 1664 mihi
861 1599 898 1664 1⁰
920 1597 974 1665 39³
997 1599 1039 1680 †
1062 1608 1094 1663 et
1115 1600 1248 1684 Tychoni
1277 1597 1311 1662 ¹⁰
1332 1595 1387 1666 ιδ’
1410 1600 1463 1680 -l-.

120 1689 201 1752 Ecce
225 1689 461 1771 aequalitatem:
498 1689 580 1772 Ergo
603 1691 689 1754 Luna
716 1710 770 1773 per
798 1691 995 1762 variationem
1022 1688 1150 1752 incitata
1175 1689 1259 1752 venit
1288 1692 1327 1753 ad
1355 1690 1464 1754 nodum

119 1777 244 1860 perinde
268 1797 303 1840 ac
327 1779 352 1840 ai
376 1779 467 1861 duplo
491 1781 587 1862 magis
609 1801 663 1862 per
678 1779 877 1842 variationem
899 1780 1084 1854 incitaretur,
1107 1787 1178 1842 tunc
1194 1780 1322 1860 quidem,
1347 1779 1465 1860 quando

120 1874 153 1940 Ω,
177 1875 226 1930 est
248 1867 278 1928 iu
303 1875 433 1944 octante,
457 1869 486 1931 b.
512 1889 539 1931 e.
563 1888 620 1932 auu
645 1870 788 1932 incitatur
816 1876 935 1931 tautum
956 1869 987 1930 iu
1010 1869 1149 1950 longum,
1179 1869 1233 1930 sed
1256 1869 1466 1932 flectitetiam

121 1975 238 2020 cursum
262 1957 400 2020 suumin
423 1958 503 2022 latus
533 1966 688 2038 utrumque
722 1959 826 2020 eodem
857 1958 1045 2020 incitationis
1077 1958 1196 2038 vigore:
1228 1957 1365 2022 simodo
1392 1975 1466 2020 vera

121 2055 194 2110 aunt
217 2047 356 2127 exempla
377 2047 547 2110 latitudiuis
570 2049 599 2111 in
624 2047 794 2111 somatibus
819 2048 897 2129 apud
921 2047 1102 2129 Tychonem.

210 2133 286 2200 (lum
309 2136 400 2215 igitur
423 2137 497 2198 haec
519 2137 590 2199 uodi
613 2137 811 2217 reciprocatio
835 2138 876 2198 sit
898 2143 1016 2198 tantum
1038 2143 1162 2216 propter
1183 2134 1359 2199 latitudines
1381 2137 1408 2210 b
1432 2136 1465 2199 io

119 2225 187 2306 ipso
210 2224 298 2299 uodo,
322 2244 378 2286 nou
399 2244 473 2306 opus
488 2232 536 2289 est
554 2227 651 2306 ipsum
675 2233 829 2288 meustma
852 2224 1013 2288 libratione
1036 2243 1156 2305 semper
1178 2225 1296 2306 aequali
1320 2244 1465 2308 aequam

121 2315 238 2388 sufficit,
262 2314 345 2375 illum
368 2333 387 2375 a
410 2314 496 2376 Luna
519 2315 644 2378 inveniri
667 2315 719 2390 ibi,
743 2316 792 2377 ubi
807 2324 856 2377 est
877 2333 931 2396 per
953 2333 1082 2377 annuam
1106 2321 1240 2377 nostram
1263 2314 1462 2378 librationem.

120 2402 244 2466 Nam?
278 2403 381 2464 diebus
409 2404 496 2465 Luna
512 2405 610 2484 ⁴verrit
637 2426 656 2466 a
683 2405 799 2486 quadra
827 2407 856 2467 iu
890 2404 1044 2485 copulam,
1078 2409 1186 2466 octavo
1209 2409 1241 2474 ,it
1270 2404 1300 2466 io
1332 2411 1464 2476 uetante,

120 2490 213 2572 igitur
237 2491 365 2571 septimo
389 2511 425 2554 ex
449 2499 543 2556 tauta·
557 2493 715 2557 libratione
739 2493 844 2556 vitium
868 2494 1051 2565 estuullum,
1075 2493 1154 2575 quod
1175 2492 1269 2573 probo
1289 2512 1327 2555 ex
1341 2491 1465 2572 eclipsi-

120 2581 186 2657 bus,
211 2588 317 2663 q'uartu
341 2580 445 2644 itidem
467 2583 588 2659 nullum,
613 2585 683 2663 quia
696 2583 783 2646 Luna
805 2591 876 2645 tuuc
890 2581 1006 2645 invenit
1027 2582 1169 2644 libratum
1192 2601 1298 2648 aouue.
1337 2581 1465 2654 Quatri-

121 2670 179 2733 duo
203 2677 273 2732 aute
294 2669 420 2751 primum
444 2677 567 2750 etpost
589 2672 746 2754 septimum
769 2673 856 2734 Luna
880 2671 1017 2733 venitin
1040 2671 1167 2747 limites,
1191 2671 1233 2735 ibi
1258 2672 1315 2735 etsi
1338 2671 1465 2735 vitiatos

120 2768 170 2823 est
200 2759 315 2835 nodus,
354 2760 593 2835 contemtissima
623 2770 722 2823 tamen
754 2763 788 2825 fit
816 2764 943 2825 mutatio
975 2759 1162 2824 latitudinis:
1202 2770 1234 2823 et
1269 2770 1316 2825 est
1345 2762 1466 2844 quidem

120 2848 247 2911 vitiatus
269 2849 374 2911 nodus.
419 2850 498 2913 Nam
521 2850 548 2913 is
570 2852 686 2913 Lunam
717 2850 794 2929 fugit
815 2850 844 2913 io
876 2852 957 2912 latua
986 2854 1143 2931 utmque
1170 2851 1200 2912 iu
1224 2870 1261 2913 eo
1289 2852 1465 2933 quadrante,

120 2938 170 3021 qui
193 2938 285 3002 babet
306 2938 425 3001 nodum.
464 2939 540 3003 Oum
563 2940 654 3018 igitur
677 2946 725 3001 est
747 2942 773 3011 b
794 2940 823 3001 in
843 2933 888 3013 [],
913 2939 1008 3001 nodus
1031 2947 1081 3001 est
1102 2939 1237 3014 medius3
1259 2940 1314 3001 illa
1337 2948 1465 3003 exeunte

119 3045 228 3089 versus
251 3028 369 3103 undum,
394 3029 490 3091 nodas
515 3030 591 3107 fugin
613 3046 718 3090 versus
742 3028 854 3103 Solem,
879 3038 912 3088 et
932 3027 1048 3089 recedit
1071 3028 1109 3089 ab
1131 3029 1199 3104 illa,
1223 3028 1274 3091 ubi
1295 3028 1350 3092 illa
1372 3028 1469 3108 traje-

120 3118 197 3181 cerit
219 3116 329 3183 nodum
352 3136 459 3179 versus
482 3116 583 3181 Solem
595 3137 604 3193 ;
628 3122 662 3179 ut
684 3118 748 3197 ipse
771 3124 941 3179 revertatur
964 3117 1002 3178 ad
1024 3117 1123 3178 locum
1146 3119 1283 3194 medium,
1308 3118 1359 3181 ubi
1382 3118 1469 3181 Luna

120 3208 152 3270 in
176 3204 269 3283 M)
295 3206 419 3268 venerit.
464 3206 547 3289 Ergo
580 3226 645 3271 cum
668 3208 694 3280 i>
720 3213 768 3269 est
799 3214 870 3268 aute
894 3200 931 3271 [l
956 3206 987 3267 iu
1010 3204 1122 3282 limite,
1161 3206 1257 3269 nodus
1293 3226 1353 3269 non
1390 3206 1469 3286 fugit
1585 3246 1589 3251 ι

120 3313 227 3358 versus
253 3292 303 3372 Θ,
327 3294 376 3356 ubi
401 3303 449 3358 est
470 3314 524 3376 per
547 3316 642 3359 meam
667 3295 856 3358 librationem
885 3313 1030 3370 annuam,
1063 3296 1118 3358 sed
1141 3315 1158 3359 e
1181 3298 1333 3360 contrario
1363 3296 1469 3358 annuit

119 3386 225 3467 Lunae
250 3396 281 3445 et
309 3382 386 3464 fugit
415 3384 512 3465 ipsum
536 3384 586 3463 Θ.
635 3384 711 3450 Cum
742 3384 834 3464 igitur
863 3380 1090 3447 observationes
1120 3385 1276 3467 eclipsium
1306 3392 1466 3461 testentur,

121 3474 170 3537 die
186 3473 314 3555 septimo
331 3474 464 3554 copulari
486 3474 598 3537 nullum
617 3474 681 3537 lieri
699 3474 814 3549 vitium,
839 3481 958 3555 oportet
974 3492 1070 3555 neque
1085 3474 1114 3537 iu
1128 3476 1243 3558 quadra
1266 3475 1329 3539 fleri
1350 3474 1466 3537 uitium.

120 3564 203 3629 Saue
227 3563 284 3625 etsi
307 3563 410 3633 flaret,
440 3562 471 3625 id
494 3560 654 3628 difficulter
677 3571 760 3626 esset
783 3562 989 3635 observabile,
1014 3582 1080 3626 cum
1102 3566 1140 3631 ob
1161 3565 1362 3647 parvitatem,
1390 3582 1466 3646 quaa

120 3652 296 3720 destituitur
319 3649 591 3735 Solaris'corporis
620 3652 785 3736 evidentia,
807 3660 869 3715 tum
893 3654 932 3715 ob
954 3652 1111 3715 raritatem
1138 3655 1341 3730 occasionum,
1365 3652 1465 3726 ubi)

120 3744 284 3806 observata
301 3742 331 3803 iu
346 3734 390 3817 [l
405 3748 437 3813 sl
461 3742 491 3803 iu
515 3751 646 3804 notante.
685 3739 818 3805 Restant
831 3742 897 3806 dies
913 3740 1076 3805 obviatiuni
1094 3746 1120 3817 b
1138 3750 1171 3817 ιι
1193 3744 1331 3825 proximi.
1363 3744 1465 3823 Atque
1561 3738 1565 3746 ’

102 3832 146 3897 -si
170 3832 309 3913 proximi,
333 3831 390 3892 erit
413 3830 504 3893 etiam
526 3832 641 3913 prosth.
662 3830 732 3897 nodi
750 3832 886 3911 proxime
905 3831 1019 3906 eadem,
1043 3838 1076 3893 et
1093 3834 1136 3896 sic
1154 3834 1289 3915 proxime
1313 3840 1465 3907 conecta3

117 3922 221 3985 atita
244 3921 328 3985 solae
352 3922 484 4001 quadrae
508 3930 651 3985 maneant
672 3923 702 3984 iu
727 3938 884 4001 suspenso,
906 3930 941 3983 ut
964 3914 1086 3983 dictum.

727 4172 859 4182 ------

249 4410 354 4473 Libri
379 4428 467 4493 pars
497 4408 627 4476 alt'era
674 4408 726 4474 De
750 4410 919 4475 doctrina
946 4410 1150 4493 eclipsium.
1184 4358 1349 4496 (lapoXI.

120 4516 205 4583 fflaas
227 4517 363 4585 diequintio
381 4530 410 4567 eo
433 4518 573 4583 comeripta
594 4518 691 4570 n'datur
712 4525 837 4641 tfimplors,
854 4532 909 4650 {ruo
930 4518 1034 4583 primurn
1051 4518 1083 4569 da
1102 4520 1275 4587 ,Hipparche
1298 4523 1466 4575 medeam

749 4604 852 4655 epar-as.

209 4714 320 4776 Eomm
339 4730 415 4795 quae
432 4714 469 4776 ad
485 4712 650 4776 doctrinam
669 4712 838 4796 eclipticam
862 4715 1030 4778 accuratius
1052 4716 1280 4781 examinandam
1302 4718 1462 4797 pertinent,
1578 4722 1582 4727 '

121 4802 318 4869 fundamenta
344 4803 445 4885 optica
473 4802 618 4867 hactenus
642 4811 712 4865 sunt
734 4805 951 4867 demonstrata
995 4804 1107 4868 Restat
1134 4806 1221 4870 nobis
1251 4826 1325 4888 opus
1353 4806 1462 4887 ipsum.

119 4895 166 4958 Ut
188 4902 289 4955 autem
308 4892 429 4973 juvetur
451 4894 549 4956 lector
569 4892 600 4956 in
623 4892 819 4957 discernendo
848 4894 988 4957 instituto
1011 4902 1133 4972 nostro,
1162 4898 1249 4960 simul
1273 4903 1304 4958 et
1325 4899 1462 4959 necessi-

121 4990 217 5047 tatem
240 4990 345 5053 carust
367 5000 476 5061 eorum,
499 4983 636 5067 quaehic
649 4990 831 5067 repetuntur,
854 4984 1077 5066 praemittenda
1093 4994 1142 5049 est
1155 4984 1295 5070 synopsis
1317 4979 1483 5065 methodi·
1582 4980 1593 4999 ⁸
