3517 5525
284 405 352 482 ses
749 375 1037 484 *mm

257 659 261 679 ,
284 591 353 667 NR,
369 591 455 658 RK:
480 593 535 656 sed
556 590 634 676 quod
658 591 713 656 snb
734 589 797 666 SR,
811 591 879 670 RH,
903 594 1002 656 miuus
1024 598 1073 656 ost
1093 611 1131 655 eo
1152 590 1232 672 quod
1253 588 1308 653 ιώ
1322 587 1386 660 SN,
1408 589 1478 665 RH.
1498 587 1628 672 qimi-

284 689 348 744 tate
372 682 538 764 reetanguli
561 683 640 765 qnod
663 683 717 746 sub
739 681 808 758 NR,
831 681 900 748 RH.
943 681 1110 746 Commune
1128 680 1255 744 socedat
1276 679 1355 759 quod
1375 678 1435 741 sub
1452 678 1532 750 NR.
1554 677 1626 742 RH.

284 768 373 841 Quod
401 789 473 851 ergo
502 771 556 834 sub
583 772 658 848 SN,
685 771 754 846 RH,
777 773 904 852 aequale
927 771 985 834 erit
1006 772 1048 846 ei,
1078 770 1159 853 quod
1184 770 1240 832 snb
1261 766 1323 833 NR
1344 775 1375 830 et
1395 766 1567 852 composita
1588 785 1629 834 ex

283 859 360 934 RK,
387 859 458 934 RH,
492 860 523 922 h.
547 881 573 925 e.
591 861 666 925 KH.
712 861 843 924 Rursum
872 869 988 937 autem,
1019 860 1098 942 quod
1120 859 1176 922 sub
1199 856 1263 932 SN,
1284 857 1360 932 RH,
1382 857 1483 938 majus
1504 864 1556 919 est
1578 875 1627 930 eo,

143 980 145 987 ·
282 948 361 1030 qnod
383 948 438 1012 sub
452 947 516 1024 SN,
535 949 595 1014 NH
617 952 648 1013 iu
666 949 867 1030 propositione
882 951 1043 1026 nominato,
1059 947 1227 1032 quantitate
1241 945 1305 1023 SN,
1327 944 1402 1010 ulte
1425 954 1461 1008 et
1472 942 1627 1020 similiter,

282 1038 362 1118 quod
385 1039 440 1101 snb
462 1037 531 1115 NR,
545 1039 614 1116 ΚΗ,
636 1040 734 1120 majus
758 1047 806 1100 est
828 1058 874 1114 eo,
900 1040 979 1120 quod
1000 1039 1066 1102 snb
1078 1037 1149 1114 NR,
1166 1036 1222 1100 KZ
1245 1037 1274 1098 in
1297 1033 1503 1117 propositione
1522 1033 1628 1097 nomi·

282 1135 363 1200 nato,
388 1127 557 1208 quantitate
579 1130 649 1206 NR,
672 1129 736 1204 ΖΗ,
759 1127 789 1191 Ιι.
813 1147 840 1190 ι.
865 1127 919 1192 SN
935 1144 978 1190 ex
995 1127 1230 1192 construetione.
1275 1123 1428 1229 Aequalis
1452 1124 1548 1205 igitur
1569 1142 1628 1186 ae·

285 1215 367 1296 quali
391 1217 490 1298 aliquo
513 1217 629 1298 majora
651 1222 731 1290 eunt,
754 1218 889 1301 quodque
913 1235 966 1280 suo
987 1216 1205 1298 respondenti
1197 1235 1226 1278 ιιι
1240 1213 1445 1298 propositione
1459 1213 1629 1323 nominato.

284 1303 382 1386 Igitur
404 1313 437 1368 et
457 1306 611 1371 nominata
632 1308 711 1372 inter
734 1325 767 1370 se
790 1315 861 1370 sunt
881 1307 1030 1389 aequalia.
1047 1303 1114 1381 ³)
1468 1321 1474 1335 ’

777 1467 998 1540 Problema
1018 1467 1105 1533 VIII.

284 1571 399 1635 Datis
450 1571 739 1647 semidiametris
786 1575 986 1641 luminaris
1031 1583 1072 1637 ιι
1109 1570 1280 1645 umbrae,
1324 1575 1366 1632 et
1398 1571 1629 1653 quantitate

281 1680 396 1724 arcus
428 1681 517 1726 ores
555 1662 766 1726 luminaris
784 1665 845 1728 vel
875 1664 1023 1728 lucidae
1055 1663 1131 1726 vel
1142 1661 1384 1736 obscuratae,
1424 1658 1629 1742 inquirere

281 1759 411 1829 partes
442 1751 620 1816 diametri
646 1752 711 1814 vel
741 1753 934 1818 luminaris
957 1754 1020 1816 vel
1045 1752 1195 1816 umbrae
1217 1749 1459 1812 constitutas
1481 1768 1502 1811 a
1523 1748 1631 1814 linea

281 1854 348 1970 per
381 1841 587 1917 sectiones,
620 1861 767 1924 quarum
800 1862 893 1924 quae
925 1843 1038 1905 minor
1065 1849 1233 1922 apotome
1262 1838 1327 1901 vei
1349 1838 1495 1918 sagitta
1517 1838 1629 1902 lumi-

637 1931 740 1994 naris
770 1933 830 1994 vei
860 1933 1012 1996 umbrae
1034 1930 1111 1993 dici
1132 1934 1268 2011 potest.

370 2018 454 2083 Data
488 2018 566 2083 eninr
593 2019 738 2082 diametro
766 2020 867 2085 circuti
896 2029 928 2084 et
955 2039 1041 2096 men,
1076 2021 1168 2083 datur
1193 2025 1248 2080 ot
1254 2017 1320 2096 ejus
1342 2034 1431 2079 arene
1453 2015 1604 2096 sagitta'
1593 2036 1628 2080 ιιι

143 2095 147 2104 ’
282 2109 387 2172 eadem
416 2107 615 2185 dimensione,
652 2129 728 2192 quae
759 2109 1013 2193 multiplicatam
1034 2109 1184 2172 residuum
1207 2106 1345 2175 diametri
1367 2103 1523 2168 luminaris
1548 2124 1627 2169 cen-

282 2198 384 2262 stituit
406 2198 584 2280 quadratum
607 2199 742 2262 semissis
764 2201 801 2261 de
825 2199 906 2274 linea
929 2199 1104 2264 sectionum
1135 2197 1171 2260 Id
1192 2215 1264 2258 vero
1286 2194 1465 2277 quadratum
1487 2195 1628 2260 ablatum

284 2307 303 2349 a
326 2287 471 2370 quadrato
496 2286 708 2350 semidiametri
731 2289 868 2366 umbrae,
901 2285 1044 2370 relinquit
1065 2287 1241 2368 quadratum
1264 2285 1350 2364 ejus,
1372 2284 1451 2366 quod
1471 2295 1547 2365 post
1571 2303 1627 2347 ea-

283 2375 390 2456 gittam
422 2374 556 2439 ablatam
587 2385 636 2439 est
665 2378 816 2443 residuum
846 2397 941 2460 usque
974 2374 1012 2440 ad
1035 2386 1169 2439 centrum
1191 2374 1323 2438 umbrae.
1369 2372 1472 2446 Quare
1493 2373 1586 2438 radix
1607 2393 1628 2436 a

282 2463 504 2528 semidiametro
535 2466 658 2528 umbrae
693 2467 815 2543 ablata,
847 2466 982 2530 ostendit
1011 2466 1169 2547 sagittam⁴
1187 2463 1321 2528 umbrae.
1364 2461 1508 2529 Alitere
1541 2461 1630 2526 Data

282 2553 504 2616 semidiametro
531 2553 684 2618 luminaris
715 2565 748 2619 et
777 2557 900 2619 dimidio
926 2573 1014 2618 arem
1037 2551 1202 2618 deficientia
1224 2553 1273 2614 uel
1295 2551 1405 2627 incidi,
1442 2551 1534 2615 datur
1558 2552 1628 2632 ejus

282 2642 366 2706 sinus
374 2643 404 2706 in
415 2643 519 2706 eadem
528 2642 720 2721 dimensione,
729 2646 759 2708 iu
767 2665 827 2727 qua
836 2653 961 2728 utraque
971 2644 1203 2708 semidiameter.
1222 2641 1628 2705 Datoverosinniudirneu-

282 2730 367 2795 sione
390 2731 619 2809 semidiametri,
642 2733 731 2798 datur
753 2735 845 2799 etiam
867 2734 952 2799 siuns
974 2732 1194 2815 complementi,
1218 2731 1268 2816 qui
1290 2732 1413 2795 ablatas
1434 2749 1454 2794 ι
1476 2731 1627 2796 semidia-

283 2830 380 2885 metro
402 2822 558 2887 eoustituit
580 2824 734 2906 sagittam.

809 2983 1008 3047 Problema
1027 2982 1086 3047 IX.

281 3085 391 3150 Datis
422 3086 715 3153 semidiametris
745 3089 839 3151 disci
871 3088 1009 3151 Terrae
1041 3094 1077 3149 et
1105 3086 1326 3167 penumbrae
1353 3086 1635 3152 etiatitudine·

282 3174 437 3240 menisoi
465 3177 506 3239 de
529 3179 732 3260 penumbra
760 3186 868 3241 extre
897 3178 1036 3241 discum
1065 3175 1242 3258 porreeti,
1268 3176 1462 3257 inquirere
1489 3185 1626 3260 partes

425 3266 595 3330 diametri
617 3267 852 3350 penumbrae,
884 3266 1010 3329 iactes
1032 3286 1051 3327 a
1072 3274 1176 3327 reeta
1196 3282 1261 3345 per
1283 3265 1486 3329 sectiones.

369 3356 587 3436 Multiplieetur
609 3355 736 3420 latitudo
760 3356 883 3419 manuni
904 3357 935 3418 iu
957 3353 1108 3420 residuum
1131 3353 1270 3419 diametri
1289 3355 1481 3437 penumbrae,
1504 3374 1626 3420 summa

281 3443 433 3508 dividatur
455 3462 509 3523 per
531 3446 707 3509 diametrum
731 3444 814 3519 disci,
839 3444 1016 3510 diminutam
1037 3444 1128 3525 dupio
1150 3443 1217 3523 ejus
1239 3443 1441 3520 differentiae,
1470 3463 1548 3525 quae
1571 3455 1625 3508 est

280 3532 359 3596 inter
390 3532 577 3600 latitudinem
609 3533 733 3597 moniaci
764 3540 796 3595 et
822 3532 1075 3596 semidiametrnnr
1099 3532 1279 3613 penumbrae
1301 3534 1461 3613 majorem:
1494 3533 1543 3596 vei
1565 3553 1624 3615 per

280 3622 457 3686 diametrum
480 3622 554 3685 disci
577 3631 696 3687 auctam
719 3620 809 3703 duplo
832 3623 897 3704 ejus
919 3621 1123 3698 differentiae,
1154 3641 1231 3705 quae
1257 3630 1307 3685 est
1328 3623 1407 3685 inter
1427 3622 1623 3687 latitudinem

280 3711 404 3777 menisei
434 3719 466 3774 et
493 3713 748 3775 semidiametrum
783 3712 965 3791 penumbrae
997 3711 1149 3774 minorem.
1195 3708 1245 3784 (Si
1267 3712 1417 3775 maniacus
1441 3722 1490 3774 est
1511 3712 1623 3777 minori

282 3800 440 3865 latitudine
461 3820 552 3883 quem
584 3800 804 3863 semidiameter
839 3802 1049 3883 penumbrae,
1068 3798 1189 3880 duplum
1220 3801 1308 3883 hujus
1331 3802 1469 3864 deiectus
1490 3801 1579 3865 auter
1600 3824 1623 3865 a

282 3892 430 3971 diametro
454 3890 545 3965 disei3
569 3891 617 3954 sin
638 3890 743 3970 major,
769 3891 890 3970 duplum
912 3908 1054 3953 excessus
1076 3889 1153 3951 adde
1175 3890 1323 3953 diametro
1345 3891 1437 3967 disci3
1460 3890 1505 3953 ita
1525 3891 1624 3955 habes

155 4028 159 4043 .
279 3979 448 4044 divisorem.
496 3980 554 4043 Vel
578 3978 697 4061 duplica
719 3978 896 4043 distantiam
917 3987 1095 4055 neutrorum,
1118 3978 1213 4043 habes
1235 3980 1419 4103 distantem).

810 4132 1012 4203 Problema
1032 4138 1074 4203 X.
1198 4180 1203 4192 ›

277 4244 389 4311 Datis
417 4222 627 4309 diametris
657 4244 859 4309 luminaris
887 4252 924 4308 et
951 4246 1103 4308 umbrae
1125 4252 1162 4307 et
1184 4246 1406 4327 quantitate
1429 4247 1617 4343 deiectus,

319 4334 513 4418 inquirere
535 4340 672 4416 partes
695 4334 871 4397 diametri
893 4334 1056 4410 umbrae,
1084 4319 1320 4426 constitutas
1341 4356 1361 4398 a
1383 4336 1484 4400 linea
1505 4356 1574 4417 per

844 4424 1047 4487 sectiones.

231 4526 232 4531 ’
363 4510 533 4590 Multiplices
567 4510 757 4575 latitudinem
779 4512 876 4592 partis
898 4512 1047 4575 lunone·
1038 4533 1069 4574 m
1091 4510 1278 4574 latitudinem
1299 4512 1398 4592 partis
1421 4514 1618 4592 tenebrosae,

278 4598 383 4663 deinde
410 4607 442 4661 et
470 4600 612 4663 minorem
635 4620 654 4661 a
677 4602 788 4681 majora
818 4600 975 4671 subtrahe,
1008 4598 1224 4674 differentiam,
1257 4600 1285 4664 si
1311 4601 1409 4681 major
1430 4610 1481 4665 est
1501 4603 1616 4680 incida,

277 4688 353 4751 adde
377 4690 416 4751 ad
439 4686 616 4752 diametrum
637 4690 769 4763 umbrae,
792 4689 839 4751 sin
861 4690 957 4770 major
977 4691 1148 4763 tenebrosa,
1173 4690 1257 4753 auter
1279 4690 1460 4755 adiametro
1474 4692 1617 4769 umbrae3

277 4784 308 4839 et
336 4796 389 4858 per
416 4776 471 4839 hoc
498 4776 562 4838 sive
592 4787 787 4858 aggregatum
809 4775 873 4839 sive
895 4779 1045 4842 residuum
1068 4778 1167 4841 divide
1189 4779 1303 4842 factum
1325 4798 1364 4842 ex
1384 4780 1484 4862 prima
1505 4781 1615 4846 multi·

275 4862 445 4947 plicatione,
468 4865 569 4945 prodit
591 4876 776 4947 segmentum
800 4866 938 4934 diametri
959 4871 1080 4933 umbrae
1103 4868 1299 4934 constitutam
1320 4890 1340 4931 a
1357 4869 1439 4937 linea
1456 4870 1618 4938 sectionis.
