3517 5525
703 367 869 440 tamisa,
1391 366 1457 449 519

115 549 203 616 nibus
226 553 417 632 geometricis
435 553 671 634 jucundissimis,
696 556 803 637 quibus
826 557 979 636 quantitas
1002 555 1141 620 diametri
1161 555 1283 620 umbrae
1306 577 1371 620 cum
1393 578 1451 640 pa-

115 641 280 704 rallaxibus
304 642 386 706 Solis
414 652 445 704 et
466 644 569 706 Lunae
592 653 624 708 et
646 645 868 706 semidiametro
892 645 974 711 Solis
1004 646 1116 710 arctius
1146 647 1346 722 connectitur;
1377 649 1457 729 quod

114 731 260 794 hactenus
284 732 341 794 fuit
363 731 531 812 neglectum
554 733 591 796 ab
614 732 787 798 artificibus.
812 766 854 776 -

203 819 290 872 Finem
309 821 431 870 iacientes
448 821 505 872 huic
523 823 705 878 introductioni,
724 829 856 888 autequam
873 825 953 886 ipsum
971 823 1101 873 lectoribus
1112 823 1267 888 proponimus
1285 823 1457 888 fragmentum,

112 891 232 954 prioribus
252 892 418 956 subjungimus
445 899 540 956 partem
564 895 682 959 epistolae
699 894 856 957 Kepleri'ad
874 894 1106 944 vincentium
1129 893 1345 944 blanchium'
1365 896 1457 956 (aliast

112 961 203 1012 Comes
221 962 335 1021 Alsrauir
361 978 438 1028 comp.
457 963 568 1016 Hauoob.
588 981 604 1028 p
633 963 694 1014 coc.
715 961 778 1022 60³)
806 963 895 1026 datae,
911 973 941 1014 ut
956 966 1032 1029 ipsius
1049 965 1124 1016 rerba
1140 967 1280 1016 tetamento
1294 968 1348 1015 siut
1365 981 1456 1025 eorum,

112 1048 179 1098 quae
196 1049 270 1098 supra
287 1031 390 1086 diiimus
409 1035 439 1084 de
457 1034 560 1099 Kepleri
577 1038 664 1090 studia
682 1043 708 1086 et
724 1035 940 1086 lucubrationibus.
1359 1054 1362 1058 ⁴

205 1104 295 1186 Cujus
319 1112 496 1177 (mactamus
513 1118 540 1166 ia
557 1119 684 1184 operibus,
703 1132 767 1182 quaa
784 1119 830 1168 sub
847 1117 961 1167 manibus
978 1113 1099 1178 babebat)
1122 1108 1331 1170 excusationes
1345 1096 1456 1172 multae

113 1202 186 1256 sunt
213 1205 244 1256 et
267 1195 378 1258 variae
413 1197 543 1262 Primum
566 1198 756 1262 calamitates
779 1199 866 1260 aulae
889 1197 944 1260 sub
966 1195 1142 1279 liudolpho,
1170 1198 1323 1259 turbatum
1345 1206 1457 1260 statum

112 1283 200 1362 regni
232 1293 263 1346 et
285 1285 365 1346 mela
387 1285 567 1361 domestica,
597 1289 702 1368 quibus
731 1307 784 1369 per
812 1288 926 1366 aliquot
949 1305 1044 1348 annos
1066 1306 1132 1348 sum
1153 1286 1314 1365 impeditus
1342 1292 1454 1360 (enupsit

111 1380 179 1431 baec
202 1370 326 1447 Kepterur
352 1397 375 1432 a
401 1379 498 1454 itte),
519 1396 577 1440 non
593 1387 695 1440 teneor
712 1385 877 1458 praestare.
916 1374 1050 1445 Quorum
1064 1383 1251 1438 extemornm
1264 1377 1456 1457 praecipuum

111 1461 172 1524 lroc
204 1471 251 1524 est
280 1465 387 1543 quod,
407 1485 475 1528 oum
505 1467 687 1545 adscriptum
715 1466 784 1528 milri
814 1465 855 1526 sit
884 1465 1027 1526 salarium
1050 1484 1123 1525 sane
1146 1483 1233 1545 qnam
1257 1465 1455 1527 bonestnma
1570 1469 1574 1484 '

111 1549 264 1626 Caesare,
293 1553 323 1614 id
355 1567 455 1618 tamen
480 1575 538 1618 non
562 1555 687 1617 solvitur
695 1574 704 1629 ;
733 1553 790 1616 nisi
814 1576 833 1616 a
855 1553 1067 1616 communitate
1091 1553 1176 1633 hujus
1199 1553 1370 1633 prouinciae
1394 1553 1454 1618 Or-

110 1641 213 1705 dioum
236 1643 382 1705 modicum
407 1644 589 1726 acciperem,
615 1664 652 1706 ne
676 1645 794 1706 domum
817 1643 937 1724 quidem
960 1650 1132 1705 sustentare
1154 1660 1288 1723 possem,
1321 1644 1374 1704 sed
1398 1645 1454 1705 du-

111 1730 183 1792 dum
206 1749 274 1795 cum
296 1733 441 1794 dedecore
464 1717 626 1815 principum
651 1741 824 1799 extraneam
849 1751 935 1812 opem
958 1731 1176 1811 implorassem.
1211 1730 1260 1794 Ex
1283 1730 1339 1794 hoc
1353 1732 1455 1812 sequi-

110 1827 172 1896 tur,
189 1862 192 1868 -
210 1820 289 1900 qnod
320 1837 388 1886 rato
422 1841 632 1886 amanuensem
666 1824 713 1886 alo
743 1831 774 1884 et
791 1822 1031 1892 calculatorem.
1075 1820 1135 1882 Eat
1157 1820 1228 1882 milri
1246 1821 1311 1900 jam
1335 1821 1456 1883 sedulus

110 1909 279 1973 calculator
309 1915 339 1972 et
366 1909 459 1974 totins
496 1912 668 1974 matheseos
688 1929 831 1991 {capsus
849 1909 947 1987 Janus
970 1909 1177 1988 Gringalletas
1200 1908 1374 1984 sabaudus,
1406 1910 1456 1994 qui

110 2017 188 2077 opus
210 1995 441 2078 Ephemeridum
465 2001 493 2062 in
518 2020 611 2063 annos
630 2001 740 2062 multos
759 2001 908 2062 calculare
928 2007 1033 2078 posset
1046 1999 1076 2062 iu
1091 1998 1164 2059 meis
1179 1999 1319 2060 sudibus:
1345 2008 1378 2060 et
1390 2018 1457 2060 cum

111 2088 140 2148 ei
165 2105 222 2170 uon
242 2087 418 2150 satisfacere
441 2091 555 2168 possim
570 2091 741 2152 desertusa
761 2089 971 2162 caesaream,
996 2089 1033 2149 de
1049 2087 1189 2149 diuturna
1203 2089 1266 2170 ejus
1285 2087 1458 2168 praesentia

110 2183 214 2238 certus
237 2195 423 2258 nequaquam
448 2196 522 2244 sum
569 2179 700 2242 Rursum
723 2179 813 2258 igitur
835 2178 864 2239 in
888 2195 936 2238 me
957 2177 1056 2238 solum
1073 2176 1208 2239 recident
1221 2178 1339 2250 omoia3
1362 2196 1457 2258 neque

109 2284 187 2328 sane
210 2267 258 2328 vel
282 2267 386 2328 amicis
409 2268 575 2330 scribendis
598 2268 733 2347 epistolis
756 2267 906 2330 interdum
929 2265 1061 2346 sufficio,
1082 2265 1191 2329 nedum
1213 2267 1251 2327 ad
1274 2267 1453 2328 calculatio-

109 2374 178 2418 nes.
224 2355 302 2420 Sunt
324 2364 356 2418 et
378 2353 499 2438 aliquae
510 2375 657 2420 morarum
676 2376 788 2420 causae
804 2357 833 2419 in
848 2375 915 2418 meo
931 2354 1066 2435 iugenio:
1092 2375 1170 2430 „non
1188 2353 1288 2418 omnia
1300 2372 1458 2435 possumne

110 2447 249 2506 omues.“
295 2445 420 2525 Neque
454 2463 528 2526 ego
561 2447 722 2510 ordinem
744 2455 882 2508 tenere
905 2463 1075 2528 possum:
1113 2454 1361 2524 extemporaueue
1392 2463 1459 2506 sum

110 2552 181 2613 ego,
206 2535 356 2608 contusus,
380 2543 411 2596 et
434 2536 460 2596 si
489 2535 557 2616 quid
582 2534 748 2598 ordinatum
773 2557 792 2596 a
813 2553 860 2596 me
883 2533 1096 2614 proficiscitur,
1119 2533 1220 2598 decies
1241 2533 1275 2596 id
1297 2533 1457 2614 repetitum

109 2629 193 2710 est.¹
216 2623 410 2690 Interdum
432 2641 537 2686 error
560 2625 701 2686 calculi
725 2643 766 2686 ax
790 2624 1078 2705 properatione
1102 2623 1325 2686 commissus
1343 2624 1459 2703 longis-

108 2714 188 2777 simo
225 2717 358 2793 tempore
390 2731 436 2775 me
469 2721 644 2779 remoratur.
691 2713 818 2776 Possem
850 2732 923 2788 sane
955 2712 1071 2780 inlicita
1104 2713 1267 2789 effundem3
1294 2731 1369 2786 ¹nam
1398 2713 1457 2775 etsi

108 2804 201 2865 deest
224 2802 322 2876 lectio,
350 2810 487 2883 superest
509 2802 701 2884 imaginatio:
727 2814 759 2865 st
782 2822 840 2864 non
859 2804 970 2882 placeo
993 2802 1064 2864 mibi
1083 2802 1111 2863 in
1128 2802 1316 2863 confusaneis
1331 2802 1457 2864 talibus:

112 2891 223 2953 taedet
246 2892 402 2971 pigetque3
427 2910 520 2972 coque
543 2894 590 2954 vei
614 2892 721 2973 abjicio
735 2893 783 2953 vel
803 2910 933 2966 reservo,
958 2890 1053 2954 donec
1070 2887 1231 2969 revideam,
1254 2890 1285 2953 id
1304 2900 1353 2952 est
1367 2890 1461 2953 donec

115 3000 198 3045 nova
222 2982 360 3055 scribam,
384 2982 464 3061 quod
482 2984 655 3063 plerumque
678 2983 721 3045 fit.
750 2982 828 3043 Peto
844 2981 934 3042 etiam
950 2980 1068 3041 avobis
1083 2980 1196 3056 amicis,
1210 2989 1244 3041 ut
1257 2998 1294 3041 ne
1308 2989 1461 3041 metotnm

115 3070 267 3133 damnetis
295 3072 324 3132 in
347 3070 506 3151 pistrinum
531 3070 758 3133 calculationum
777 3069 1073 3131 mathematicamm:
1106 3079 1224 3149 tempus
1243 3068 1314 3130 mibi
1329 3069 1367 3131 ad
1389 3089 1462 3148 spe-

114 3159 285 3223 culationes
307 3158 531 3239 philosophicas
554 3160 746 3239 indulgeatis,
771 3158 896 3221 delicias
918 3178 1003 3219 meaa
1025 3158 1139 3221 unicas.
1183 3158 1280 3222 Irasci
1298 3158 1370 3220 mibi
1384 3178 1461 3220 uou-

114 3250 216 3311 nulloa
254 3248 291 3311 ob
321 3248 432 3311 dilatas
463 3248 581 3311 tabulas
604 3248 776 3331 Rudolphi,
804 3266 861 3310 uon
896 3246 1082 3309 dissimulavi
1109 3246 1139 3308 in
1168 3248 1292 3327 prologo
1320 3247 1388 3309 libri
1420 3247 1460 3307 V.

114 3338 374 3413 Harmonicorum,
400 3336 460 3399 dixi
484 3336 609 3415 scilicet,
634 3358 679 3400 me
702 3346 835 3419 ternpore
859 3336 944 3398 abuti
968 3336 1005 3398 ad
1025 3335 1245 3416 speculationes
1262 3336 1461 3402 harmonicas.

29 3488 32 3493 .
116 3427 211 3490 Suum
236 3428 339 3507 cuique
362 3426 531 3507 pulchmm:
564 3426 616 3489 alii
639 3427 759 3489 tabulae
784 3433 815 3487 e‘t
837 3424 963 3488 materia
986 3425 1155 3506 genesium,
1185 3424 1259 3487 mihi
1281 3426 1337 3487 llos
1360 3434 1462 3487 astro·

115 3517 245 3591 nomiae,
270 3516 378 3597 politia
400 3524 533 3578 motuum
558 3527 589 3579 et
612 3525 735 3579 ornatus
757 3516 890 3596 placent.
928 3512 1007 3586 Quid
1022 3514 1196 3597 quodipaae
1206 3514 1339 3576 Tabulae
1354 3533 1463 3577 causas

118 3615 225 3669 serunt
247 3620 411 3667 morarum:
446 3604 520 3667 nihil
552 3607 588 3666 de
612 3604 791 3669 difficultate
816 3605 931 3679 dicam3
963 3606 1031 3685 ipsa
1063 3605 1159 3665 torma
1181 3603 1288 3667 calcnli
1309 3606 1370 3685 jam
1391 3622 1462 3684 per-

116 3694 202 3757 lecta
233 3702 299 3757 tota
330 3693 502 3760 renovanda
534 3702 584 3756 est
621 3695 783 3756 secundnm
818 3693 1031 3775 logarithmos,
1070 3700 1104 3755 ut
1141 3692 1354 3772 superveniens
1386 3693 1463 3755 aliua

116 3783 273 3865 principiis
296 3784 370 3845 meis
394 3782 536 3845 assumtis
560 3784 789 3845 commodiorem
813 3782 895 3844 illum
919 3782 1037 3844 modum
1060 3780 1147 3843 novis
1170 3781 1281 3843 tabulis
1306 3782 1462 3863 exprimat.

117 3874 255 3953 Denique
279 3874 305 3935 si
318 3874 470 3952 perfec-tae
485 3872 620 3934 Tabulae
636 3880 747 3946 esseut,
772 3880 898 3951 possent
910 3878 1011 3933 tamen
1030 3870 1172 3951 impedire
1185 3869 1336 3933 Breheani
1353 3872 1462 3933 editio·

118 3980 197 4036 nem,
223 3962 302 4043 quie,
326 3980 392 4023 cum
415 3960 640 4025 observationes
656 3960 768 4025 Brahei
791 3980 827 4025 ex
851 3961 983 4042 ipsorum
1005 3959 1134 4022 habeam
1157 3977 1310 4036 concessu,
1331 3960 1465 4023 vicissim

117 4050 182 4114 illis
205 4050 368 4114 obstrictos
392 4070 467 4113 sum.

211 4742 375 4828 Inscripsit
395 4742 545 4824 Ksplems
577 4740 768 4815 ianiculum,
800 4738 849 4821 qul
881 4740 1014 4812 conduct
1043 4736 1250 4827 Hipparulm
1275 4740 1461 4822 similiaque:

124 4836 440 4916 ,Restitutionum
481 4830 678 4897 Lanarium
722 4828 971 4907 adverterint,
1015 4831 1112 4910 ipsum
1153 4842 1253 4896 autem
1293 4831 1464 4911 opusculum

119 4928 354 5009 inscriptionem
374 4922 602 5009 praesefert:
700 4958 703 4967 «
