3517 5525
287 374 347 440 1112
406 435 410 443 ,
657 414 661 421 -
807 374 962 457 Argumenta
983 374 1106 441 Cupitum.

825 551 1001 617 PARS
1047 554 1088 617 II.

372 657 451 724 (lap.
471 658 529 708 VII.
566 657 742 720 Parh'sularius
769 658 863 720 explico
890 659 1033 709 occasiones
1057 666 1083 709 et
1099 658 1187 724 'quibus
1210 660 1235 707 ln
1259 656 1380 729 theoriam
1398 652 1631 725 llartisllnclderim

285 739 312 782 et
329 745 393 797 quae
409 743 457 781 me·
469 730 647 797 permorerint,
674 736 835 794 apparentem
861 728 925 781 Solis
943 736 1035 781 motum
1053 730 1122 795 sequi
1140 731 1290 794 primamque
1308 734 1404 791 purtem
1419 728 1473 791 lam
1491 724 1630 777 absolutam

280 804 328 855 hoo
344 803 418 852 modo
435 802 603 867 praemittere.
640 800 767 852 Summam
784 802 862 852 habes
882 801 914 851 ad
934 806 1108 867 argumentum
1127 802 1216 865 capitis
1233 800 1254 850 1.

370 865 449 938 G'ap.
467 870 539 921 VIII.
575 870 681 922 Exhibet
711 872 856 937 hypothesin
883 874 977 936 primae
999 873 1184 939 inaequalitatis
1202 870 1306 926 hlartis.
1333 873 1362 918 ut
1383 881 1415 917 ea
1440 874 1479 919 est
1495 880 1513 917 a
1530 866 1630 919 Braheo

283 945 431 1012 constituta,
450 935 555 1007 euinque
572 943 599 992 iu
615 944 710 1005 tabula.
728 958 793 1010 quae
809 941 1079 1002 tetmtundsmenss,
1098 944 1193 995 scilcet
1210 942 1391 992 ohservationes
1409 938 1585 1002 aoronyclrias,
1605 946 1633 989 st

283 1017 417 1073 effectum,
444 1019 598 1079 computatos
620 1012 716 1074 scilicet
736 1015 804 1066 locos
824 1018 897 1078 Juxta
926 1016 1067 1065 observatos
1089 1028 1228 1078 ‚eorumque
1254 1024 1359 1063 maman
1387 1020 1419 1061 eo
1434 1010 1586 1065 'dinemo
1602 1016 1633 1061 ut

263 1094 413 1153 ,appareret
431 1086 546 1151 auuhaec
562 1085 706 1149 hypothesis
722 1100 799 1152 mque
818 1087 881 1136 adeo
899 1086 1040 1151 scrupulose
1059 1086 1209 1139 consentiret
1231 1084 1373 1135 observatis.
1589 1104 1596 1117 ·

370 1157 447 1223 Gap.
467 1155 522 1208 lx..
537 1157 608 1222 -dglt
625 1157 657 1207 de
675 1158 810 1207 emendata
826 1159 978 1209 assumtione
1006 1158 1188 1207 observatorum
1211 1156 1326 1207 locorum.
1365 1149 1393 1213 1)
1418 1148 1564 1201 &unditus
1585 1165 1630 1201 ne-

226 1224 229 1233 '
281 1230 393 1291 cessitas,
417 1244 461 1295 pro
483 1228 537 1279 loeo
558 1229 676 1292 planetae
700 1230 726 1279 iu
750 1242 795 1279 suo
828 1231 925 1293 proprio
950 1228 1040 1281 circulo
1066 1228 1231 1279 consumendi
1254 1226 1334 1299 locum
1357 1222 1587 1286 etrespondoutem
1604 1222 1631 1299 in

260 1352 264 1359 ,
282 1302 404 1365 ecliptica
440 1297 468 1362 2)
485 1291 621 1353 Beiutatur
638 1300 786 1365 aequalitas
804 1312 879 1365 quam
896 1300 984 1351 tabula
1001 1300 1119 1365 sequitur.
1138 1314 1239 1362 monum
1257 1312 1274 1348 a
1291 1296 1355 1347 nodo
1374 1294 1406 1345 ad
1424 1292 1632 1357 lccumplanetse

265 1374 357 1423 ¹visum
383 1372 512 1438 locumque
540 1371 680 1434 eclipticum
703 1372 904 1437 pertingentium.
942 1368 970 1431 3)
996 1370 1133 1421 Reiutstur,
1153 1378 1180 1425 et
1203 1366 1457 1434 illaaeqnalitaa.si
1476 1364 1630 1417 siceram

191 1484 194 1490 .
267 1442 330 1493 'non
354 1446 380 1494 iu
405 1442 487 1494 locum
504 1443 581 1492 risum
599 1443 644 1492 aed
661 1444 687 1493 in
705 1444 787 1493 locum
804 1457 888 1491 rerum
907 1442 1002 1493 orbitae
1018 1443 1170 1493 terminetur.
1206 1439 1236 1504 1)
1255 1440 1389 1497 Reintatur
1407 1444 1434 1487 et
1450 1435 1542 1487 modus
1556 1436 1628 1486 redu·

279 1502 351 1565 uendi
377 1529 422 1579 per
438 1516 506 1565 ricae
523 1508 661 1565 latitudinis
672 1516 806 1581 angulum,
825 1521 852 1565 et
870 1516 987 1579 astruitur
1004 1514 1091 1564 modus
1114 1512 1248 1565 reducendi
1266 1521 1309 1576 per
1328 1509 1445 1577 sepulum
1462 1508 1631 1559 inclinationis

252 1584 694 1639 ·lanorum.·','‚'
870 1598 873 1602 ·
1356 1608 1358 1611 ·
1611 1630 1615 1642 ,

228 1706 232 1713 ,
279 1600 294 1651 p
369 1654 444 1721 Gap.
462 1655 493 1707 X.
512 1686 515 1693 ·
530 1654 642 1706 Pertinet
660 1655 755 1718 eodem,
775 1656 950 1721 examinetque
968 1662 1084 1721 suscepta
1101 1656 1158 1707 loca
1174 1654 1285 1710 emulos
1306 1667 1338 1703 an
1352 1652 1465 1718 arioni
1477 1645 1628 1701 obaeriasso·

279 1728 351 1777 nibm
373 1722 487 1778 'conecto
503 1733 538 1778 et
561 1734 615 1778 tuto
630 1728 676 1778 “ad
694 1728 830 1791 oppositum
849 1726 916 1779 Solis
931 1728 1005 1779 medii
1022 1728 1115 1778 luerim
1132 1726 1255 1783 deducta,
1280 1724 1451 1787 adduntorque
1479 1728 1505 1775 et
1523 1721 1553 1771 de
1564 1721 1627 1777 aliia

263 1794 455 1861 ‚mhtilltatr‘hui
473 1796 707 1860 admonitiunculas,
725 1799 870 1863 nmmum
888 1799 919 1849 de
936 1798 1066 1863 parallesi.
1097 1798 1130 1849 Et
1147 1798 1269 1849 hactenus
1287 1808 1391 1863 eramen
1410 1792 1520 1861 tabulas.
1568 1798 1588 1837 '-

259 1927 262 1933 ¹
371 1870 442 1935 (lap,
461 1862 624 1934 nfidelem
643 1886 701 1937 erpo
720 1870 973 1921 accommodationem
993 1870 1025 1921 ad
1044 1868 1108 1919 Solis
1127 1872 1289 1937 apparentem
1302 1864 1626 1931 inceptsmssrsdnsctons
1674 1928 1682 1941 ἡ

215 1938 219 1948 ’
281 1935 308 1993 et'
335 1940 481 1993 deductione
499 1942 631 2007 „legitima
659 1951 688 1992 ut
704 1956 738 1992 ne
755 1942 813 2006 quid
830 1944 857 1992 in
875 1956 908 2001 ea
925 1956 1035 2005 peccem,
1053 1943 1120 2005 prius
1137 1942 1232 2007 inquiro
1250 1940 1390 2005 parallaxes
1407 1936 1496 2003 Mutis
1515 1936 1626 1993 diurna

280 2009 855 2081 1')‚Nsne‚qutddsiisnr'sho,ussonsen·s
894 2010 922 2075 2)
948 2013 1027 2063 Probo
1046 2028 1076 2063 ex
1093 2012 1186 2063 Brahel
1205 2012 1339 2062 observatis
1356 2023 1400 2075 per
1418 2014 1499 2057 notos
1517 2005 1628 2056 horarios

244 2098 249 2105 ·
278 2091 304 2135 et
322 2086 430 2143 musaea,
448 2084 608 2136 insensibiles
619 2100 683 2149 pene
700 2090 801 2135 cesset
817 2084 924 2136 minores
942 2098 1017 2149 qnam
1035 2091 1150 2148 putamm
1169 2098 1222 2135 esse
1242 2082 1348 2134 Solares.
1380 2076 1407 2141 e)
1426 2078 1628 2141 Perludumap·

276 2156 341 2221 plico
360 2161 389 2206 ct
404 2170 474 2218 meas
493 2151 675 2207 observationes
694 2156 781 2206 eodem
798 2162 955 2220 spectantes:
974 2156 1060 2221 quihus
1069 2157 1219 2221 peculiarem
1233 2156 1327 2220 erplioo
1336 2149 1479 2223 methodmn
1488 2148 1630 2215 inquirendi
1656 2214 1658 2221 .

277 2225 414 2292 parallarin
433 2227 546 2278 diurnam
565 2228 781 2300 per¹lqtitudinom
798 2228 979 2278 mesanam.
1358 2284 1362 2292 ,

255 2302 262 2311 ’
347 2312 583 2381 ,casm-1)
604 2306 775 2383 nmsphu
801 2314 878 2367 noso
896 2315 984 2367 nnus
1009 2313 1095 2365 moeu-
1113 2314 1207 2367 srsus
1225 2314 1380 2380 posenno
1403 2304 1436 2364 ox·
1458 2310 1628 2369 suenrus„

277 2386 361 2437 uolua
387 2394 413 2436 et
437 2401 550 2442 censura
596 2385 626 2449 2)
652 2386 742 2445 hlodm
768 2388 846 2445 allus,
875 2388 915 2452 qm'
939 2389 1114 2452 praesupponit
1137 2389 1250 2455 cognitas
1275 2386 1435 2451 aequationea
1463 2382 1572 2433 eccentri
1597 2394 1632 2439 er

265 2457 430 2517 vPrutssnicis,
464 2451 608 2513 Ptolemaeo
637 2466 684 2511 aut
707 2459 814 2509 Braheo.
861 2458 955 2521 Quibus
989 2459 1060 2508 sitnm
1088 2459 1282 2516 demonstratur,
1311 2456 1403 2507 nodum
1426 2451 1628 2515 descendam,

278 2531 318 2592 qui
336 2529 466 2593 inquiritur
483 2536 590 2595 quatuor
606 2530 824 2593 observationibus,
843 2537 870 2581 et
888 2530 1073 2587 ascendentem.
1091 2532 1132 2595 qui
1150 2530 1254 2587 duabus,
1274 2528 1373 2579 esse‘in
1391 2524 1517 2591 oppositae
1530 2524 1626 2589 eclipti-

240 2630 249 2643 .
276 2614 323 2651 cae
340 2600 409 2651 locis.
548 2643 551 2650 ,
695 2648 698 2653 ,
1342 2618 1346 2625 ·
1499 2636 1504 2651 .
1705 2644 1708 2647 .

272 2705 275 2712 .
355 2671 435 2735 ·-Gap.
453 2670 523 2722 XIII.
562 2670 589 2734 1)
603 2673 774 2725 luminationis
792 2673 921 2737 planorum
938 2670 1012 2743 paulo
1029 2674 1205 2724 intricatiorem
1225 2686 1281 2723 esse
1294 2672 1414 2723 rationem
1434 2668 1626 2735 omnditurper

276 2756 362 2798 omues
378 2749 430 2794 tres
447 2743 538 2798 formas
554 2740 734 2810 hypothesium.
758 2740 786 2807 2)
804 2744 894 2796 Modus
904 2738 983 2802 unus.
1002 2758 1201 2811 praesupponunt
1213 2742 1491 2814 aequationeseccentri
1500 2744 1623 2809 cognitas,
1640 2773 1643 2780 ι

273 2815 374 2882 qumodo
392 2815 461 2874 Mars
478 2820 617 2880 vespertino
636 2817 749 2872 occubitu
768 2817 806 2867 rel
825 2823 911 2868 exortu
922 2820 1051 2876 ¹matutino
1069 2833 1114 2882 per
1129 2817 1333 2886 inaequalitatem
1346 2817 1450 2884 primam
1462 2815 1489 2864 iu
1501 2805 1622 2865 limitibus

275 2889 359 2938 luerit:
377 2893 438 2937 tuno
456 2887 522 2937 enim
540 2889 593 2939 risa
610 2886 716 2938 latitudo
733 2897 825 2953 aequat
836 2903 920 2938 veram
932 2887 1118 2938 inclinationem
1130 2889 1234 2940 limitum
1251 2889 1283 2938 sd
1296 2886 1442 2951 eclipticam·
1481 2881 1508 2948 3)
1528 2879 1619 2940 Otia!-

275 2959 353 3017 ditur‚
379 2959 407 3008 in
424 2955 516 3023 quauto'
536 2973 596 3010 arou
613 2960 777 3028 elongationis
796 2974 813 3010 a
831 2959 888 3010 Sole
905 2960 931 3010 ld
948 2973 1031 3009 rerum
1049 2962 1089 3017 stt,
1108 2961 1181 3026 idque
1199 2967 1252 3012 tem
1269 2961 1296 3009 in
1314 2959 1485 3024 copemtosss
1502 2967 1577 3023 quarn
1594 2957 1622 3006 ln

275 3030 430 3080 Ptolemaiou
447 3029 591 3094 hypothesis
617 3038 643 3082 et
667 3031 791 3096 perficitur
809 3031 903 3094 aliquot
920 3029 1128 3086 obsecrationibus
1147 3033 1214 3084 ciros
1231 3036 1360 3098 unumque
1378 3031 1487 3080 limitem.
1525 3025 1555 3091 1)
1573 3027 1620 3080 as·

162 3094 174 3117 ”
277 3101 372 3153 condus
389 3101 476 3152 modus
493 3101 553 3152 nihil
572 3103 715 3154 deuteruna
732 3103 780 3152 uisi
797 3102 904 3152 selectas
922 3107 949 3154 et
965 3115 1035 3152 raras
1053 3103 1244 3160 observationes,
1263 3103 1289 3152 ln
1307 3103 1393 3166 quibus
1404 3100 1445 3152 Sol
1463 3102 1496 3150 sit
1507 3100 1621 3154 innodis.

272 3170 344 3223 Mars
362 3173 388 3222 in
406 3171 526 3238 quadrato
540 3164 620 3226 ¹Solis:
644 3181 670 3224 et
687 3173 728 3225 hic
745 3189 789 3237 per
807 3174 900 3238 aliquot
923 3174 1104 3225 observationes
1122 3175 1254 3239 perficitur.
1292 3173 1319 3237 b)
1340 3173 1491 3238 Ampliatnr.¹
1503 3169 1621 3222 ustam

274 3245 363 3302 ceteris
391 3244 549 3313 manentibus
571 3245 620 3296 alio
643 3245 697 3296 loco
719 3246 796 3310 possit
813 3259 884 3304 mae,
903 3259 977 3311 quam
994 3246 1021 3297 io
1038 3246 1170 3310 quadrato·
1178 3247 1250 3304 Solis.
1269 3251 1296 3297 ct
1312 3247 1349 3296 alc
1368 3244 1419 3295 sits
1435 3257 1510 3314 quam
1527 3242 1620 3300 tinius.

274 3323 345 3367 certa
362 3321 456 3373 tamem
477 3305 607 3382 colligitur
624 3319 685 3371 certi
703 3318 751 3369 loci
768 3317 906 3367 inchoatio
932 3313 970 3377 t)
991 3317 1135 3382 Applicstur
1152 3319 1193 3368 hic
1211 3318 1296 3368 modus
1315 3324 1341 3368 et
1358 3315 1526 3381 Ptolemaiou
1543 3314 1620 3378 hypo·
1651 3319 1655 3332 ’
1704 3369 1708 3375 ,
1746 3329 1758 3364 Α

272 3387 345 3446 thesi,
364 3401 429 3453 quae
446 3387 524 3438 habet
541 3389 649 3456 aliquam
667 3387 849 3439 difficultatem.
889 3384 919 3450 ’1)
935 3387 1036 3438 'l'ertr'us
1049 3389 1136 3439 modus
1154 3405 1198 3454 per
1216 3389 1358 3440 observatas
1383 3389 1408 3438 in
1427 3387 1490 3439 Selia
1509 3388 1620 3455 opposito

246 3463 251 3475 “
272 3459 417 3510 latitudines
434 3459 535 3518 iueedh,
555 3459 693 3527 adiungens
709 3460 897 3525 praecognitam
916 3461 1095 3524 proportionem
1110 3461 1217 3520 orbium
1237 3462 1374 3512 traducitur
1387 3465 1470 3510 autern
1485 3469 1620 3524 ροιοιιιιιοι

233 3533 237 3541 ’
271 3537 322 3598 tres
339 3530 511 3594 hypothesium
527 3531 626 3581 formas
1004 3583 1006 3590 ,

362 3599 435 3665 Gap.
454 3601 523 3651 xlv.
560 3601 598 3651 lix
617 3602 790 3652 demonstratis
808 3601 898 3664 capitis
916 3599 984 3652 XIII.
1004 3617 1074 3668 porro
1088 3604 1210 3655 relumtur
1228 3604 1308 3670 opinio
1327 3609 1446 3660 veterum,
1464 3602 1622 3669 quasiplana

272 3668 514 3744 eccentnorum'aint
528 3672 651 3722 libratilia
689 3673 879 3724 Demonstratur
898 3675 977 3732 enlm,
1005 3675 1203 3738 inclinationem,
1231 3678 1298 3727 intra
1321 3675 1417 3742 quidem
1436 3675 1508 3726 unlus
1526 3673 1565 3724 rel
1583 3673 1620 3724 al-

203 3751 206 3754 ’
271 3746 346 3795 terius
364 3744 442 3794 seculi
458 3744 584 3800 terminos,
602 3756 657 3816 esse
675 3749 838 3795 constantem.

226 3813 230 3818 ’
350 3814 435 3879 ‘cap
461 3809 517 3865 XV.
558 3815 595 3864 Er
619 3816 828 3866 ohserrstionlbus
855 3815 942 3866 ricinis
970 3815 1123 3868 arithmetice
1146 3817 1300 3882 inquiruntur
1324 3818 1392 3880 locs,
1421 3829 1484 3882 quae
1511 3815 1622 3882 possedit

270 3888 339 3938 Mara
363 3886 408 3935 suh
421 3883 549 3958 ‘ardoulos
563 3887 745 3951 pp'positionum
763 3901 819 3937 cum
838 3886 902 3939 Solis
919 3895 988 3937 motu
1007 3890 1143 3952 apparenti,
1163 3903 1242 3954 eaque
1261 3890 1413 3956 corriguntur
1430 3903 1474 3953 per
1491 3889 1619 3940 centones

244 4021 248 4032 Ι
269 3959 393 4011 hasnum
411 3963 551 4027 tractatass
577 3956 681 4023 denique
703 3957 830 4008 exhibetur
847 3972 931 4008 eorum
950 3959 1036 4010 tabula
1053 3975 1096 4023 pro
1114 3961 1274 4011 laudamento
1292 3974 1371 4010 norae
1390 3961 1548 4024 operadonis.

360 4045 431 4111 (lap.
450 4041 519 4110 XVI.
555 4048 596 4098 Ad
621 4049 784 4100 imitationem
808 4050 884 4114 igitur
911 4056 1019 4098 vscerum
1039 4050 1197 4101 dissimulatis
1216 4053 1296 4102 causis
1314 4051 1420 4116 physicis
1438 4053 1549 4116 ponitur.
1572 4053 1620 4104 iter

208 4159 212 4165 .
270 4118 389 4183 planetae
407 4133 462 4170 esse
480 4119 607 4178 thomum
631 4121 776 4184 poniturque
794 4121 861 4169 intra
886 4123 939 4184 ojus
962 4121 1116 4185 complexum
1134 4139 1188 4173 esse
1207 4127 1325 4188 punctum
1343 4123 1455 4188 aliquod,
1475 4123 1618 4190 circaquod
1683 4121 1687 4130 '

270 4190 414 4254 aequalibus
431 4190 535 4254 planeta
552 4191 703 4255 temporibus
720 4191 838 4256 aequales
856 4192 969 4244 absolvat
981 4193 1098 4259 angulosr
1117 4195 1228 4258 interque
1240 4193 1299 4244 illud
1312 4203 1338 4245 et
1357 4201 1468 4244 centrum
1485 4193 1549 4246 Solis
1563 4211 1616 4246 rer·

262 4263 320 4330 ‘sari
347 4267 458 4314 cenum
476 4262 561 4313 circuli
583 4263 729 4327 planetarii,
755 4263 874 4313 distantia
892 4265 1027 4329 incognita.
1064 4265 1111 4314 His
1130 4268 1215 4330 positis
1234 4272 1259 4317 et
1278 4267 1392 4316 assumtis
1411 4273 1516 4330 quatuor
1533 4267 1615 4318 obaer-

269 4332 408 4383 rationibus
432 4334 587 4398 aoronychlis
611 4349 666 4384 eum
690 4334 751 4385 locis
769 4336 814 4385 sub
833 4335 934 4386 zodiaco
954 4343 979 4387 et
996 4337 1132 4393 intervallis
1151 4339 1322 4401 temporariis,
1350 4337 1478 4402 inquiritur
1502 4337 1617 4389 methodo

267 4404 463 4455 laboriosissima
479 4405 541 4455 situs
559 4404 684 4471 utriusque
703 4408 783 4457 cenni
800 4407 846 4456 sub
864 4408 975 4466 zodiaco.
995 4407 1116 4459 distantia
1134 4423 1150 4458 a
1168 4415 1252 4460 centro
1270 4407 1334 4458 Solis
1352 4415 1378 4460 et
1396 4410 1615 4473 proportloutriua-

268 4485 315 4541 que
334 4476 535 4531 emontricitatis.
555 4491 611 4526 cum
630 4477 662 4526 sd
680 4491 707 4528 ae
724 4485 810 4529 mutuo
833 4485 885 4527 tnm
905 4479 936 4528 ad
954 4479 1050 4529 radium
1066 4479 1171 4540 circuli.

359 4563 445 4629 Cap.
463 4563 544 4615 XVlI.
582 4564 772 4630 comparatione
790 4567 898 4617 locorum
918 4567 1007 4633 aphelli
1028 4576 1053 4618 et
1070 4569 1203 4626 nodorum,
1225 4582 1289 4632 quae
1313 4568 1380 4619 inere
1405 4576 1515 4633 tempore
1533 4569 1615 4622 Ptole·

267 4634 341 4694 maei,
360 4651 418 4687 oum
434 4637 511 4687 nosen
528 4639 643 4701 temporis
661 4639 776 4695 inventis,
796 4637 918 4704 colligitur
935 4649 1015 4690 motus
1034 4639 1137 4698 illorum.
1155 4641 1310 4692 necessarius
1328 4643 1442 4704 sequenti
1461 4643 1545 4706 capiti.

356 4726 436 4792 Gap.
453 4724 547 4776 xvm.
584 4724 696 4778 Tandem
721 4727 796 4792 igitur
820 4728 958 4778 ostenditur
981 4743 1011 4780 ex
1034 4730 1083 4782 heo
1101 4731 1137 4779 sic
1160 4730 1260 4778 inventa
1285 4724 1428 4793 hypothesi.
1455 4745 1523 4796 quae.
1537 4745 1615 4796 apps-

266 4801 332 4849 renti
347 4799 426 4849 motui
444 4797 507 4850 Solis
525 4799 650 4857 innititur,
677 4799 768 4850 salrtri
792 4814 890 4849 omnem
906 4803 1062 4852 observatum
1082 4800 1241 4866 longitudinm
1259 4808 1352 4850 motum
1370 4803 1437 4850 circa
1456 4799 1520 4854 Sol'u
1538 4817 1613 4866 oppo-

266 4871 351 4993 gtoutqri,
377 4871 451 4938 idque
478 4869 557 4922 molto
585 4869 675 4920 sertim
701 4883 776 4936 quam
793 4873 873 4936 priua,
902 4887 958 4923 cum
976 4871 1117 4938 hypothesis
1136 4871 1271 4922 Brsheana
1288 4873 1434 4924 inniteretur
1451 4873 1532 4925 medio
1550 4873 1615 4924 Solis
