3517 5525
287 374 326 447 16
718 374 748 430 lu
767 374 950 427 commentaris
967 373 999 425 ds
1016 380 1086 426 motu
1103 372 1192 426 Martis

284 560 331 616 42.
364 558 512 631 Epieyolus
534 556 629 629 agitur
649 555 739 610 mixta
758 554 784 609 vi
804 555 918 626 propria
938 560 968 609 at
987 559 1065 610 nutu.

284 639 331 696 43.
365 640 413 694 Vis
434 638 572 694 naturalis
594 636 725 691 continua
745 643 795 691 est.

285 722 331 777 44.
364 718 490 792 Epioyoli
511 726 600 773 motus
622 735 675 771 non
696 722 741 771 est
760 734 797 770 ex
820 717 895 773 nuda
914 716 941 770 vi
961 714 1093 771 naturali.
1134 716 1179 771 Ex
1202 714 1248 771 43.
1268 721 1299 769 et
1319 714 1364 771 20.

462 877 700 948 Praeparatio
722 877 761 931 ad
784 876 1047 931 Commentaria
1065 875 1098 931 in
1119 874 1305 930 Theoriam
1324 874 1459 929 liartis.

307 994 332 1049 l.
366 992 462 1048 Brevis
483 989 637 1055 excusatio,
659 1009 707 1046 our
726 989 829 1046 veritas
850 990 982 1046 historiae
1003 990 1158 1045 minutatim
1179 994 1372 1047 oonaeotanda.

305 1074 332 1131 2.
369 1073 483 1128 Ooeasio
504 1074 639 1127 adrentus
659 1072 713 1127 mei
734 1072 762 1127 in
778 1071 942 1131 ,Bohemiam
961 1079 992 1126 et
1011 1072 1176 1142 suseipiendi
1197 1072 1270 1127 huno
1288 1073 1421 1129 laborem.

306 1155 333 1211 3.
368 1154 493 1209 Tabulae
514 1152 585 1207 Solis
606 1152 789 1223 Tyohooioae,
811 1168 872 1207 eum
891 1152 1030 1207 distantiis
1050 1152 1192 1207 solaribus
1213 1170 1250 1205 ex
1270 1151 1573 1225 Progymnasmatibus.

308 1236 335 1291 4.
369 1227 494 1289 Tabulae
515 1233 717 1305 oppositionum
737 1232 885 1287 mediarum
906 1237 932 1300 0'
953 1238 982 1286 et
1003 1236 1044 1301 Q.

307 1315 334 1371 5.
368 1316 494 1369 Tabulae
516 1320 540 1381 (ς
562 1312 625 1369 inde
646 1320 814 1369 exstructae.

306 1396 332 1451 6.
369 1396 447 1457 Quae
468 1393 496 1448 in
523 1392 586 1449 aliis
615 1392 682 1448 loeis
713 1398 858 1448 ooourrunt
886 1392 1078 1462 oonoeptiones
1099 1394 1132 1447 de
1154 1398 1189 1460 d.
1230 1393 1269 1446 Ut
1292 1393 1450 1462 exemplum
1478 1391 1507 1446 iu
1534 1390 1634 1463 genai

365 1474 511 1545 Rudolphi.
552 1473 664 1529 Relatio
685 1473 713 1527 in
735 1472 917 1537 mechanicis,
946 1472 975 1527 in
994 1473 1065 1528 libro
1089 1472 1279 1542 Epistolarum
1299 1474 1336 1527 ad
1354 1469 1576 1543 Landgrsvium;
1605 1471 1636 1525 in

366 1554 492 1626 epistolis
513 1555 549 1607 ad
568 1553 721 1625 Maginnsn,
743 1553 808 1627 quia
827 1554 850 1607 is
870 1552 946 1623 prior
972 1552 1138 1609 mentionem
1165 1553 1301 1623 injeoerat
1328 1553 1355 1607 iu
1385 1553 1507 1623 epistola
1526 1554 1561 1606 ad
1581 1568 1634 1607 me.

363 1637 433 1690 ltem
453 1652 491 1689 ex
511 1634 582 1691 libro
603 1636 636 1689 de
650 1640 758 1689 oorueta
777 1650 804 1689 a.
827 1633 874 1697 11,
896 1635 967 1703 quod
986 1635 1127 1703 pendeant
1147 1651 1238 1688 omnes
1260 1634 1341 1688 orbes
1362 1633 1480 1687 amedio
1500 1638 1575 1687 motu
1591 1635 1634 1701 Q.

307 1714 332 1771 ¹1.
366 1714 544 1771 Examinatio
563 1715 749 1769 reduetionum
770 1733 807 1769 ex
827 1712 909 1767 oertis
930 1712 1170 1769 observationibus
1190 1716 1225 1768 ad
1245 1720 1383 1786 momenta
1402 1712 1613 1783 oppositionum.

306 1796 334 1853 8.
367 1794 544 1851 Examinatio
564 1802 684 1850 motuum
711 1794 856 1849 mediorum
878 1800 904 1861 (ς
926 1802 956 1848 et
976 1797 1025 1861 Q,
1050 1794 1262 1864 oompetentiurn
1290 1793 1430 1849 annotatis
1461 1792 1632 1863 temporibus

366 1874 566 1947 oppositionum
586 1875 735 1929 mediarum
756 1881 781 1943 (ς
802 1877 894 1942 etQ.

218 1998 222 2003 .
307 1956 334 2011 9.
368 1955 546 2011 Examinatio
566 1956 862 2027 prosthaphaereseon‚
884 1970 934 2007 seu
954 1954 1075 2010 lotorum
1095 1970 1220 2009 veromm
1241 1954 1453 2009 eoeentrioorum
1474 1950 1539 2021 6²1⁸·

291 2037 335 2092 10.
368 2035 582 2100 Demonstratio.
605 2035 709 2106 quibus
724 2035 834 2107 angulis
855 2033 898 2089 usi
918 2034 1001 2089 sint'
994 2052 1022 2087 ιιι
1041 2035 1200 2089 reductione
1221 2037 1256 2089 ad
1276 2034 1441 2105 eoliptioam.

289 2118 333 2171 ll.
463 2157 476 2179 ,,
763 2155 780 2179 ι,
848 2114 889 2169 uti
909 2114 1062 2178 debuerint,
1083 2121 1113 2169 et
1133 2123 1239 2187 quauta
1256 2115 1323 2171 hino
1342 2115 1449 2169 existat
1468 2114 1633 2168 differentia.

290 2195 335 2250 12.
370 2195 492 2267 Physica
512 2194 720 2259 demonstratio,
739 2196 819 2266 ‘quod
845 2194 1001 2249 reducenda
1021 2194 1058 2249 sit
1081 2194 1153 2249 haee
1179 2196 1278 2252 tabula
1297 2198 1332 2251 ad
1353 2210 1434 2249 veras
1456 2194 1483 2263 00
1501 2196 1533 2261 Q
1554 2199 1632 2262 etd

367 2294 404 2330 ex
424 2292 484 2333 meo
504 2274 647 2347 Mysterio.

289 2355 335 2411 13.
370 2358 486 2420 Causae,
508 2372 555 2411 our
568 2354 597 2409 in
610 2354 799 2426 computandis
813 2352 879 2409 loeis
894 2354 1052 2410 eeoentrieis
1067 2355 1161 2426 Tyoho
1176 2371 1195 2409 a
1208 2372 1272 2409 vero
1286 2346 1632 2427 nonmoesserittongtus,

366 2438 393 2493 h.
414 2455 438 2493 e.
459 2434 676 2507 aequipollentia
694 2434 897 2506 hypothesium

291 2516 336 2571 14.
370 2516 585 2579 Demonstrabo.
608 2518 678 2587 quod
699 2515 911 2571 intolerabiliter
930 2514 1088 2586 peooetur
1079 2534 1108 2572 sn
1128 2514 1425 2585 prosthsphaeresibus
1444 2514 1518 2570 orbis
1538 2516 1633 2581 annui

370 2596 394 2651 si
415 2597 508 2651 altera
527 2594 664 2669 oppositio
684 2613 734 2666 pro
756 2597 854 2659 altera,
876 2612 944 2650 vera
962 2612 1013 2665 pro
1033 2595 1123 2653 media
1141 2596 1187 2649 vel
1207 2603 1306 2651 ooutra
1325 2595 1482 2665 arripiatur.

292 2676 337 2735 15.
370 2675 505 2732 Reduotio
526 2676 642 2733 tabulae
663 2678 698 2731 ad
717 2692 797 2731 veras
818 2676 1013 2746 oppositiones.

290 2757 335 2815 16.
369 2758 416 2813 Ex
435 2757 508 2812 datis
523 2756 685 2830 Tyohouiois
699 2755 772 2812 eirea
792 2756 978 2828 oppositiones
991 2756 1095 2812 medias
1115 2756 1237 2812 inventio
1256 2754 1361 2827 aphelii
1374 2763 1404 2810 et
1417 2755 1632 2812 eoeeutrioitatis

368 2841 403 2894 ad
424 2837 640 2908 suppositionem
660 2853 785 2892 veranum
807 2836 1016 2907 oppositionum.
1057 2838 1134 2900 Quod
1153 2839 1186 2892 tt
1209 2852 1306 2892 orassa
1325 2836 1459 2892 Minerva.
1499 2837 1573 2893 ldem
1594 2855 1633 2894 ex

370 2919 442 2974 datis
463 2917 647 2982 Ptolemaiou,
669 2925 699 2972 et
718 2925 807 2972 motus
829 2917 933 2987 aphelii
953 2917 1024 2974 hirst.

292 2995 337 3056 17.
370 3000 414 3056 Ex
437 3000 457 3054 4
477 2997 694 3069 oppositionibus
708 2997 886 3073 ἁκρινυχιοις
904 2997 1025 3054 inventio
1046 2995 1150 3069 aphelii
1164 3002 1195 3051 et
1206 2997 1420 3054 eooentrioitatis
1434 2997 1481 3052 ria
1494 2997 1635 3054 laboriosa

369 3087 399 3134 et
419 3077 537 3144 difficili,
567 3078 682 3149 indeque
708 3079 876 3149 computatio
901 3077 1017 3132 aliorum
1042 3077 1127 3132 etiarn
1153 3079 1274 3134 looorum
1293 3078 1321 3132 in
1342 3079 1448 3134 tabula
1488 3077 1541 3134 Hie
1561 3096 1633 3133 eom·

369 3158 497 3231 pendium
516 3176 566 3229 pro
588 3158 797 3230 aequationibus
818 3157 1005 3224 Ptolemaiois,
1029 3164 1059 3212 et
1082 3158 1301 3230 aequipollentia
1321 3159 1509 3230 hypotheseos
1530 3159 1632 3230 Ceper-

369 3239 484 3294 uioauae
504 3247 535 3294 ot
554 3239 747 3296 Ptolemaioae.

294 3317 337 3376 18.
372 3319 577 3376 Demonstratio
597 3337 649 3390 per
668 3320 883 3384 observationes,
904 3319 931 3374 h.
945 3335 969 3373 e.
989 3335 1041 3389 per
1060 3317 1302 3392 investigationem
1321 3317 1505 3390 proportionis
1527 3317 1633 3374 orbium

371 3401 398 3456 in
418 3401 531 3471 aphelio
553 3408 582 3455 et
602 3400 746 3470 perihelio,
768 3402 839 3471 quod
858 3399 972 3452 inventa
986 3399 1020 3453 N.
1033 3398 1077 3453 17.
1098 3399 1290 3454 eooentrioitas
1308 3399 1421 3454 veritati
1440 3398 1550 3454 nonsit
1569 3417 1633 3454 ooo-

370 3497 452 3544 sons‚
483 3483 531 3535 sed
559 3486 668 3536 tanturn
696 3481 783 3534 faeiat
809 3481 844 3534 ad
871 3479 1050 3532 moderandas
1079 3480 1269 3549 aequationes.
1310 3474 1449 3548 (Addetnr
1472 3478 1635 3552 suffragium

371 3560 508 3633 Tyehonis
538 3559 611 3614 eirea
638 3558 807 3616 latitudines.
849 3559 879 3612 ln
907 3557 960 3611 hae
989 3558 1221 3614 demonstratione
1250 3559 1352 3614 munii
1381 3561 1465 3614 debet
1492 3561 1579 3614 Terra
1607 3559 1637 3614 in

371 3639 543 3712 longitudine
578 3639 668 3694 media
701 3639 743 3694 sui
777 3637 886 3694 circuli·
913 3645 943 3692 et
965 3636 1086 3706 prodibit
1116 3656 1171 3696 eoo.
1205 3638 1295 3694 media
1330 3639 1475 3712 aequantia
1503 3641 1634 3697 eooentri·

372 3717 485 3786 ditatis.)

333 3843 340 3857 .
375 3801 413 3854 Ut
433 3807 526 3856 summ
546 3807 576 3854 et
595 3799 683 3856 Terra
702 3797 792 3854 ubivis
812 3760 901 3868 aooipi
920 3798 1020 3868 possit,
1046 3803 1076 3852 et
1095 3798 1175 3854 simul
1202 3799 1356 3869 speeuletio
1376 3799 1450 3854 eirea
1472 3805 1637 3869 mouentem

373 3887 453 3935 tanto
472 3880 575 3934 reetius
597 3881 738 3951 procedat,
761 3895 897 3949 suspensa
915 3877 1132 3934 oonsideratione
1153 3880 1253 3934 stellae
1275 3886 1310 3948 (ς,
1331 3881 1497 3934 redeundum
1518 3881 1553 3935 ad
1567 3897 1634 3936 exa·

371 3961 547 4016 minationem
567 3960 759 4016 distantiarum
781 3962 813 4027 Q
834 3965 865 4014 ot
885 3959 919 4033 ὅ.
958 3957 1076 4014 Primum
1097 3959 1250 4031 alleganda
1269 3960 1406 4032 Tyohonis
1426 3958 1635 4026 animadversio,

372 4041 418 4113 qui
439 4039 585 4111 aliquando
605 4058 704 4096 norum
725 4039 871 4103 oiroellum.
893 4039 1040 4110 aliquando
1061 4039 1267 4112 ampliationem
1287 4041 1360 4096 orbis
1375 4039 1458 4095 annui
1478 4040 1635 4112 suspicatus

372 4121 433 4187 huit,
454 4127 484 4176 et
504 4119 530 4176 in
551 4121 655 4177 tabulis
676 4127 702 4190 d
723 4121 878 4192 peculiares
905 4135 1030 4174 numeros
1056 4119 1189 4176 adhibuit
1229 4121 1287 4176 Nos
1307 4121 1391 4176 idox
1417 4120 1515 4176 vitiose
1536 4121 1636 4176 omisso

373 4207 512 4274 aequante
532 4203 634 4257 Terrae
653 4201 763 4273 prodire
783 4200 909 4256 dicemus.

294 4283 341 4338 20.
375 4285 448 4337 idem
468 4283 627 4338 Ptolemaeo
648 4284 677 4338 in
696 4282 806 4338 theoria
827 4280 852 4353 Ω
874 4289 904 4336 et
923 4282 944 4348 p
964 4279 1094 4334 accidisse
1115 4281 1299 4352 probabimus.

294 4365 341 4418 21.
375 4363 444 4418 Rern
465 4381 503 4416 ex
522 4362 589 4434 ipsis
603 4363 740 4435 Tyrrhenis
762 4361 997 4417 observationibus
1017 4361 1130 4431 propina
1150 4362 1335 4432 probabimus,
1357 4362 1404 4418 ubi
1416 4361 1504 4434 primo
1518 4362 1636 4418 omnium

373 4443 519 4514 eatalogus
540 4449 569 4498 et
596 4443 736 4515 dispositio
762 4441 982 4497 observationum
1003 4447 1028 4508 (ς
1049 4440 1078 4495 in
1098 4442 1243 4514 Tycham,
1267 4444 1339 4498 unde
1363 4441 1514 4498 neeessitas
1539 4443 1637 4499 hm

374 4522 593 4579 observationum
613 4521 828 4578 luculentissime
848 4522 1016 4595 probabitur.

295 4603 340 4660 22.
374 4604 492 4659 Ριίιιιιιιιι
512 4621 580 4676 ergo
600 4603 768 4675 propositum
789 4620 881 4658 erasse
901 4621 939 4657 ex
952 4601 1023 4656 binis
1043 4602 1281 4658 observationibus
1295 4603 1406 4675 aequali
1425 4604 1636 4664 eommutatione

373 4684 536 4749 erinoemua
556 4685 603 4740 ubi
624 4692 654 4740 et
673 4684 817 4738 methodus
836 4681 989 4736 inveniendi
1009 4683 1080 4737 haee
1099 4689 1244 4739 momenta

295 4765 342 4822 23.
376 4767 450 4820 Idem
471 4782 507 4818 ex
521 4765 713 4820 observatione
734 4763 902 4834 aoronyehia
921 4763 1025 4826 collata
1038 4779 1098 4818 oum
1112 4763 1219 4834 aliquot
1238 4765 1476 4821 observationibus
1496 4765 1634 4836 parallao-

304 4893 307 4900 .
375 4845 444 4910 tiois,
464 4843 512 4899 ubi
525 4846 656 4900 dimensio
670 4845 750 4900 suntsi
766 4843 923 4908 habebitur,
945 4845 1017 4914 quod
1030 4861 1070 4900 so.
1083 4859 1206 4916 aequans
1221 4844 1266 4900 hie
1279 4863 1386 4917 quoque
1406 4847 1518 4919 duplum
1530 4845 1636 4902 haheat

374 4924 525 4982 eoeentrioi.
