3517 5525
291 404 357 478 406
769 403 808 461 n·
825 402 932 462 musa
951 397 1043 462 sana
1061 406 1148 463 nam

292 592 447 677 apsidibus
473 591 517 664 A,
542 586 567 652 Ο
595 588 817 652 innocentibus:
850 596 935 650 tanto
963 588 1121 670 pauciores
1148 587 1280 662 calculus
1308 587 1426 668 colligit
1454 587 1623 668 distantias,

291 690 395 763 utpote
419 702 438 742 a
458 679 576 758 magnis
597 697 685 740 arcus
707 677 842 758 partibus
865 679 1078 740 emendicatas.
1125 678 1191 740 lllic
1212 678 1242 739 in
1265 678 1305 750 A,
1331 676 1364 750 0,
1390 679 1466 759 qnod
1490 679 1624 758 singulae

291 793 351 834 non
373 776 499 852 possunt
530 767 709 840 distantiae,
733 766 771 828 ob
793 765 974 830 brevitatem
997 767 1025 828 in
1050 767 1184 841 calculo,
1211 766 1241 826 id
1271 765 1432 828 crebritate
1459 775 1625 847 praestant,

291 869 325 923 ut
343 863 443 941 justas
465 875 564 920 moras
591 857 794 918 accumulent:
827 855 893 931 hic,
919 856 995 936 quod
1026 856 1224 934 longitudine,
1256 873 1342 936 quarn
1366 855 1395 916 in
1419 857 1534 920 calculo
1557 863 1627 918 sunt

292 952 408 1023 nactae,
432 953 600 1027 peccarent,
626 945 656 1007 id
679 946 769 1006 latius
793 953 824 1006 et
846 945 945 1008 laxius
969 945 1112 1024 dispersis
1135 963 1251 1006 rursum
1275 943 1406 1025 eripitur.

378 1037 450 1100 Dixi
472 1037 509 1096 de
532 1034 616 1097 initio
639 1041 671 1096 et
692 1036 764 1108 line,
790 1035 868 1114 quod
892 1035 994 1096 eadem
1017 1034 1221 1116 proportione,
1251 1052 1325 1114 quae
1349 1041 1397 1095 est
1419 1032 1474 1094 ΕΗ
1497 1033 1536 1094 ad
1558 1032 1623 1109 ΗΒ,

291 1128 434 1208 incipiant
462 1124 580 1187 differre
612 1131 643 1185 at
674 1141 761 1184 arcus
792 1122 894 1184 circuli
927 1123 964 1184 ab
995 1123 1133 1202 cllipticis
1161 1121 1191 1184 in
1214 1124 1243 1184 A
1273 1130 1304 1182 et
1326 1122 1370 1196 Ο,
1406 1130 1437 1184 et
1463 1121 1625 1184 distantiae

287 1220 400 1299 justae,
423 1215 462 1275 ab
485 1213 535 1288 iis,
566 1231 641 1292 quas
664 1231 736 1273 area
756 1211 873 1291 ellipsis
904 1211 1033 1292 colligit,
1064 1212 1093 1272 in
1115 1212 1142 1274 B
1167 1217 1199 1272 et
1221 1212 1377 1291 opposito,
1409 1211 1626 1274 eadem-etiarn

289 1305 482 1388 proportione
505 1301 645 1363 desinant
663 1302 789 1375 differre,
812 1300 950 1362 nimirum
964 1290 1154 1380 proportione
1178 1300 1379 1380 aequalitatis,
1403 1319 1491 1362 arcus
1508 1300 1625 1380 quidem

292 1397 324 1459 in
345 1397 382 1469 B,
404 1395 441 1467 E,
466 1390 629 1455 distantiae
653 1409 723 1452 vero
745 1390 774 1451 in
798 1389 837 1463 A,
862 1388 897 1452 G.
1168 1382 1187 1417 '⁴

277 1486 281 1492 '
379 1481 546 1546 Dicendum
569 1498 645 1540 nunc
667 1488 716 1539 est
738 1479 815 1539 idem
839 1479 929 1540 etiam
954 1477 992 1540 de
1013 1495 1174 1558 progressu
1197 1475 1384 1555 intermedio.

377 1572 506 1652 Emerita
527 1567 629 1632 lineae
647 1568 717 1642 NA,
731 1565 789 1629 no
812 1587 833 1629 a
851 1569 961 1648 porois
983 1566 1086 1628 initiis
1104 1587 1164 1649 per
1185 1564 1300 1630 celeria
1321 1559 1512 1630 inmernentn
1533 1585 1626 1649 supc-

177 1677 182 1688 '
290 1670 364 1726 rant
386 1660 494 1741 aliquo
515 1656 649 1721 notabili
675 1656 779 1719 lineas
800 1656 904 1730 All03
934 1663 964 1719 et
984 1655 1137 1729 uidemur,
1169 1655 1224 1718 ubi
1245 1656 1381 1719 mamone
1406 1663 1571 1737 superant,
1594 1661 1628 1717 ut

290 1753 347 1814 BN
369 1751 473 1832 ipsam
487 1748 552 1820 ΗΒ,
574 1748 620 1808 ibi
632 1748 821 1808 incrementa
843 1747 958 1810 senum
980 1745 1191 1807 emoriuntur:
1213 1743 1366 1807 inmedio
1383 1751 1456 1810 sard
1477 1745 1626 1816 munima

293 1844 381 1904 circa
411 1833 604 1900 camoliam
635 1830 890 1896 eneruauerunt
935 1835 1032 1898 Patet
1053 1835 1090 1896 id
1112 1832 1341 1913 medardenses
1367 1853 1406 1896 en
1433 1835 1630 1914 aemadonie

291 1927 405 2012 aemulo
428 1925 661 1988 caecantibus.
712 1925 873 2000 Quanam
902 1926 984 1986 euim
1010 1941 1120 1984 secans
1149 1919 1258 2002 mapali
1285 1924 1483 2004 aequationis
1509 1923 1629 2004 optione

293 2019 397 2100 differt
419 2038 440 2079 a
461 2017 533 2076 mnu
555 2021 630 2086 toto,
660 2013 844 2076 cananaea
863 2013 938 2094 sere
966 2013 1071 2093 differt
1091 2011 1144 2072 BN
1170 2029 1192 2072 a
1213 2010 1289 2083 ΒΗ,
1321 2011 1472 2094 oppositis
1502 2008 1629 2092 capuciis

293 2107 513 2188 aequationem
533 2122 567 2164 se
586 2109 694 2166 mutum
716 2102 761 2163 ad
781 2103 863 2164 bunc
880 2104 1114 2184 proportionem
1133 2097 1362 2184 acijuoanto'bua.
1405 2101 1504 2181 Atqui
1524 2102 1628 2162 inee-

293 2205 398 2259 rnento
418 2199 577 2256 secuntum
598 2191 795 2270 aequationis
821 2192 941 2270 opticoe
963 2191 1049 2252 circa
1072 2184 1133 2250 45⁰
1154 2195 1226 2250 earet
1245 2191 1318 2270 fere
1343 2190 1508 2262 marium
1537 2188 1628 2250 initio

294 2294 324 2348 et
337 2287 405 2367 fine
426 2280 615 2364 quadrantis
636 2279 740 2342 tardo.
785 2279 865 2344 Vide
887 2280 926 2340 de
948 2281 999 2341 bis
1011 2279 1109 2360 finem
1131 2295 1199 2359 cup.
1218 2277 1358 2340 XLIII.
1397 2281 1499 2358 Atque
1521 2277 1630 2340 eudem

296 2377 333 2438 in
347 2371 552 2456 proportione
571 2369 820 2449 proprediomtur
839 2369 935 2430 etiam
956 2369 1147 2430 incrernersta
1167 2385 1298 2428 arcuum
1326 2365 1534 2448 ecliptica-am
1551 2385 1628 2448 per-

294 2460 554 2545 pendistdmidua
584 2457 641 2518 KL
670 2457 897 2520 distinctorum.
943 2457 1031 2518 Num
1058 2456 1093 2516 in
1115 2453 1288 2536 principiis
1308 2455 1355 2529 A,
1388 2456 1413 2518 C
1443 2475 1537 2518 metus
1557 2455 1627 2527 ΑΚ,

296 2571 419 2633 seraper
439 2550 480 2609 ab
503 2549 530 2608 A
553 2548 708 2626 inceptus,
732 2544 777 2605 ad
797 2546 1019 2607 innectendum
1046 2563 1138 2606 suum
1160 2550 1220 2615 eat,
1243 2551 1279 2605 ut
1301 2544 1356 2606 LK
1378 2545 1423 2607 ad
1445 2543 1517 2606 ΚΜ.
1564 2541 1630 2606 Sed

297 2643 367 2723 ipse
389 2657 486 2701 orcum
507 2642 590 2698 totus
616 2653 752 2715 parmae,
784 2635 883 2716 ipitnr
902 2653 1037 2713 paruum
1058 2640 1086 2694 et
1108 2633 1337 2694 incrementum.
1383 2631 1425 2694 In
1438 2635 1519 2714 fine,
1543 2635 1630 2696 circu

297 2730 334 2803 B,
356 2725 516 2809 proportio
538 2724 594 2785 ΑΕ
617 2722 661 2785 ad
682 2723 738 2787 AB
759 2723 832 2805 sere
854 2723 898 2785 ud
914 2720 1140 2805 ›aequalitatem
1160 2719 1328 2801 redipitur,
1353 2723 1412 2785 etri
1432 2741 1564 2804 mapnua
1585 2727 1631 2785 esi

300 2838 395 2881 arctes
407 2815 474 2887 AB,
493 2821 597 2896 utpote
609 2814 729 2876 munus
743 2812 932 2892 quadranti:
945 2820 980 2875 ut
992 2812 1039 2873 ita
1051 2828 1179 2875 mosum
1196 2829 1332 2891 parumn
1343 2812 1385 2874 eit
1399 2813 1628 2877 ianuam.

298 2909 340 2971 In
360 2904 463 2969 medio
485 2904 583 2985 ipitar
605 2902 692 2965 circu
713 2897 773 2963 45⁰
794 2901 1057 2965 nidmnnuiaam
1079 2906 1123 2962 en
1145 2899 1367 2963 incrementum
1387 2920 1533 2987 arcuum¹

385 2996 476 3055 Patet
497 2992 596 3070 igitur,
620 2991 712 3051 etiarn
734 2990 765 3051 in
787 3007 948 3069 progressu
971 2987 1112 3069 aequales
1136 3006 1202 3049 esse
1227 2988 1368 3063 rationes,
1392 3000 1534 3070 quantum
1555 2988 1629 3053 sub-

299 3084 347 3146 tili
370 3080 604 3143 consideratione
628 3078 699 3139 licet
720 3078 877 3159 inquirere.

339 3193 344 3210 ¹
390 3167 615 3235 Demonstratio
647 3175 681 3229 ut
702 3168 871 3232 cemma
906 3166 949 3227 ita
971 3163 1090 3245 ἄτεχνος
1113 3172 1161 3225 est
1183 3172 1214 3224 et
1236 3162 1468 3245 ripaurpacprprac,
1491 3174 1630 3247 quantum

303 3262 421 3342 quidem
453 3258 562 3321 attinet
590 3256 667 3317 hauc
697 3263 834 3336 partem,
864 3255 901 3316 de
929 3272 1088 3333 progressu
1120 3252 1361 3315 intermediomm
1398 3264 1629 3336 augmentorum.

305 3349 471 3429 Cuperem,
504 3356 537 3407 ut
560 3352 674 3419 cetera,
706 3346 750 3406 sic
776 3346 853 3405 hanc
883 3360 996 3424 quoqne
1025 3342 1203 3421 particulam
1233 3343 1410 3420 geometrice
1439 3352 1471 3407 et
1497 3344 1632 3427 insopor

302 3438 454 3517 expediri3
484 3436 527 3497 sic
555 3444 588 3495 ot
618 3433 709 3495 etiam
735 3432 905 3511 Apolloniis
938 3430 1075 3493 satisfiat.
1126 3429 1248 3493 Interim
1280 3430 1347 3492 durn
1378 3432 1455 3495 alius
1485 3432 1631 3515 quispiam

301 3528 378 3589 banc
400 3523 547 3587 invenerit
568 3530 599 3583 et
621 3522 820 3594 adornaverit,
844 3526 963 3601 oportet
984 3538 1039 3581 nos
1062 3520 1117 3580 buo
1140 3536 1207 3581 esse
1231 3528 1398 3584 contentos.

388 3614 460 3675 XV.
505 3610 566 3673 Sed
588 3617 778 3691 pertexamns
801 3608 1094 3682 demonstrationem,
1126 3626 1225 3670 arcum
1250 3608 1398 3687 ellipseos,
1423 3610 1506 3691 cujus
1531 3628 1630 3674 moras

301 3704 421 3767 metitur
443 3720 515 3763 area
535 3699 634 3773 ΑΚΝ,
659 3698 766 3760 debere
789 3698 941 3765 terminari
964 3697 994 3759 in
1017 3696 1082 3770 LK,
1106 3705 1140 3758 ut
1163 3697 1204 3758 sit
1225 3696 1298 3759 AM.

388 3793 541 3853 Hactenus
564 3788 640 3849 enirn
663 3781 819 3878 bersaprur
836 3786 937 3850 iubae
960 3786 1086 3860 fictione,
1112 3785 1216 3865 siquis
1233 3794 1349 3847 tanturn
1372 3786 1538 3850 abundaret
1559 3789 1629 3864 otio,

304 3890 338 3943 ut
360 3898 460 3942 aream
482 3877 623 3956 ellipseos
646 3877 739 3937 vellet
759 3884 945 3955 computare,
970 3875 1099 3936 futurum
1122 3892 1204 3950 esse,
1225 3879 1260 3935 nt
1282 3875 1515 3955 area·ellipseos
1536 3878 1630 3941 AMN

303 3992 376 4032 usus
398 3970 464 4031 loco
486 3966 695 4028 distantiarum
717 3966 809 4046 ipsius
825 3966 890 4027 AM
916 3964 1050 4037 totidem,
1075 3973 1148 4043 quot
1166 3970 1236 4025 sunt
1249 3962 1279 4024 in
1292 3964 1352 4025 ΔΚ
1375 3984 1461 4026 arcus
1481 3966 1630 4048 aequales,

307 4078 366 4120 nun
388 4058 429 4119 sit
451 4076 471 4117 a
493 4074 583 4135 scopo
614 4054 822 4119 aberraturus..
858 4054 941 4115 Haec
964 4052 1005 4113 sit
1030 4052 1115 4113 nobis
1145 4050 1240 4114 instar
1268 4053 1480 4133 propositionis
1509 4055 1631 4136 majoris

303 4148 446 4209 hactenus
470 4146 701 4206 demonstratae.

391 4236 536 4296 Minorem
561 4233 626 4311 jam
658 4232 832 4311 subjungam
856 4249 894 4290 ex
917 4228 1156 4310 protheoremate
1179 4228 1237 4303 111,
1260 4228 1291 4289 iu
1313 4247 1370 4309 quo
1398 4238 1549 4296 ostensum
1571 4244 1628 4313 est,

304 4325 347 4387 uti
369 4344 443 4385 area
464 4321 549 4384 AKC
573 4342 605 4383 ae
633 4320 725 4381 habet
746 4322 785 4381 ad
814 4337 915 4381 aream
938 4315 1041 4391 AMO,
1073 4318 1116 4379 sic
1140 4317 1228 4379 mum
1259 4335 1325 4378 esse
1354 4338 1456 4381 aream
1477 4322 1567 4387 ΑΚΝ
1590 4327 1630 4389 ad

307 4432 407 4476 aream
424 4413 526 4484 AMN.
565 4407 760 4473 Concluditur
777 4408 876 4487 igitur,
897 4424 961 4469 cum
979 4406 1275 4487 aequemultiplicium
1293 4410 1445 4487 proportio
1459 4410 1500 4473 sit
1514 4412 1629 4491 eadem,

306 4504 402 4584 ipsam
424 4502 515 4563 etiam
538 4516 637 4561 aream
659 4498 760 4559 circuli
781 4496 871 4559 ΑΚΝ
893 4496 990 4557 metiri
1014 4515 1159 4559 summam
1181 4494 1388 4557 distantiarum
1410 4498 1628 4567 diametralium

258 4577 262 4597 ⁸
307 4597 356 4665 (ut
377 4591 441 4664 ΚΤ,
465 4591 522 4663 ΤΙ)
546 4608 598 4650 seu
624 4586 819 4667 elliptioarum
857 4584 951 4665 ipsius
983 4585 1046 4648 AM
1080 4585 1218 4657 totidem,
1249 4593 1321 4663 quot
1346 4584 1448 4648 insunt
1473 4599 1576 4669 partes
1598 4594 1629 4657 in

305 4682 375 4743 ΑΚ.
420 4679 506 4742 Unde
529 4684 630 4757 patet,
663 4682 743 4737 recte
771 4673 907 4753 partibus
939 4674 1077 4755 ellipseos
1106 4674 1189 4735 circa
1206 4672 1245 4747 A,
1271 4668 1295 4733 O
1319 4674 1512 4739 confertiores
1539 4682 1629 4745 tribui

306 4769 477 4841 distantias,
511 4764 636 4827 totidem
657 4780 774 4844 nempe,
802 4771 874 4844 quot
904 4762 1122 4828 constituuntur
1144 4761 1174 4823 in
1197 4780 1234 4823 ea
1256 4760 1405 4826 saoneres
1425 4784 1478 4845 per
1499 4782 1628 4853 perpun.

307 4859 454 4919 diculares
476 4854 543 4921 KL,
565 4852 603 4913 ab
625 4851 797 4933 aequalibus
812 4852 945 4912 arcubus
968 4852 1061 4932 ipsius
1084 4850 1142 4913 ΑΚ
1166 4850 1328 4913 venientes.

392 4946 439 5011 lie
462 4941 579 5023 quiade
602 4940 728 5002 veritate
749 4940 793 5001 rei
814 4939 939 5014 dubitet,
962 4940 1073 5002 diffisus
1097 4938 1253 5003 subtilitati
1273 4945 1304 5000 et
1325 4938 1515 5021 perplexitati
1537 4966 1628 5029 argu.
