3517 5525
285 339 350 407 264
764 344 804 396 De
820 343 933 397 Motibus
952 345 1045 399 Stellae
1063 344 1151 399 Martia

282 520 450 602 plicissima
470 528 504 583 et
525 520 770 602 aequabilissima
784 522 908 603 eligere,
931 522 998 585 ideo
1018 542 1194 607 quaeremus
1209 523 1362 599 circulum,
1385 523 1437 607 qni
1450 523 1532 589 circa
1547 542 1639 587 suum

271 619 416 673 '‘centrnm
439 616 558 671 moveat
559 630 594 671 nr
616 610 791 692 aequaliter,
816 612 868 695 qni
890 612 977 675 nobis
1000 612 1113 675 efficiat
1134 613 1214 717 quqd
1237 621 1286 676 est
1307 614 1503 695 propositum.
1551 611 1640 677 Cen-

284 700 400 763 stitutis
422 698 514 779 igitur
536 698 719 780 partibusin
733 700 803 777 AK,
826 702 885 765 AL
899 700 1074 784 aequalibus
1089 703 1127 766 ab
1141 706 1172 767 A
1188 702 1326 785 inceptis,
1350 701 1468 767 scillcet
1481 702 1552 777 ΑΚ,
1566 701 1639 775 AL,

284 796 501 852 connectantur
523 796 635 869 puncta
657 790 696 865 K,
720 790 747 852 L
770 798 854 853 recta
877 800 1000 855 secante
1022 792 1115 855 MP
1106 812 1136 855 ιιι
1162 792 1203 857 C:
1229 800 1261 855 et
1282 800 1387 857 centro
1411 790 1436 857 G
1460 791 1559 873 spatie
1578 788 1641 853 CK

284 878 432 941 scribatur
455 876 584 940 circulus
607 879 792 943 eccentricus
814 881 895 957 MN,
920 880 1005 961 cujus
1027 888 1127 945 motus
1151 882 1192 944 sit
1214 880 1295 945 circa
1317 888 1453 945 centrum
1474 879 1638 971 regularis.

283 965 540 1050 Repraesentabit
568 967 644 1029 haec
671 967 849 1050 hypothesis
878 971 1032 1050 planetam
1059 970 1161 1035 debito
1193 971 1274 1047 loco,
1321 970 1353 1035 in
1386 970 1478 1033 lineis
1506 968 1641 1052 quatuor

253 1058 356 1134 ἈΜ,
379 1057 449 1133 AN,
471 1056 541 1131 ΑΚ,
564 1056 631 1119 AL.
676 1059 722 1120 At
748 1078 810 1121 non
837 1059 913 1121 haec
941 1060 1119 1142 hypothesis
1147 1060 1228 1135 sola,
1262 1061 1317 1123 sed
1339 1058 1553 1123 multaealiae
1576 1057 1638 1121 hoc

282 1156 408 1229 possent
429 1145 539 1220 facere,
564 1146 634 1227 qnia
655 1149 797 1226 generale
820 1148 878 1210 hoc
901 1148 1015 1212 habent
1037 1158 1068 1213 et
1089 1148 1280 1212 verissimum
1294 1149 1424 1231 quidem,
1445 1156 1481 1211 ut
1494 1154 1642 1229 punctum

283 1236 477 1319 aequalitatis
503 1243 602 1298 motns
626 1236 668 1298 sit
690 1235 721 1299 in
743 1237 832 1311 linea,
856 1258 932 1319 quae
955 1239 1022 1301 loca
1044 1239 1184 1321 planetae
1208 1238 1239 1301 in
1262 1238 1359 1300 lineas
1381 1238 1452 1314 ΑΚ,
1475 1238 1533 1301 AL
1556 1236 1640 1301 inci-

282 1326 382 1390 dentis
409 1332 588 1399 connectat,
621 1325 744 1407 ejusque
768 1346 803 1387 eo
825 1336 956 1408 puncto,
986 1347 1043 1410 quo
1074 1337 1159 1391 secat
1180 1328 1256 1391 haec
1278 1326 1361 1391 linea
1382 1328 1452 1391 MP.
1498 1325 1637 1408 Cumque

280 1436 318 1478 ex
339 1415 516 1497 praemissis
539 1415 725 1496 absorpserit
746 1415 821 1477 haec
837 1416 1013 1498 hypothesis
1038 1436 1170 1479 errorem
1193 1416 1323 1481 omnium
1350 1416 1512 1481 maximum
1535 1416 1636 1499 hypo-

278 1506 401 1567 theseos
423 1503 531 1586 prioris
555 1500 619 1578 ΟΡ,
642 1522 748 1586 nempe
771 1504 873 1581 KAV,
898 1506 988 1569 LAX
1011 1506 1091 1569 eirca
1114 1515 1238 1587 quartas
1261 1506 1418 1589 temporis,
1442 1524 1498 1569 nee
1520 1524 1638 1569 novum

278 1614 410 1657 errorem
433 1592 602 1655 committat
624 1593 705 1666 (cum
729 1593 809 1655 eirca
831 1593 905 1669 AM,
929 1594 984 1658 ΑΡ
1007 1596 1100 1677 priori
1123 1594 1359 1679 aequipolleat):
1389 1615 1480 1677 quare
1504 1594 1532 1658 si
1555 1594 1633 1657 baec

277 1683 455 1767 hypothesis
480 1683 577 1743 adbuc
605 1693 726 1762 peccat,
757 1683 788 1745 id
811 1684 905 1746 multo
928 1685 1026 1747 minus
1049 1684 1108 1747 erit
1139 1693 1296 1765 peccatum
1327 1702 1417 1766 quam
1438 1684 1542 1747 KAV.
1588 1683 1634 1745 Et

277 1774 348 1856 quia
378 1774 410 1835 in
440 1770 514 1847 cM,
540 1769 609 1846 CN,
635 1770 707 1849 CK,
731 1769 785 1835 GL
817 1773 948 1835 officium
979 1774 1070 1849 fecit,
1102 1782 1258 1856 peceatum
1288 1774 1334 1849 (si
1365 1774 1446 1855 quud
1477 1776 1635 1855 superest)

276 1863 398 1925 recedet
419 1861 451 1923 ιιι
475 1869 602 1943 quatuor
626 1860 694 1923 loca
726 1862 804 1923 inter
830 1862 898 1943 J'am
927 1863 1009 1925 dicta
1039 1864 1217 1927 intermedia
1250 1864 1360 1945 fietque
1393 1862 1474 1927 circa
1507 1869 1635 1926 octavas

275 1961 379 2034 partes
407 1958 589 2031 temporum,
620 1970 687 2013 cnm
708 1951 740 2012 in
764 1948 789 2013 0
814 1952 856 2013 sit
876 1954 1021 2034 temporis
1051 1972 1201 2017 mensura.
1251 1951 1385 2015 Bisectis
1414 1951 1506 2032 igitur
1528 1950 1634 2027 MOK,

275 2039 364 2104 KCN
386 2041 514 2121 angulis,
538 2040 684 2102 ducantur
705 2060 760 2121 per
784 2039 809 2103 O
833 2040 910 2105 dnae
933 2060 1029 2105 novae
1051 2042 1171 2117 lineae,
1196 2049 1335 2105 secantes
1359 2040 1635 2106 circumferentiam

277 2132 308 2192 in
332 2130 371 2206 Q,
385 2132 422 2206 T,
440 2131 479 2206 R,
501 2129 544 2191 S:
569 2129 627 2190 erit
650 2130 731 2192 eirca
752 2129 829 2191 haec
851 2139 963 2211 puncta
986 2151 1070 2194 error
1091 2132 1252 2205 maximus,
1276 2130 1303 2194 si
1325 2130 1392 2213 quis
1416 2136 1473 2195 est.
1505 2129 1640 2192 Referet
1673 2156 1676 2165 ι

276 2229 378 2283 autem
398 2220 476 2281 haec
497 2218 674 2301 hypothesis
693 2220 846 2302 planetam
869 2222 951 2283 circs
970 2230 1095 2283 octavas
1118 2229 1286 2301 temporum
1306 2220 1338 2282 in
1356 2220 1454 2283 lineas
1470 2216 1540 2295 ΑΟ,
1555 2218 1628 2295 AR,

275 2309 340 2384 AS,
362 2309 429 2371 AT.
476 2307 526 2371 sit
552 2307 617 2387 jam
644 2310 693 2383 (nt
721 2308 752 2370 in
779 2308 915 2385 Marte),
948 2318 982 2373 nt
1012 2330 1072 2373 non
1105 2310 1216 2373 debeat
1247 2310 1371 2392 planeta
1400 2317 1471 2390 post
1500 2316 1627 2371 octavas

276 2399 420 2479 temporis
449 2397 540 2458 restit
541 2396 632 2458 ntorii
663 2416 808 2480 apparere
839 2397 871 2460 ιιι
902 2399 991 2462 lineis
1013 2396 1091 2475 AQ,
1114 2399 1190 2474 AR,
1213 2399 1286 2473 AS,
1310 2400 1386 2461 AT:
1418 2398 1473 2461 sed
1504 2397 1567 2461 illic
1597 2398 1630 2460 in

276 2490 364 2550 lineis
387 2488 452 2559 AF,
475 2485 532 2547 AB
555 2486 775 2566 superioribus,
799 2485 902 2557 hiem
924 2486 996 2565 AG,
1020 2488 1079 2553 AD
1108 2488 1326 2553 humilioribus
1373 2488 1455 2569 Ergo
1484 2487 1511 2549 si
1541 2486 1627 2568 prius

276 2597 360 2641 error
383 2576 473 2638 KAV
498 2570 692 2658 fuit10¹y,⁰,
722 2576 787 2657 jam
814 2594 898 2641 error
925 2576 1011 2649 QAF
1043 2578 1116 2640 ιιι
1127 2578 1185 2641 erit
1214 2596 1377 2679 pancorum
1408 2577 1626 2657 scrupulorum.

277 2664 519 2747 Deprehenditnr
550 2672 651 2727 antem
681 2665 713 2729 in
739 2666 840 2729 Marte
864 2666 950 2739 QAF
973 2667 1022 2729 vel
1044 2663 1188 2731 Rane‘
1220 2666 1357 2743 circiter,
1391 2668 1445 2731 sed
1467 2663 1554 2731 SAG
1576 2666 1628 2727 vel

279 2756 365 2820 TAD
390 2754 510 2818 circiter
532 2751 598 2818 28‘.

366 2845 469 2908 Tertio
500 2844 592 2923 igitur
625 2851 656 2906 et
677 2844 752 2906 haec
774 2843 952 2927 hypothesis
976 2845 1159 2926 corrigatur;
1191 2845 1271 2927 quod
1297 2852 1331 2908 ut
1352 2843 1435 2908 varie
1459 2847 1506 2918 (et
1527 2843 1629 2907 nemi-

276 2936 371 3000 natim
401 2954 455 3015 per
486 2932 675 2996 librationem
702 2935 805 3015 puncti
836 2933 861 2997 O
891 2934 922 2996 in
945 2933 1027 2996 linea
1049 2934 1123 3008 CA)
1145 2935 1210 2998 fieri
1231 2942 1350 3016 potest,
1382 2935 1427 2996 ita
1447 2934 1532 2996 nulle
1553 2933 1630 2998 reli-

275 3027 364 3107 gione
392 3022 588 3105 impedimur,
622 3031 765 3104 punctum
794 3023 989 3104 aequalitatis
1018 3023 1043 3088 O
1071 3026 1162 3087 fixum
1189 3025 1318 3088 retinere
1346 3023 1377 3086 in
1400 3023 1548 3086 distantia
1571 3022 1629 3088 CA

277 3116 315 3178 ob
339 3115 481 3195 angulum
502 3114 612 3188 KAV,
651 3119 683 3174 et
703 3113 845 3194 planetae
867 3113 949 3176 viam
972 3113 1134 3178 etiamnum
1157 3113 1285 3176 retinere
1309 3112 1493 3176 circularem.
1540 3111 1628 3186 Quae

274 3205 335 3268 tria
365 3224 403 3266 en
426 3201 551 3265 arbitrio
575 3210 725 3281 suscepta,
749 3221 811 3265 non
833 3202 1088 3266 demonstratione
1113 3202 1228 3278 evicta,
1256 3210 1366 3282 cogent
1387 3221 1443 3264 nos
1466 3201 1628 3265 eceentriei

275 3303 411 3358 centrum
424 3312 463 3354 ex
477 3292 502 3355 (l
517 3300 626 3371 puncto
641 3291 835 3372 aequalitatis
848 3301 948 3354 motus
964 3291 1130 3372 deprimere
1145 3291 1177 3354 in
1192 3295 1229 3368 B,
1245 3299 1279 3354 ut
1296 3292 1338 3354 sit
1355 3293 1401 3356 HI
1423 3310 1479 3372 pro
1494 3291 1569 3367 MN,
1594 3300 1627 3354 et

277 3383 533 3465 corpusplanetae
547 3399 585 3442 ex
594 3381 634 3455 Q,
649 3382 689 3454 R,
700 3381 771 3454 S,T
786 3380 936 3456 discedat,
950 3399 1075 3444 manens
1084 3389 1184 3444 tanmn
1194 3383 1224 3444 in
1234 3380 1323 3444 lineis
1334 3379 1399 3456 00,
1419 3380 1486 3458 GR,
1502 3379 1562 3456 CS,
1574 3379 1627 3445 GT

279 3475 365 3555 (quia
387 3471 466 3553 apud
490 3469 515 3533 O
538 3479 640 3531 manet
662 3466 808 3530 dimensio
831 3469 1009 3551 temporis),
1032 3471 1191 3552 veniatque
1213 3471 1244 3533 in
1268 3471 1355 3551 signs
1376 3472 1412 3546 F,
1430 3469 1468 3546 Ε,
1485 3466 1525 3545 G,
1543 3471 1572 3534 D
1596 3477 1629 3532 et

277 3565 351 3626 fiant
373 3561 437 3635 QF,
456 3560 523 3633 ER,
539 3557 602 3631 SG,
618 3559 673 3620 ΤΒ
695 3564 814 3632 tantae,
837 3568 871 3621 ιιι
894 3557 989 3633 ΩΑΡ,
1004 3560 1093 3624 ΕΑΒ
1113 3562 1187 3624 fiant
1210 3556 1256 3635 90,
1280 3569 1311 3622 et
1333 3558 1428 3635 SAG,
1451 3559 1537 3624 TAD
1561 3557 1624 3624 280.

276 3656 343 3716 Hoc
375 3652 456 3712 facto
484 3646 644 3729 absorptus
667 3645 726 3708 erit
748 3654 779 3710 et
800 3646 853 3710 ille
876 3667 959 3710 error
981 3648 1012 3710 in
1036 3649 1152 3712 octavis
1174 3657 1360 3732 temporum,
1392 3657 1424 3711 et
1445 3647 1625 3732 hypothesis

277 3751 345 3804 octo
368 3739 446 3804 locis
464 3736 663 3838 justissimam
686 3735 840 3798 exhibebit
861 3736 1086 3817 longitudinem.
1134 3737 1236 3812 Quare
1258 3738 1366 3802 iterum
1389 3738 1417 3800 si
1439 3738 1506 3819 quie
1528 3745 1626 3802 restat

276 3851 373 3907 error,
407 3830 435 3891 is
467 3825 525 3889 erit
553 3825 584 3888 in
618 3825 775 3888 sedecimis
803 3834 986 3907 temporum,
1016 3827 1092 3890 loeis
1115 3827 1309 3890 intermediis.
1355 3828 1402 3891 At
1423 3826 1495 3910 quia
1515 3827 1625 3892 tertius

275 3921 325 3983 hic
353 3916 535 3981 eccentricus
558 3916 604 3978 HI
625 3923 689 3978 ιιιιιι
710 3914 806 3996 primo
829 3915 1043 3997 aequipollet
1035 3936 1065 3980 ιιι
1088 3915 1163 3980 locis
1184 3918 1265 3993 AM,
1284 3917 1357 3994 ΑΡ,
1381 3935 1471 4000 quam
1494 3917 1623 3980 secundo

276 4010 309 4071 in
330 4007 445 4072 locis
436 4025 558 4087 msnper
585 4005 661 4079 ΑΚ,
679 4004 753 4067 AL.
779 4005 893 4068 nullum
919 3997 1011 4086 igitbr
1039 4025 1149 4070 novum
1170 4005 1282 4087 ingerit
1298 4025 1444 4070 errorem.
1490 4007 1533 4070 Et
1554 4005 1624 4088 quie

276 4097 401 4162 secundi
428 4115 511 4158 error
538 4102 604 4156 erat
624 4093 771 4157 maximus
794 4094 826 4157 in
849 4095 966 4157 octavis
989 4105 1172 4177 temporum,
1212 4095 1264 4177 qui
1291 4096 1358 4177 jam
1378 4104 1429 4159 est
1451 4095 1622 4177 absorptus,
1667 4095 1671 4106 ’

255 4186 403 4251 ‚restabit
429 4183 521 4265 igitur
546 4185 577 4246 in
606 4181 764 4246 sedecimis
794 4183 831 4246 de
858 4182 956 4246 veteri
983 4201 1083 4248 errore
1107 4204 1191 4248 error
1221 4185 1315 4248 multo
1347 4186 1452 4248 minor.
1504 4185 1622 4258 Quodsi

277 4273 469 4358 proportione
491 4281 618 4348 ummnr,
642 4278 684 4347 ut,
708 4272 779 4352 qnia
799 4272 888 4352 primi
911 4273 1072 4337 eccentrici
1094 4293 1177 4338 error
1191 4275 1248 4338 fuit
1265 4268 1346 4360 10¹s,
1356 4273 1377 4352 ⁰,
1402 4273 1525 4338 secundi
1539 4293 1622 4338 error

277 4363 309 4429 90
332 4364 381 4427 vel
404 4358 472 4438 280,
494 4381 599 4444 nempe
621 4360 703 4424 illius
726 4361 950 4442 septuagesima
972 4369 1004 4424 et
1026 4363 1169 4426 vicesima
1191 4364 1295 4446 quinta
1317 4382 1406 4446 pars,
1425 4365 1491 4444 J'am
1512 4364 1622 4426 iterum

277 4455 412 4537 totuplos
435 4449 580 4514 faciamus
604 4449 752 4514 secundos
775 4469 891 4514 errores
914 4451 1089 4516 tertiorum:
1113 4453 1202 4534 plane
1218 4453 1300 4536 intra
1314 4471 1455 4518 sensuum
1470 4453 1620 4516 desectum

277 4545 430 4626 negotium
452 4540 636 4620 coegerimus
659 4538 751 4602 etiam
773 4538 854 4602 circa
876 4539 1043 4604 sedecimas
1065 4543 1219 4626 temporis.

241 4670 245 4685 ·
365 4634 414 4695 Ita
443 4629 493 4691 vel
513 4629 580 4710 jam
604 4635 707 4711 patet,
737 4634 884 4710 qnatenus
921 4637 953 4692 et
984 4633 1130 4713 quomodo
1161 4650 1263 4694 verum
1295 4641 1437 4716 sequetur
1468 4650 1507 4696 ex
1532 4631 1619 4695 salsis

226 4763 230 4772 ·
276 4721 444 4805 principiis.
468 4737 574 4800 nempe
596 4717 644 4793 id,
673 4717 781 4799 quod
772 4737 805 4780 ιιι
826 4717 909 4781 bisce
932 4718 1055 4797 falsum,
1088 4721 1220 4804 speciale
1243 4728 1291 4786 est
1313 4729 1346 4784 et
1367 4720 1475 4786 abesse
1497 4729 1618 4804 potest3

277 4813 356 4895 quod
387 4830 458 4873 vero
481 4805 695 4870 necessitatem
717 4807 805 4870 affert
826 4807 964 4885 veritati,
995 4810 1052 4873 sub
1075 4810 1211 4913 generali
1232 4809 1348 4876 ratione
1372 4829 1476 4874 verum
1499 4810 1618 4875 omnino

278 4909 310 4964 st
329 4902 428 4983 ipsum
450 4905 506 4961 est.
551 4894 686 4978 Denique
707 4904 742 4961 ut
764 4896 845 4960 falsa
866 4895 943 4960 haee
963 4897 1112 4980 principia
1133 4901 1340 4966 tantummodo
1358 4885 1430 4976 sdnt
1447 4887 1618 4984 apiscertir
