3517 5525
597 408 658 460 Para
677 407 779 471 Quies,
818 411 900 478 Caput
915 411 1007 464 xnlv.
1409 409 1474 478 337

125 588 208 670 plani
229 587 368 654 diminuti
390 587 511 680 aphelio
535 593 567 650 et
587 588 732 668 perihelio
755 591 909 670 proximae
932 593 1092 655 metientur
1119 597 1237 671 tempus
1259 590 1376 672 majus,
1406 589 1476 671 quia

125 679 205 759 apud
228 677 299 742 illas
321 678 421 742 tenuis
436 688 482 740 est
498 676 667 752 diminutio;
690 678 745 741 sed
763 687 866 759 partes
889 682 919 752 in
939 680 1175 762 longitudinibus
1192 680 1300 744 mediis
1315 679 1475 743 metientur

124 768 221 830 miuus
250 775 369 846 tempus
393 785 481 846 quarn
504 773 614 841 antea,
642 767 712 847 quia
734 768 763 830 in
790 769 851 832 illis
883 770 994 832 accidit
1023 769 1184 850 potissima
1204 769 1299 832 totius
1320 767 1403 848 plani
1425 768 1475 830 di·
1539 817 1544 825 .

124 857 260 920 minutio.
306 857 377 920 Jam
399 855 499 935 igitur,
524 855 550 916 si
569 863 688 918 utamur
704 857 760 920 hoc
779 859 924 922 diminuto
939 859 1028 938 plano
1045 859 1086 920 ad
1102 859 1301 921 moderandas
1314 856 1474 938 aequatio·

124 965 194 1020 nes,
233 945 286 1008 fiet
320 946 446 1026 planeta
476 945 558 1008 circa
589 945 738 1026 aphelium
768 954 799 1010 et
826 948 1001 1027 perihelium
1031 948 1159 1021 tardior,
1196 966 1284 1028 qnam
1316 948 1345 1009 iu
1382 947 1475 1026 priori

125 1034 239 1098 vitiosa
262 1034 471 1115 aequationum
488 1034 594 1109 torma,
617 1035 697 1098 circa
711 1036 913 1116 longitudines
935 1037 1049 1100 medias
1063 1037 1203 1112 velocior,
1227 1037 1297 1116 quia
1310 1035 1474 1099 distantiae

125 1124 174 1186 hic
198 1124 410 1186 diminuuntur.
455 1123 562 1186 Morae
591 1123 683 1204 igitur
710 1125 779 1190 binc
806 1127 981 1190 abstractae
1018 1128 1050 1190 in
1072 1126 1223 1210 aphelium
1245 1134 1276 1187 et
1298 1125 1474 1205 perihelium

78 1203 84 1217 ⁸
123 1232 243 1278 sursum
273 1214 469 1294 deorsumque
506 1213 750 1294 compensatione
783 1215 865 1278 facta
888 1217 1162 1291 aemulabuntur,
1195 1234 1253 1277 non
1276 1233 1363 1276 secus
1387 1233 1424 1276 ac
1447 1214 1474 1276 si

123 1303 190 1384 quis
214 1302 358 1366 botellum
380 1302 582 1365 ventricosum
604 1303 635 1366 in
658 1303 756 1366 medio
780 1307 967 1386 comprimat,
992 1324 1087 1387 eaque
1111 1303 1332 1385 compressione
1347 1303 1474 1366 minutal

123 1390 285 1456 infarctum
308 1412 324 1454 s
347 1399 452 1454 ventre
475 1393 572 1471 magis
602 1392 632 1454 in
661 1400 804 1475 utrasque
837 1395 1049 1458 extremitates
1076 1395 1156 1456 iufra
1182 1408 1331 1475 supraque
1354 1412 1474 1455 manum

124 1481 291 1546 eminentes
315 1481 464 1560 exprImat
486 1489 518 1544 et
541 1481 643 1544 elidat.

211 1570 306 1653 Atqui
330 1569 364 1632 si·
379 1570 532 1636 cornaria
554 1570 714 1633 contrariis
737 1571 904 1647 medentur,
928 1571 1003 1634 haec
1024 1574 1116 1652 plane
1139 1569 1297 1650 aptissima
1310 1575 1360 1632 eet
1374 1567 1473 1631 medi-

122 1658 192 1722 cina
215 1659 416 1740 expurgandis
439 1659 532 1734 vitiis,
557 1658 663 1740 quibus
686 1679 777 1740 supra
801 1679 867 1739 cap.
892 1662 1010 1724 XLIII.
1034 1661 1162 1743 physice
1178 1669 1283 1722 nostra
1296 1659 1473 1742 hypothesis

122 1749 261 1812 laborare
292 1748 581 1828 deprehendebatur.
632 1749 774 1812 Velocior
804 1749 883 1811 enim
912 1749 1030 1813 foturus
1060 1758 1108 1812 est
1134 1748 1259 1830 planeta
1284 1749 1316 1810 in
1339 1748 1473 1827 longitu-

122 1837 242 1902 dinibus
272 1838 398 1913 mediis,
428 1857 492 1900 cum
527 1837 609 1917 prins
638 1837 680 1902 ibi
702 1839 974 1918 deprehenderetur
992 1841 1076 1919 justo
1100 1834 1228 1912 tardior,
1250 1837 1473 1901 retardabitm-
1541 1831 1544 1835 ’

121 1947 179 2008 que
193 1945 287 2007 supra
301 1935 332 1989 et
345 1927 424 1988 infra
442 1929 522 1990 circa
541 1927 673 2011 apsidas,
697 1928 746 1990 ubi
768 1928 850 2008 prius
863 1928 1043 2006 pernicitate
1061 1927 1154 1990 nimia
1166 1927 1297 1996 nocebat
1315 1925 1472 2007 aequatio-

121 2015 210 2078 nibns
238 2017 267 2078 in
291 2023 418 2079 octavas
442 2027 608 2095 temporum
633 2017 880 2080 redundantibus.

209 2106 275 2168 Hoc
295 2104 386 2186 igitur
401 2106 529 2168 alterum
547 2101 752 2186 argumentum
769 2113 825 2179 est,
845 2123 903 2186 quo
922 2105 1155 2180 demonstratur,
1179 2103 1309 2167 orbitam
1332 2104 1473 2183 planetae

121 2192 278 2257 verissIme
308 2216 326 2258 a
354 2194 463 2258 circulo
492 2194 631 2257 instituto
662 2195 822 2258 deflectere
850 2203 882 2256 et
909 2196 949 2256 ad
979 2195 1076 2257 latera
1098 2201 1291 2274 centrumque
1315 2192 1473 2255 eccentrici

121 2283 248 2364 ingredi.
283 2282 424 2348 Ceterum
448 2284 503 2346 hoc
527 2294 734 2363 argumentum
758 2303 850 2365 penes
874 2303 996 2348 menon
1015 2284 1094 2346 tanti
1112 2284 1177 2359 fuit,
1201 2290 1236 2344 ut
1249 2302 1287 2344 ex
1303 2302 1337 2344 eo
1353 2282 1389 2344 de
1403 2283 1473 2361 pla-

121 2380 212 2436 netae
237 2373 455 2436 exorbitatione
480 2373 613 2454 cogitare
635 2393 768 2456 possem.
814 2373 992 2436 Diutissimc
1016 2373 1095 2435 enim
1117 2374 1148 2437 in
1171 2371 1366 2436 conciliandis
1386 2370 1472 2452 hujus

81 2522 84 2530 .
122 2463 236 2526 formae
260 2462 489 2543 aequatiouibns
513 2481 580 2536 cum
603 2464 809 2536 desudassem,
833 2463 956 2525 taudem
980 2462 1166 2525 absurditate
1190 2479 1345 2523 mensurae
1370 2460 1473 2522 deter-

121 2553 200 2616 ritos
228 2558 324 2614 totum
355 2551 507 2630 negotium
538 2552 670 2625 deserui,
711 2553 807 2632 quoad
838 2552 992 2616 distantiis
1020 2553 1058 2612 de
1085 2549 1306 2614 exorbitatione
1325 2549 1471 2624 edoctus,

122 2659 158 2704 eo
181 2641 286 2714 modo,
319 2659 376 2722 quo
401 2659 467 2720 cap.
490 2642 573 2704 XLI.
599 2643 729 2718 factum,
759 2651 868 2721 postea
890 2642 948 2704 hoc
971 2641 1064 2703 etiam
1087 2641 1298 2720 aequationum
1321 2639 1473 2718 negotium

121 2747 260 2795 resumsr.
1176 2782 1180 2789 ,

211 2818 312 2900 Atque
347 2839 385 2883 ex
415 2820 473 2882 hoc
502 2838 617 2902 quoque
647 2821 896 2889 demonstratum,
926 2820 1007 2899 quod
1034 2836 1125 2899 snpra
1153 2836 1219 2899 cap.
1248 2818 1321 2881 XX
1350 2815 1472 2881 XXIII.

123 2908 248 2989 promisi
275 2927 322 2971 me
354 2909 516 2973 lecturum:
551 2911 714 2973 orbitam
740 2910 1025 2991 planetaeuon
1053 2927 1143 2971 esse
1172 2907 1371 2981 circulum,
1407 2907 1474 2969 sed

122 2997 274 3079 figurae
298 2997 434 3061 ovali‘s.

708 3221 891 3237 -n-h—-a—

664 3456 783 3559 Caput
814 3454 929 3534 XLV.

120 3639 178 3701 De
200 3638 308 3702 eamn
329 3634 532 3703 nemoralibus
554 3638 649 3722 boine
671 3635 1025 3789 mflemqnnithplcmm
1043 3654 1065 3699 c
1080 3634 1217 3701 circrrlo:
1234 3639 1345 3721 prn‘mc
1367 3638 1472 3721 opinato

702 3746 806 3791 eacan
887 3774 894 3788 .

212 3884 286 3951 Cum
311 3884 437 3964 primum
459 3884 489 3947 io
512 3884 589 3950 huuc
613 3886 732 3949 modum
755 3884 935 3949 certissimis
948 3884 1060 3947 Brahei
1076 3884 1336 3947 observationibus
1346 3884 1471 3948 edoctus

122 3994 231 4051 essem,
256 3974 386 4037 orbitam
408 3972 548 4054 planetae
571 3994 629 4037 non
653 3996 721 4037 esse
736 3976 911 4039 circularem
929 3982 1045 4049 exacte,
1070 3975 1124 4037 sed
1139 3975 1265 4037 delicere
1283 3974 1468 4051 alateribus,

121 4062 292 4145 evestigio
317 4070 349 4126 et
371 4082 493 4125 causam
516 4066 682 4127 naturalem
714 4065 801 4145 hujus
833 4062 1009 4125 deflexionis
1038 4083 1086 4126 me
1110 4065 1185 4126 scire
1208 4082 1275 4125 sum
1297 4064 1470 4145 arbitratus,

120 4154 215 4219 Eram
242 4152 381 4217 enimin
404 4151 532 4214 materia
563 4174 627 4233 cap.
651 4152 803 4217 XXXIX
832 4152 1026 4215 vehementer
1048 4153 1207 4217 exercitus.
1252 4153 1295 4214 Et
1323 4152 1469 4217 admoneo

122 4245 284 4317 lectorem,
313 4250 346 4303 ut
373 4241 545 4322 priusquam
573 4242 620 4304 hic
643 4242 870 4322 progrediatur,
909 4246 1000 4320 caput
1031 4242 1105 4305 illud
1133 4242 1283 4321 integrum
1310 4242 1470 4323 diligenter

121 4335 249 4413 relegat.
297 4328 374 4397 Cum
397 4329 545 4393 enimillo
565 4332 805 4412 capitecensum
828 4329 1060 4394 eccentricitatis
1082 4331 1357 4416 transscripsissem
1379 4333 1469 4395 alicui

121 4421 235 4495 virtuti,
260 4439 336 4500 quae
359 4428 443 4483 esset
463 4419 494 4482 in
516 4439 638 4501 corpore
663 4421 812 4500 planetae,
837 4420 1034 4501 sequebatur,
1066 4427 1101 4482 ut
1127 4431 1159 4481 et
1181 4421 1270 4501 hujus
1293 4422 1467 4485 deflexionis

121 4512 160 4575 ab
185 4510 352 4574 eccentrico
376 4507 485 4572 circulo
509 4528 601 4573 causa
624 4510 720 4573 eidem
742 4511 883 4590 planetae
905 4510 1020 4589 corpori
1035 4509 1310 4574 transscriberetur.
1346 4510 1468 4573 Accidit

122 4608 224 4666 autem
247 4598 329 4673 mihi,
355 4598 434 4679 quod
451 4598 607 4679 proverbio
618 4600 749 4679 jactant,
774 4618 877 4661 canem
905 4597 1046 4662 festiuum
1071 4617 1179 4662 caseos
1207 4618 1313 4680 parere
1336 4600 1464 4664 catulos.

122 4688 198 4756 Cum
222 4689 300 4752 enim
323 4706 388 4770 cap.
411 4686 563 4753 XXXIX.
588 4690 772 4751 laborassem
796 4688 988 4750 vehementer
1010 4688 1039 4750 iu
1063 4706 1156 4761 esre,
1181 4688 1259 4770 que'd
1273 4699 1466 4770 nnn'possem
1511 4692 1517 4705 “

122 4778 199 4843 satis
214 4776 401 4859 probabilem
419 4776 518 4840 dicere
538 4798 669 4856 causam,
685 4796 735 4841 cur
753 4796 792 4841 ex
810 4776 909 4839 orbita
922 4777 1063 4858 planetae
1073 4779 1225 4857 perfectus
1240 4780 1324 4843 fieret
1338 4777 1464 4840 circulus

122 4872 256 4949 (semper
279 4866 358 4931 euim
381 4867 527 4949 quaedam
545 4867 703 4931 tribuenda
726 4873 813 4929 erant
827 4866 958 4929 absurda
973 4866 1016 4930 illi
1034 4865 1147 4956 virtuti,
1173 4888 1249 4949 qnae
1259 4867 1361 4931 sedem
1374 4866 1465 4929 habet

122 4977 230 5040 corpus
245 4958 410 5040 planetae),
422 4957 488 5037 jam
498 4958 682 5041 deprehenso
690 4976 729 5021 ex
739 4956 1005 5029 observationibus,
1020 4956 1148 5021 orbitam
1161 4959 1300 5043 planetae
1318 4975 1377 5035 non
1395 4974 1463 5021 esse

201 5062 288 5116 nepas
302 5063 377 5115 opera
399 5062 436 5105 ur.
1221 5062 1254 5114 22
