3517 5525
347 415 411 482 710

432 593 505 644 Hane
524 592 702 644 dedicationem
721 592 830 656 sequitur
842 592 935 657 pagina
947 605 1048 642 aversa:
1069 590 1182 648 ,Tabula
1200 591 1355 656 aequatioma
1371 590 1466 644 01611111
1481 591 1635 645 naturalium
1656 590 1691 642 ad

343 677 437 714 6111111111
456 662 524 713 1016
544 663 699 726 completum,
719 679 765 728 quo
784 677 849 713 anno
868 675 1007 728 apogaeum
1025 659 1089 712 Solis
1105 663 1203 726 ponitur
1220 663 1245 712 in
1264 657 1295 709 θ’
1307 669 1341 718 Θ
1358 663 1494 726 aornpletc:⁴
1509 661 1630 728 asquado
1656 657 1688 722 Θ

342 737 451 786 maxima
469 731 500 783 2⁰
518 731 542 783 θ’
561 732 641 792 45”,“
666 734 704 783 his
727 735 856 798 adscriptis
873 735 969 784 verbis:
1000 732 1113 794 ,Absolri
1134 731 1277 784 11111111
1298 729 1373 784 idid.
1410 732 1468 783 Non
1484 736 1594 798 usurpari
1614 733 1691 783 tun

343 809 368 860 iu
386 807 570 872 Ephenrsride.“
593 835 625 844 -
643 805 716 857 Hauc
733 807 845 858 tabulam
863 806 970 870 excipit:

643 967 794 1031 Schema
822 967 1079 1050 Hypotheseos
1108 964 1381 1059 Lougitudinis.

427 1135 477 1197 Sit
498 1136 528 1198 A
552 1135 662 1211 Terra,
692 1137 718 1199 B
747 1143 884 1198 centrum
913 1135 1071 1196 ecoentrici
1094 1135 1197 1197 Lunae
1221 1133 1327 1208 HDK,
1350 1131 1405 1196 AB
1429 1132 1511 1194 linea
1534 1130 1682 1205 absidum,

341 1223 368 1284 Η
387 1241 561 1303 apogaeum,
586 1227 795 1306 lperigaeum.
833 1225 935 1286 Motus
959 1224 1044 1304 hujus
1068 1222 1165 1286 lineae
1188 1223 1284 1285 estin
1303 1222 1520 1301 consequentia
1537 1241 1559 1282 a
1573 1229 1683 1300 puncto

497 1385 504 1398 ·
732 1313 945 1394 aequinoctiali
967 1331 1057 1394 super
1079 1321 1188 1394 puncto
1202 1315 1234 1374 A
1252 1330 1304 1374 seu
1319 1313 1551 1374 661116Τ61116
1569 1329 1682 1391 aequa-

477 1385 530 1450 ug.
552 1382 591 1435 ¹⁹·
647 1403 652 1414 ·
693 1393 1270 1483 111,161111111111161,.
1316 1401 1552 1464 1116111111
1584 1409 1682 1460 am

515 1481 534 1518 ¹¹
729 1501 933 1571 comparatum
958 1492 1013 1552 hoo
1037 1509 1201 1572 apogaeum
1227 1489 1375 1552 videbitur
1397 1489 1434 1552 ab
1458 1488 1682 1550 1011161666-

701 1582 814 1656 0616,
849 1582 1068 1661 qnia·semper
1100 1579 1181 1659 prins
1213 1580 1252 1640 ad
1284 1598 1449 1659 apogaeum
1482 1578 1562 1640 redit
1586 1578 1681 1650 Luna,

730 1689 817 1750 quam
841 1671 879 1744 ad
902 1669 1013 1732 Solem.
1057 1670 1093 1732 In
1107 1667 1288 1730 ecoentrico
1317 1676 1472 1730 moveatur
1493 1668 1524 1730 D
1546 1675 1681 1729 centrum

729 1759 854 1840 epicyoli
870 1757 926 1820 FG
949 1757 1115 1840 aequaliter
1138 1758 1217 1820 circa
1237 1755 1261 1819 0
1282 1766 1423 1837 punctum
1443 1756 1577 1837 aliquod,
1605 1756 1680 1837 qnod

676 1861 679 1868 ’
728 1846 930 1928 aequaturinm
951 1847 1062 1909 dicunt.
1100 1845 1214 1928 Estque
1238 1844 1368 1926 qualium
1388 1846 1443 1907 BD
1462 1841 1607 1919 100000,
1626 1855 1679 1928 ta·

646 1923 666 1962 ¹
725 1936 797 1998 lium
819 1937 875 1998 BA
899 1932 1006 2009 5074,
1036 1936 1202 2016 composita
1225 1935 1342 1997 scilicet
1363 1931 1512 1998 612900
1536 1943 1569 1994 61
1595 1931 1681 1996 titt

726 2025 961 2088 dimensionibus*
980 2025 1173 2107 Tychouiois,
1202 2025 1361 2086 earundem
1383 2021 1436 2086 BG
1465 2019 1630 2086 6115800
1653 2034 1681 2083 61

726 2114 781 2176 DE
811 2115 1034 2176 semidiameter
1063 2113 1189 2194 epicyoli
1218 2110 1305 2175 2174
1328 2123 1361 2174 11
1390 2113 1470 2191 apud
1492 2113 1679 2194 Tychonem

330 2195 466 2279 Epioycli
489 2209 588 2264 motus
612 2203 682 2264 talis
709 2211 774 2266 est:
807 2205 847 2266 sit
869 2203 925 2265 DE
950 2204 1095 2266 diameter
1125 2205 1153 2264 in
1178 2202 1258 2264 ornni
1281 2201 1341 2264 situ
1364 2200 1490 2282 epicyoli
1511 2201 1680 2280 parallelos

331 2287 369 2346 ad
392 2286 438 2349 HI
469 2289 578 2352 lineam
609 2292 764 2368 absidum,
797 2301 966 2354 monstrans
999 2292 1124 2374 epicyoli
1155 2299 1267 2372 puncta
1294 2290 1454 2352 ecoentrioi
1481 2309 1623 2370 apogaeo
1651 2299 1681 2351 et

330 2375 472 2455 perigaeo
491 2381 712 2458 respondentia,
737 2390 770 2444 ut
791 2383 819 2444 Ε
837 2383 1022 2462 respondeus
1045 2388 1155 2462 puncto
1179 2381 1192 2441 Ι
1214 2380 1376 2461 perigae03
1399 2379 1478 2459 quod
1497 2379 1678 2459 perigaeum

329 2463 457 2545 epicyoli
481 2467 580 2530 dicere
603 2488 718 2545 vereor,
743 2471 822 2552 quod
845 2471 940 2532 abusu
962 2472 1044 2532 vocis
1068 2471 1210 2532 lectorem
1232 2468 1325 2531 nolim
1347 2467 1540 2543 confundere,
1564 2469 1678 2548 quial)

327 2553 358 2614 in
380 2555 395 2616 1
426 2556 606 2635 transposito
629 2559 656 2620 Ε
680 2561 808 2622 omnium
833 2559 959 2640 epicyoli
986 2569 1162 2641 punctorum
1189 2558 1364 2636 longissime
1387 2556 1424 2618 ah
1447 2558 1479 2619 A
1500 2557 1622 2632 aberit,
1649 2567 1680 2618 et

329 2641 373 2703 sic
405 2644 527 2725 antiqua
554 2647 637 2707 vocis
670 2648 790 2712 notione
822 2647 956 2727 sinopem
987 2649 1140 2711 efficietur.
1186 2647 1221 2708 Iu
1250 2648 1305 2709 hoo
1331 2645 1472 2728 igiturE
1498 2654 1616 2726 punctu
1640 2646 1678 2708 sit

328 2748 435 2811 eorpus
459 2731 561 2797 Lunae
586 2737 702 2817 quoties
725 2745 858 2801 centrum
883 2736 1009 2819 epicyoli
1032 2738 1059 2800 D
1082 2738 1113 2801 in
1143 2737 1253 2799 lineam
1274 2753 1328 2817 per
1349 2735 1380 2799 A
1403 2735 1529 2799 Terram
1550 2749 1587 2797 et
1609 2755 1677 2798 661-

326 2841 384 2901 pus
399 2820 480 2883 Solis
496 2824 633 2906 utrinqne
651 2828 825 2907 productam
848 2827 964 2897 incidit,
988 2828 1017 2889 in
1041 2828 1175 2890 omnibus
1194 2826 1312 2889 scilicet
1332 2825 1493 2889 noviluniis
1517 2834 1551 2887 et
1573 2825 1675 2906 pleni-

233 2932 235 2937 ·
329 2910 427 2971 iuniis.
473 2910 522 2974 Ab
552 2914 609 2975 hac
639 2915 719 2977 linea
746 2925 889 2999 quantum
918 2925 1051 2979 centrum
1081 2915 1208 2997 epicyoli
1228 2915 1258 2977 D
1281 2915 1445 2993 digreditur
1473 2923 1558 2976 motu
1584 2915 1674 2977 adA

329 3008 521 3080 comparato,
554 3002 644 3084 duplo
672 3005 761 3085 hujus
789 3005 892 3086 auguli
918 3024 1026 3085 corpus
1048 3006 1152 3068 Lunae
1182 3004 1221 3066 ab
1242 3002 1270 3065 E
1293 3023 1397 3068 versus
1421 3001 1452 3065 G
1474 3002 1672 3083 digrediatur.

326 3088 370 3151 Ut
401 3088 427 3149 si
460 3088 539 3152 linea
570 3111 624 3173 por
653 3096 777 3157 Terram
809 3106 840 3156 et
871 3094 975 3157 Solem
1005 3094 1047 3157 sit
1075 3096 1135 3157 ΑΚ
1166 3094 1197 3156 in
1229 3092 1475 3155 antecedentibus
1506 3092 1671 3173 signorum,

327 3184 454 3259 quantus
479 3190 526 3240 est
549 3201 635 3243 arcus
658 3183 761 3257 KHD,
786 3184 813 3247 si
836 3203 873 3246 ox
895 3186 926 3247 A
949 3184 1117 3263 descriptus
1140 3190 1239 3257 esset,
1269 3182 1359 3263 duplo
1381 3183 1479 3262 major
1500 3183 1562 3243 erit
1586 3202 1672 3244 arcus

328 3264 422 3340 ΕΘΓ,
446 3276 476 3327 61
499 3268 585 3331 Luna
609 3270 637 3332 iu
660 3275 695 3334 F.
741 3274 827 3351 Hane
850 3272 1029 3354 hypothesin
1053 3273 1120 3335 dico
1144 3272 1321 3335 satisfacere
1343 3271 1466 3351 placitis
1489 3272 1672 3353 Tychonicis

327 3354 363 3416 de
387 3355 489 3417 Lunae
513 3358 641 3421 motibus
665 3362 703 3423 ad
727 3382 833 3425 sensus
858 3362 1064 3424 subtilitatem.
1109 3363 1189 3423 Nam
1212 3362 1291 3443 quod
1313 3362 1415 3441 Tycho
1437 3380 1498 3422 non
1521 3361 1621 3441 ipsius
1643 3362 1671 3423 D

228 3522 232 3533 ι
326 3446 437 3522 puncti,
463 3446 515 3507 sed
539 3449 627 3527 paulo
651 3451 742 3511 aliam
766 3451 940 3514 distantiam
964 3451 1001 3512 ab
1015 3452 1076 3513 ΑΚ
1098 3450 1222 3512 adhibet
1243 3452 1293 3524 (ut
1313 3457 1408 3531 patet,
1432 3451 1459 3511 si
1483 3451 1669 3531 comparatio

326 3532 500 3595 instituatur
514 3535 736 3614 subtilissima),
760 3540 833 3602 nihii
852 3549 952 3602 161161
968 3541 1060 3601 verbo
1079 3540 1200 3619 dignum
1221 3538 1253 3601 in
1275 3540 1411 3601 effectum
1434 3538 1506 3601 hinc
1525 3539 1667 3601 resultat.

324 3620 398 3683 Plus
422 3622 550 3685 fortasse
574 3628 704 3690 movebit
728 3629 879 3704 lectorem,
903 3628 981 3711 quod
998 3629 1193 3710 aequationes
1212 3628 1341 3690 ecoentri
1363 3627 1512 3689 maximae
1536 3628 1568 3690 in
1593 3648 1668 3709 qua-

326 3711 456 3773 draturis
480 3713 597 3776 circiter
620 3717 858 3798 sesquiscrupulo
881 3719 1010 3797 majores
1038 3720 1111 3780 fiunt
1134 3717 1331 3800 Tyohouicis3
1359 3717 1448 3798 idque
1470 3724 1598 3797 propter
1621 3738 1666 3791 ea,

323 3818 398 3881 quae
430 3800 613 3881 (lopernicos
643 3805 720 3868 libro
747 3809 787 3870 V.
818 3826 883 3887 cap.
914 3805 945 3871 4.
978 3806 1057 3868 eirca
1088 3807 1216 3869 medium
1248 3806 1473 3868 demonstravit
1523 3806 1667 3869 Ceterum

323 3890 402 3952 sciat
424 3890 529 3967 lector,
553 3892 609 3953 hoo
628 3895 768 3975 quicquid
786 3904 833 3959 est
847 3917 865 3959 a
880 3916 927 3959 me
945 3916 1005 3957 non
1027 3896 1210 3957 necessitate
1233 3896 1288 3957 sed
1310 3895 1435 3957 consilio
1457 3898 1664 3975 praeteritum

320 3978 421 4039 Facile
445 3979 523 4041 enim
546 3981 577 4042 id
599 4002 705 4045 cavere
727 3987 906 4065 potuissem,
930 3984 956 4046 si
977 4004 1031 4065 pro
1055 3981 1158 4059 8700,
1189 3985 1240 4064 qui
1262 3983 1395 4066 Tyehoni
1418 3985 1449 4046 iu
1471 3986 1666 4065 quadraturis

321 4074 449 4145 tangens
481 4078 541 4145 est,
575 4070 671 4133 sinum
702 4070 789 4137 8667
821 4075 990 4155 elegissem.
1036 4074 1080 4136 At
1111 4074 1183 4155 quid
1213 4093 1288 4154 opus
1315 4072 1386 4135 mihi
1418 4073 1476 4135 fuit
1502 4075 1665 4137 11061161

269 4234 272 4247 ·
323 4174 461 4235 asperum
480 4177 631 4221 numerum
648 4162 804 4240 repudiato
818 4164 987 4246 Tyohouioo
1011 4163 1179 4225 adsciscere
1200 4171 1323 4244 propter
1344 4162 1498 4225 tantillam
1521 4164 1666 4226 differen-

322 4244 394 4309 tiam
420 4248 668 4329 sesquiscrupuli,
701 4270 766 4313 eum
790 4252 893 4335 Tycho
920 4253 984 4332 ipse
1008 4270 1150 4315 summam
1175 4249 1435 4332 scrupulositatem
1457 4254 1665 4315 tractabilium

323 4342 354 4394 et
377 4336 567 4399 rotundorum
590 4358 778 4402 numerormn
805 4342 988 4422 compendiis
1011 4343 1224 4422 postposuerit.
1270 4342 1349 4405 Nam
1371 4341 1489 4403 fortuiti
1510 4360 1572 4403 non
1595 4351 1666 4423 suut

323 4423 353 4485 hi
375 4424 488 4485 numeri
511 4424 610 4502 8700,
636 4426 741 4503 5800,
765 4426 870 4505 2900,
901 4449 1024 4511 quorum
1046 4432 1158 4511 primus
1180 4430 1262 4492 tertii
1283 4429 1391 4513 triplus
1418 4438 1483 4506 est,
1514 4432 1664 4495 secundus
1749 4503 1750 4518 ἰ

323 4510 439 4591 duplus.
486 4512 586 4583 Quare
615 4517 706 4579 malui
736 4518 936 4582 dimensiones
964 4519 1149 4601 Tyohonicas
1179 4519 1306 4581 retinere
1338 4538 1405 4581 cum
1437 4518 1548 4582 calculi
1578 4540 1662 4584 oom-

322 4602 448 4681 pendio,
486 4620 572 4681 quam
608 4606 646 4668 ad
681 4606 777 4687 ipsam
814 4609 938 4672 effectus
968 4608 1131 4691 Tyohouioi
1167 4608 1365 4671 subtilitatem
1401 4608 1559 4689 adspirare
1598 4612 1661 4673 siue

326 4692 509 4753 necessitate
533 4694 701 4775 praecipua.
1403 4698 1407 4703 ’

290 4864 294 4873 ¹
409 4780 548 4843 Variatio
571 4776 740 4863 Tyohonica
770 4786 889 4865 proprie
917 4794 967 4848 est
993 4786 1133 4850 accidens
1161 4794 1260 4848 motus
1286 4785 1385 4849 medii.
1431 4776 1512 4847 Nam
1534 4786 1587 4866 qni
1610 4805 1662 4848 oe·

325 4868 396 4928 teris
419 4869 549 4949 planetis
572 4880 670 4935 motus
693 4874 808 4937 medius
832 4882 889 4950 611,
912 4874 1015 4939 Lunae
1033 4895 1092 4937 nou
1111 4884 1166 4937 est
1200 4865 1332 4946 'Quoties
1354 4873 1433 4937 enim
1451 4874 1541 4937 Luna
1560 4870 1661 4939 lineae

324 4955 383 5015 ΑΚ
406 4976 458 5035 per
477 4960 600 5023 Terram
617 4968 648 5022 et
661 4960 762 5025 Solem
785 4966 953 5026 transeunti
976 4964 1202 5045 appropinquat,
1226 4964 1284 5026 etsi
1305 4966 1394 5046 plane
1416 4964 1449 5027 in
1471 4968 1661 5031 concentriso
