3517 5525
703 410 744 465 tt.
764 411 820 466 Oct.
839 409 920 464 1606.

490 593 623 651 Reductic
644 595 679 649 cd
699 591 875 649 meridianum
896 590 1135 663 Uram'burgicum.

507 707 619 760 nocuus
636 707 747 758 Lentino
766 707 810 757 dat
827 707 893 771 long.
913 701 964 754 27⁰
976 703 1018 754 ³2⁴
1038 705 1094 756 circ.

742 779 897 842 Uraniburgo
916 775 959 827 41.
978 775 1011 826 es

747 867 896 918 umerenua
914 866 956 914 14.
978 863 1019 915 te.
1055 865 1140 930 Tamp.
1159 863 1212 914 57¹.

481 941 546 1006 Ergo
564 940 628 1006 qued
646 944 685 990 ert
702 939 809 990 Londiui
825 938 849 987 h.
873 938 895 987 t.
914 934 957 1056 ἐξ.
976 934 1012 986 60

552 1099 577 1149 id
596 1101 641 1148 erit
659 1099 808 1163 Uraniburgi
825 1099 849 1148 h.
870 1095 896 1146 2.
915 1097 958 1147 22.
978 1094 1013 1146 30

489 1169 602 1220 Calculus
620 1171 742 1234 Tychcuis
761 1169 805 1220 dat
822 1169 846 1219 h.
866 1166 891 1218 2.
914 1166 953 1217 13.
975 1166 1016 1218 67.
1035 1167 1142 1218 'Tabula
1159 1179 1216 1216 mea
1233 1177 1327 1230 magna
1339 1162 1486 1212 Germaniae

141 1239 218 1290 habet
240 1240 304 1289 iuter
327 1239 507 1308 Uraniburgum
532 1247 557 1290 et
582 1241 695 1292 Galatam
720 1237 761 1290 40.
798 1241 863 1290 Hinc
890 1255 967 1306 usquc
993 1239 1132 1289 Londiuum
1158 1242 1272 1288 nument
1292 1235 1414 1300 Origauus
1434 1230 1484 1289 153

142 1325 240 1362 summa
257 1307 299 1360 64.
334 1311 384 1363 Sed
403 1311 525 1377 Origauus
543 1327 682 1376 perperam,
701 1313 759 1378 quia
775 1327 824 1361 uon
842 1317 901 1362 snut
916 1312 982 1361 ultra
1001 1305 1056 1361 121.
1093 1309 1154 1360 Mea
1170 1307 1313 1360 universalis
1330 1306 1406 1358 habet
1422 1307 1488 1354 inter

142 1380 290 1450 Ursciturg.
309 1389 335 1434 st
352 1383 491 1436 Londiuum
511 1378 559 1434 12⁰
577 1383 620 1436 461
639 1385 749 1466 circiter,
768 1395 830 1451 qute
847 1390 907 1435 scut
926 1383 977 1435 51¹.

726 1607 902 1624 m!

228 1822 258 1874 In
278 1823 356 1874 literis
380 1821 413 1872 ad
430 1820 626 1875 Nestonncrium
650 1827 676 1871 ct
694 1818 840 1886 Ooignstum
858 1820 925 1870 datis
941 1819 1063 1884 Keplerus
1081 1819 1178 1883 propius
1195 1817 1249 1868 adit
1267 1829 1306 1874 ec,
1323 1829 1388 1882 quac
1405 1813 1487 1864 libello

141 1908 185 1943 cuc
203 1896 359 1957 spectaverit,
377 1908 450 1958 quam
470 1893 500 1943 ob
518 1909 570 1944 rem
588 1895 672 1944 literas
686 1892 718 1941 ad
730 1899 858 1958 utrumque
872 1892 944 1942 datas
957 1891 1135 1958 subjungimus,
1152 1890 1247 1939 omucis
1264 1888 1302 1945 iis,
1322 1900 1386 1952 quae
1397 1903 1421 1952 p.
1434 1881 1487 1932 ter

141 1979 170 2014 cx
189 1965 265 2018 literis
283 1966 316 2016 ad
333 1964 530 2015 Nantouncrium
549 1965 719 2030 excerpsimus.

229 2053 300 2105 Haec
318 2056 395 2121 igitur
410 2055 507 2118 scripsit
524 2053 647 2120 Keplcrus
665 2052 850 2104 Nautounsrio:

229 2125 438 2188 Illustrissime
461 2125 607 2187 Domine!
645 2125 737 2186 Liber
758 2131 828 2186 tuus
851 2121 994 2184 idiomate
1010 2119 1128 2185 Gallico
1151 2121 1338 2201 conscriptus
1356 2119 1486 2198 Pregam

145 2233 258 2296 quoque
282 2214 460 2295 importatas
484 2222 541 2287 est,
564 2223 596 2276 et
614 2215 644 2278 iu
663 2213 862 2285 bibliothecas
880 2213 1122 2274 doctissimorum
1140 2213 1280 2285 virorum,
1323 2228 1378 2270 uos
1394 2207 1488 2269 habet
1574 2248 1578 2252 Α

144 2305 213 2366 aula
230 2303 392 2378 Caesarea,
417 2304 592 2385 acquisitus.
625 2303 701 2384 Ejus
723 2301 796 2364 mihi
818 2301 935 2382 legendi
960 2302 1076 2381 copiam
1099 2301 1172 2362 fecit
1189 2299 1237 2362 Ill.
1253 2301 1292 2361 D.
1348 2297 1487 2360 .ka-

142 2392 243 2456 herius
266 2413 285 2454 a
306 2393 521 2468 Wackenfels,
555 2391 587 2456 S.
613 2391 648 2455 C.
673 2391 765 2454 M.·a
795 2391 929 2454 consiliis
958 2391 1045 2453 aulae
1067 2388 1245 2471 Imperielis.
1293 2387 1360 2460 Quo
1388 2385 1487 2448 minus

140 2482 205 2562 jam
236 2488 332 2544 totum
360 2481 523 2545 evolverim
555 2481 766 2562 impedimento
794 2479 851 2542 fuit
884 2481 1038 2542 idiomatis
1066 2478 1221 2561 pertenuis
1258 2475 1407 2557 cognitio,
1439 2473 1487 2535 vel

145 2571 216 2633 olim
238 2569 371 2634 aGallis
393 2571 493 2651 pneris
515 2571 544 2632 in
562 2571 725 2635 Germania
744 2571 853 2632 hausta
875 2571 923 2632 vel
947 2589 1002 2633 usu
1023 2567 1167 2632 lucorum
1190 2568 1307 2629 interca
1329 2563 1485 2646 acquisita.

143 2659 239 2722 Lecta
262 2660 400 2739 epistola,
424 2660 453 2722 in
477 2679 535 2741 qua
558 2661 686 2722 lectores
709 2659 881 2740 alloqueris,
904 2660 994 2721 valde
1017 2658 1060 2721 fui
1083 2659 1269 2720 exhilaratus
1292 2653 1487 2717 similitudine

145 2749 245 2823 studii,
270 2768 327 2829 quo
351 2770 437 2811 suum
459 2757 584 2831 uterque
606 2748 759 2828 negotium
782 2748 912 2829 agimus,
935 2757 970 2810 tu
991 2747 1204 2828 magneticum,
1229 2751 1285 2826 ego
1308 2743 1486 2827 eclipticum.

144 2837 248 2921 lti'que
272 2845 304 2899 et
326 2838 447 2918 dignam
465 2846 547 2901 tuam
567 2838 743 2919 petitionem
762 2838 906 2917 judicavi,
929 2838 976 2898 cui
1000 2845 1141 2919 quantum
1165 2838 1195 2897 in
1217 2855 1266 2898 me
1288 2841 1371 2897 esset
1394 2833 1489 2896 satis-

143 2929 241 3002 fieret,
273 2936 305 2989 ct
326 2927 453 2988 maxime
477 2934 507 2989 te
529 2922 685 2999 idou'eum,
709 2926 756 2988 cui
779 2926 912 2987 vicissim
934 2944 1033 2987 meum
1055 2926 1208 3005 negotium
1229 2923 1487 2985 communicarem.

145 3016 213 3089 Quo
237 3016 355 3098 quidem
378 3034 416 3077 cx
439 3015 529 3079 animi
552 3016 701 3079 sententie
724 3015 875 3091 confecto,
899 3016 967 3097 plus
990 3015 1029 3075 ad
1052 3022 1133 3076 tuum
1157 3014 1263 3075 afferre
1285 3019 1391 3093 potero
1415 3011 1488 3074 sub-

144 3106 221 3178 sidii,
246 3124 335 3187 quam
358 3105 384 3167 si
399 3105 534 3167 Lunares
557 3122 656 3169 meras
680 3120 815 3167 curarem
837 3110 869 3166 et
891 3123 1033 3185 sequerer
1056 3103 1194 3181 eclipses.
1213 3134 1254 3145 -
1272 3102 1357 3167 Petis
1380 3100 1487 3163 obser·

143 3195 279 3256 vationes
309 3194 472 3257 Lunaririm
504 3192 678 3277 eclipsium;
711 3210 763 3255 eas
797 3212 850 3254 ex·
864 3192 922 3255 lide
954 3194 1219 3257 instrumentorum
1251 3199 1282 3252 et
1313 3187 1487 3269 diligentiae

144 3282 297 3345 adhibitae
320 3283 422 3364 accipe
445 3283 502 3345 hee
525 3282 705 3358 conditione,
728 3290 762 3344 ut
780 3282 941 3345 earundem
960 3280 1188 3345 observationes
1210 3280 1344 3342 vicissim
1367 3286 1487 3341 vestras

144 3380 253 3452 elego
277 3372 444 3433 nanciscar.

231 3462 320 3523 Anno
345 3457 437 3525 1603.
467 3458 516 3525 18.
535 3460 613 3523 Nov.
637 3462 755 3541 Pragae
778 3460 979 3523 Bohemorum
1001 3462 1039 3523 ed
1063 3460 1237 3524 Muldavam
1259 3458 1389 3545 fluvium,
1413 3473 1509 3536 quae·

143 3550 173 3611 in
187 3549 290 3613 Albim
312 3550 436 3612 incurrit
459 3550 593 3633 (quidam
615 3548 773 3629 Casurgim
789 3550 956 3612 Ptolemaei
980 3569 1047 3612 esse
1069 3550 1253 3620 existimant,
1267 3545 1330 3608 ¹alii
1351 3545 1487 3625 negant),

143 3639 264 3719 eclipsis
297 3640 395 3719 coepit
428 3638 478 3703 101
507 3646 666 3719 postquam
696 3638 891 3701 culminassct
920 3640 1025 3702 dexter
1051 3640 1190 3718 humerus
1218 3634 1364 3718 Aquarii3
1398 3632 1489 3694 desiit

144 3724 175 3791 3‘
198 3729 575 3807 postquamoulmiuassct
602 3735 693 3809 caput
715 3727 946 3803 Andromedae3
976 3729 1092 3791 initium
1122 3746 1193 3807 ergo
1217 3726 1246 3787 h.
1271 3723 1301 3789 6.
1325 3722 1390 3799 21‘,
1422 3742 1487 3785 me-

143 3818 223 3879 dium
245 3817 276 3878 h.
301 3815 331 3878 7.
360 3814 424 3890 191,
449 3816 516 3879 linis
539 3818 569 3879 h.
594 3814 624 3879 8.
654 3816 718 3890 171,
747 3825 780 3880 ut
802 3826 977 3879 annotatum
999 3818 1132 3881 invenies
1154 3818 1185 3879 in
1209 3814 1320 3896 Optics
1347 3808 1487 3875 101412

91 3912 93 3917 ’
143 3906 203 3978 (ll,
237 3900 325 3978 364).
372 3906 461 3967 Auno
495 3901 586 3970 1605.
619 3902 648 3969 3.
678 3908 753 3987 Apr.
788 3906 910 3985 eclipsis
939 3908 1043 3969 Lunae
1075 3912 1214 3968 accurate
1247 3903 1409 3965 observate
1440 3909 1489 3962 est

46 4015 48 4019 ’
142 3994 257 4056 duobus
280 3992 373 4057 locis:
402 3996 521 4075 Pragae
544 4002 575 4056 et
597 3994 627 4056 in
650 3994 765 4058 Frisiae
789 3996 945 4059 orientalis
967 4014 1046 4077 pago
1070 3995 1206 4067 Ostelae,
1229 4012 1321 4074 prope
1344 3990 1488 4055 Anticum

143 4082 260 4145 comitis
286 4082 435 4162 oppidum.
481 4094 591 4149 Initium
611 4095 721 4166 Pregae
742 4096 768 4150 h.
791 4092 818 4151 7.
840 4087 896 4152 38‘.
937 4096 1053 4150 ostelcc
1073 4078 1103 4151 7.’
1123 4089 1171 4149 141

485 4174 604 4229 Medium
661 4215 674 4239 „
747 4216 760 4239 ,,
793 4168 890 4231 1117.
994 4217 1007 4239 „
1073 4170 1101 4232 8.
1123 4170 1170 4231 52.
1229 4203 1235 4214 ‘

485 4254 560 4309 Finis
663 4295 676 4318 „
748 4294 762 4319 „
775 4250 819 4311 10.
841 4250 887 4309 56.
991 4296 1005 4319 „
1054 4252 1100 4311 10.
1123 4246 1170 4313 30.
1203 4251 1377 4316 consensus
1396 4269 1489 4314 cansa
1522 4282 1526 4289 <

143 4340 304 4415 annotavi,
332 4340 411 4422 qnod
440 4342 529 4421 paulo
553 4351 623 4404 ante
645 4343 674 4404 h.
699 4337 729 4406 0.
754 4340 809 4407 201
830 4342 911 4405 linea
934 4362 971 4403 ex
998 4344 1161 4424 superstite
1183 4332 1485 4404 loeo'circnmteren-

142 4430 203 4491 tiae
226 4450 279 4511 per
302 4436 435 4492 centrum
458 4431 562 4492 Lunae
586 4432 675 4494 ducta
702 4430 841 4494 inciderit
870 4432 901 4493 in
932 4434 1115 4512 praecedens
1145 4451 1222 4512 genu
1244 4432 1362 4494 Bootis.
1408 4430 1487 4491 Hinc

143 4518 310 4581 differentia
329 4519 560 4581 meridianorum
577 4520 614 4581 ad
635 4538 779 4583 summum
798 4514 858 4606 611ι
868 4517 888 4582 1.
920 4524 954 4584 In
970 4521 1080 4603 Optica
1097 4522 1185 4603 posui
1206 4522 1309 4602 plures
1333 4519 1487 4599 eclipsium
1598 4553 1603 4568 ·

143 4608 369 4670 observationes
394 4610 441 4681 (ut
461 4616 491 4671 et
508 4608 588 4681 illas,
612 4628 686 4689 quas
701 4611 792 4690 petis,
817 4632 845 4671 a.
865 4605 957 4675 16111.
977 4610 1007 4675 11.
1023 4614 1109 4685 Dec,
1131 4611 1261 4672 medium
1276 4611 1305 4672 h.
1321 4604 1352 4671 6.
1369 4604 1433 4682 591,
1456 4615 1488 4670 ct

143 4716 171 4757 a.
199 4692 291 4761 1603.
317 4692 368 4759 24.
393 4698 485 4778 Maji,
516 4698 645 4759 medium
668 4699 698 4761 h.
725 4696 820 4783 12¹1..
868 4700 930 4763 Sed
953 4702 1004 4761 fol.
1030 4696 1094 4764 372
1117 4705 1194 4770 (tto)
1220 4707 1269 4761 est
1291 4696 1486 4760 hallucinatio

142 4784 268 4860 calculi,
300 4802 338 4847 ex
367 4788 429 4849 suis
453 4787 604 4867 principiis
635 4788 796 4851 etiamnum
825 4790 1032 4865 restituenda3
1065 4791 1182 4852 duratio
1205 4788 1291 4852 'enim
1314 4786 1487 4868 Tychouica

143 4881 191 4935 est
213 4874 372 4938 etiamnum
395 4876 492 4938 minor
514 4883 605 4949 (comp.
624 4882 750 4947 11439).
785 4878 836 4939 'Et
860 4878 912 4940 fol.
937 4874 1119 4950 1174(301);
1149 4880 1199 4940 hic
1227 4879 1310 4939 locus
1333 4871 1354 4952 ij
1378 4882 1426 4936 est
1448 4890 1486 4935 ex
1574 4883 1578 4892 '

68 4970 71 4977 '
142 4962 275 5043 Magino.
322 4964 401 5027 Nam
424 4984 461 5026 ex
483 4966 585 5046 posits
608 4965 819 5029 observatione
843 4967 977 5053 sequitur
999 4963 1040 5035 0⁰
1061 4964 1094 5031 41
1117 4972 1176 5043 φ),
1207 4966 1299 5027 etiam
1322 4963 1485 5031 Solarium.
