3517 5525
303 366 366 435 178
397 338 401 347 ’
782 370 821 422 ns
840 370 949 421 nonnus
967 368 1059 421 amisa
1077 368 1166 423 nans

299 549 406 625 ficitur,
431 557 465 611 ut
487 535 620 629 pondere
644 548 758 628 majore
783 548 921 612 deorsum
946 549 1088 611 tendente
1113 568 1191 629 aqua
1214 545 1385 616 necessario
1408 568 1524 611 sursum
1548 548 1647 613 cedat.

300 637 416 711 Quodsi
444 638 535 700 etiam
565 638 713 718 perfecte*
729 638 883 700 circularis
907 647 1007 701 motus
1031 642 1114 701 esset
1136 640 1320 721 quorundam
1343 638 1549 714 membrorum,
1575 640 1648 705 atii

275 748 361 790 non
394 736 466 791 suut
497 728 653 808 perpetui,
690 746 745 787 nec
768 728 874 789 mirum
898 728 940 789 ‘de
969 747 1004 789 eo
1033 735 1132 801 esset,
1160 746 1226 789 cum
1256 746 1339 790 mens
1364 726 1486 789 animali
1510 728 1648 791 facultati

296 817 473 898 praesideat
494 818 524 877 in
549 818 677 879 humano
702 835 845 896 eorpore;
869 824 903 878 at
927 825 1023 893 certe,
1048 816 1074 879 si
1097 818 1147 880 via
1170 817 1232 878 ulla
1255 818 1364 880 fuisset
1388 817 1564 880 facultatem
1588 818 1647 881 ali-

298 926 388 987 quam
412 908 568 968 matricem
592 905 635 967 sic
658 906 837 981 instruendi,
861 913 895 970 ut
918 925 1025 987 eorpus
1050 906 1170 987 aliquod
1195 925 1301 989 gyrare
1326 906 1433 986 possit,
1459 923 1516 968 non
1540 906 1649 971 fuisset

295 996 327 1057 in
349 997 480 1058 humano
505 1013 628 1076 corpore
652 995 802 1072 neglecta.

385 1084 480 1148 Porro
502 1092 537 1146 ut
559 1103 644 1145 mens
669 1084 770 1163 aliqua
794 1083 876 1145 viam
900 1091 1047 1145 monstret
1070 1082 1244 1146 circularem
1268 1084 1345 1146 citra
1367 1090 1479 1147 metam
1488 1085 1536 1147 vel
1552 1087 1647 1148 centri

294 1174 343 1235 vel
367 1174 500 1256 corporis
524 1172 662 1254 alicujus,
687 1175 764 1253 quod
789 1191 842 1251 pro
867 1192 991 1234 accessu
1014 1174 1062 1234 vel
1086 1192 1207 1235 recessu
1222 1174 1335 1253 majore
1351 1175 1400 1235 val
1415 1174 1527 1235 minore
1538 1178 1647 1256 angulo

294 1272 451 1344 appareat,
488 1264 519 1325 id
542 1262 606 1323 fieri
630 1281 819 1343 nequaquam
840 1268 953 1342 potest.
1014 1258 1151 1324 Circulos
1175 1263 1252 1323 enim
1276 1264 1382 1325 iisdem
1401 1271 1432 1323 et
1455 1262 1592 1326 definitur
1615 1274 1647 1326 et

293 1351 455 1433 perficitur,
482 1352 667 1432 aequalitate
692 1351 812 1413 scilicet
835 1350 998 1412 distantiae
1023 1372 1041 1413 a
1063 1350 1161 1414 medio
1182 1358 1215 1412 at
1228 1360 1485 1431 quantumcunque
1506 1354 1646 1415 motrices

293 1440 385 1503 hasce
415 1441 577 1507 facultates
607 1440 754 1515 extollas,
784 1440 911 1502 circulus
940 1447 1038 1501 tamen
1072 1460 1109 1503 ne
1132 1441 1198 1502 Deo
1232 1441 1350 1523 quidem
1383 1434 1535 1503 aliud'est
1558 1462 1646 1523 quarn

299 1530 377 1611 quod
395 1530 462 1610 jam
486 1531 607 1591 dictum.
654 1530 773 1591 Docent
796 1530 915 1610 quidem
938 1538 1120 1609 geometrae,
1146 1528 1225 1590 datis
1248 1530 1344 1591 tribus
1359 1530 1388 1594 iu
1405 1529 1645 1595 circumferentia

297 1620 416 1699 punctis
448 1620 621 1681 continuare
654 1618 810 1680 circulum:
841 1619 895 1679 sed
924 1619 980 1679 hoo
1003 1618 1068 1698 ipso
1092 1618 1343 1697 praesupponitur
1367 1619 1468 1699 aliqua
1489 1640 1559 1701 pars
1584 1622 1644 1683 cir-

276 1709 511 1771 ..conferendae
537 1710 656 1788 (utpote
679 1698 733 1787 per'
754 1709 834 1769 trina
856 1715 969 1788 puncta
991 1706 1069 1781 iens)
1098 1707 1163 1787 jam
1180 1700 1334 1769 confecta.
1384 1706 1458 1779 Quis
1482 1728 1552 1789 ergo
1576 1712 1645 1790 pla-

295 1805 384 1860 netae
416 1798 474 1858 hoc
503 1796 622 1859 initium
644 1796 800 1871 ostendet,
825 1815 863 1856 ex
887 1816 944 1877 quo
968 1796 1114 1877 reliquum
1137 1797 1196 1858 iter
1219 1796 1409 1860 conformet?
1453 1798 1558 1879 Itaque
1582 1800 1645 1863 fieri

294 1886 385 1948 aliter
407 1906 467 1948 non
490 1893 609 1966 potest,
640 1887 709 1966 quin
740 1886 882 1965 planatae
914 1894 1012 1947 motor
1042 1904 1078 1947 ex
1101 1880 1382 1960 Avioenuae‘²⁴)
1412 1886 1563 1949 sententia
1596 1889 1645 1950 vel

295 1982 430 2037 centrum
462 1976 544 2038 orbis
582 1976 628 2038 sui
660 1992 803 2054 suamque
841 1975 879 2035 ab
917 1994 951 2036 eo
981 1975 1156 2037 distantiam
1185 1974 1241 2036 sihi
1268 1974 1463 2055 imaginetur,
1503 1979 1550 2038 vel
1583 1978 1645 2040 alia

294 2064 423 2144 quadam
454 2064 641 2145 proprietate
671 2064 772 2126 circuli
799 2064 984 2145 praestanda
1015 2064 1054 2126 ad
1082 2064 1318 2125 efformationem
1341 2064 1435 2145 ipsius
1458 2066 1560 2127 circuli
1585 2068 1642 2128 ad-

289 2153 445 2233 juvetur.'

381 2241 452 2303 Jam
475 2242 569 2322 igitur
592 2240 682 2303 aliter
704 2242 791 2304 uobis
815 2240 1025 2304 informabitur
1047 2240 1222 2323 hypothesis
1246 2241 1373 2323 physica
1394 2242 1503 2304 horum·
1519 2242 1643 2305 duorum

292 2331 488 2394 schematum.
534 2331 613 2393 Nam
645 2331 674 2391 in
698 2331 871 2411 posteriori,
904 2332 982 2414 quod
1011 2330 1175 2410 simplicius
1206 2338 1269 2405 est,
1302 2332 1448 2411 siqnidem
1470 2350 1573 2393 verum
1597 2342 1645 2395 est

294 2420 373 2500 quod
404 2419 573 2501 posuimus,
605 2430 759 2495 motorem‚
791 2421 840 2502 qui
867 2422 1021 2501 planetam
1050 2438 1104 2498 per
1125 2421 1183 2482 iter
1205 2424 1271 2499 yet
1293 2420 1481 2499 circumagit,
1514 2420 1544 2481 in
1578 2420 1643 2500 ipso

291 2510 415 2588 planeta
437 2510 548 2584 inesse,
572 2528 697 2571 necesse
719 2509 821 2590 itaque
845 2510 944 2582 fuerit,
967 2509 997 2569 in
1020 2508 1161 2589 planetae
1191 2516 1336 2571 motorem
1360 2508 1468 2571 cadere
1492 2510 1640 2589 quandam

293 2598 583 2660 animadversionem
608 2598 782 2679 apparentis
809 2598 1025 2678 magnitudinis
1048 2598 1141 2676 ipsius
1165 2599 1297 2678 corporis
1321 2598 1350 2660 in
1375 2621 1408 2674 a,
1434 2618 1470 2659 ex
1493 2622 1516 2676 y,
1532 2621 1556 2671 a,
1571 2620 1598 2675 η,
1613 2604 1639 2675 d,

290 2686 421 2767 inspecti
452 2687 515 2760 (vel
544 2688 629 2767 quasi
658 2687 800 2768 inspecti)
828 2695 1047 2769 proptereaque
1071 2688 1225 2767 planetam
1249 2688 1320 2756 niti,
1349 2695 1382 2749 ut
1415 2694 1444 2748 ct
1474 2687 1641 2770 aequaliter

203 2816 206 2820 -
290 2776 413 2839 incedat
445 2778 537 2860 (quod
565 2784 726 2858 praestant
748 2778 885 2858 integrae
910 2783 942 2839 et
964 2796 1022 2840 non
1045 2777 1207 2858 impeditae
1239 2778 1373 2839 metricis
1402 2777 1518 2839 animae
1543 2777 1639 2854 vires)

291 2874 323 2926 et
355 2873 459 2928 omnes
488 2867 652 2929 distantias
683 2890 739 2947 cp,
764 2890 821 2943 oa,
845 2887 908 2946 αη,
931 2871 979 2929 ad
1000 2867 1045 2928 ita
1069 2867 1171 2928 ordine
1194 2873 1417 2947 repraesentet,
1447 2875 1480 2929 ut
1507 2866 1577 2927 illae
1602 2887 1640 2930 ex

290 2957 458 3018 ecoentrico
482 2956 503 3033 β
510 2978 526 3036 y
548 2963 712 3034 sequuntur
735 2957 801 3035 lege
824 2957 1022 3034 geometrica3
1047 2975 1133 3036 quem
1156 2955 1305 3018 adfinem
1329 2957 1405 3019 scire
1429 2956 1519 3017 etiam
1539 2956 1638 3032 debet,

290 3050 402 3125 quanto
425 3068 471 3123 αγ
492 3044 609 3124 longior
634 3045 676 3106 sit
699 3064 785 3126 quam
810 3069 829 3108 α
844 3051 868 3119 d,
895 3047 950 3107 hoc
974 3053 1022 3106 est
1045 3054 1158 3128 quanta
1177 3046 1217 3107 sit
1231 3044 1440 3108 eccentricitas
1449 3045 1528 3119 viae,
1551 3064 1640 3128 quam

289 3129 479 3215 confecturus
503 3142 560 3204 est,
585 3155 604 3194 a
626 3153 749 3213 corpore
772 3134 802 3197 in
826 3160 846 3197 α
868 3135 949 3198 eirca
973 3135 1050 3215 quod
1072 3135 1167 3198 iturus
1185 3143 1242 3197 est.
1290 3132 1357 3205 Quo
1375 3139 1464 3214 pacto
1478 3135 1526 3196 hio
1540 3143 1639 3198 motor

285 3222 429 3304 planetae
453 3224 483 3285 in
507 3223 609 3285 multis
633 3223 720 3285 simul
743 3225 946 3305 occupabitur.
990 3223 1024 3286 Si
1046 3226 1103 3287 hoo
1127 3225 1193 3307 quis
1216 3223 1303 3306 fugit,
1327 3224 1419 3304 igitur
1442 3241 1565 3286 necesse
1589 3233 1638 3286 est

288 3320 323 3373 ut
346 3312 438 3390 dicat,
462 3313 615 3392 planetam
639 3313 677 3374 ad
700 3315 720 3392 β
742 3323 895 3394 punctum,
920 3313 998 3395 quod
1021 3313 1099 3376 omui
1123 3331 1245 3394 corpore
1270 3320 1322 3375 aut
1345 3322 1417 3375 nota
1439 3313 1513 3376 reali
1536 3321 1638 3390 vacat,

288 3399 440 3481 respicere
469 3408 501 3463 et
523 3402 665 3482 aequales
690 3402 729 3463 ab
753 3421 788 3463 eo
812 3403 974 3466 distantius
997 3403 1083 3466 tueri.

368 3485 463 3553 'Prius
487 3510 557 3553 vero
582 3491 703 3552 schema
726 3491 848 3574 physice
872 3491 916 3553 sic
940 3493 1120 3574 explicatur,
1150 3499 1183 3554 ut
1206 3491 1391 3571 concipiatur
1417 3491 1513 3554 virtus
1537 3491 1638 3572 aliqua
