3517 5525
467 418 498 472 de
515 416 705 473 (immertalis
724 420 755 473 de
772 424 841 473 motu
858 418 946 475 ιιιΙιι
964 421 1060 475 litatis.
1393 422 1436 491 55

165 682 414 765 (imperpetuo
434 694 495 761 tuo,
511 686 673 751 Maestline
696 697 876 768 praeceptor
890 690 1012 769 optime,
1033 690 1155 752 silemio
1174 709 1272 754 meam
1286 690 1437 754 scribendi

80 774 272 854 diligentiam
304 776 400 839 toties
427 776 492 856 ιιιιι
526 776 764 857 expugnaveris:
798 778 911 840 accidit
937 779 1010 841 milri
1041 775 1176 854 tamen,
1192 779 1272 864 qnod
1298 780 1330 845 ιι
1356 781 1436 842 bello
1477 822 1484 829 -

80 864 334 943 desperantibus,
364 872 398 925 nt
419 873 507 927 ιιιιο
534 866 631 947 magis
663 864 870 946 scriptoriam,
903 876 1016 947 quanto
1048 869 1146 930 minus
1176 870 1319 947 prolici03
1351 878 1385 931 et
1405 870 1436 931 in

77 952 228 1015 victoriae
250 962 341 1035 parte
363 972 484 1034 ponam,
508 956 637 1019 salutem
660 974 778 1019 ornnem
801 956 971 1035 desperare.
1009 957 1056 1018 'lh
1074 958 1101 1020 sl
1117 958 1207 1021 lectis
1229 959 1307 1023 meis
1329 956 1438 1039 Opti·

79 1044 145 1116 cis,
171 1062 303 1124 quorum
326 1044 480 1125 exeurplar
503 1046 578 1115 (una
596 1064 663 1107 cum
687 1045 754 1107 aliis
779 1052 906 1125 quatuor
923 1064 979 1125 per
996 1046 1189 1127 bibliopolam
1205 1046 1334 1111 Gellium
1358 1048 1437 1128 apud
1499 1101 1501 1106 .

80 1132 121 1195 'l'e
145 1132 312 1211 depositis,
322 1151 419 1236 quae
437 1150 509 1211 rogo
532 1140 567 1194 ut
588 1134 749 1198 Besoldo
772 1133 890 1197 doctori
917 1136 1032 1215 petenti
1061 1136 1182 1211 tradas)
1210 1136 1278 1200 'libi
1301 1139 1437 1201 Franco-

79 1222 158 1285 tuto
182 1222 266 1305 douo
290 1222 368 1297 misi,
394 1221 421 1282 si
444 1222 524 1284 lecta
542 1224 737 1304 conceptione
756 1242 825 1285 mea
839 1224 877 1285 de
891 1242 971 1286 nova
993 1225 1112 1297 stello,
1119 1244 1209 1305 (ιιιιι
1227 1226 1293 1305 J‘am
1312 1226 1434 1305 accipis,

78 1330 134 1372 nun
167 1311 360 1390 permoveris
389 1312 428 1373 ad
461 1312 670 1375 scribendum:
713 1320 747 1375 at
778 1314 889 1375 saltem
918 1314 957 1374 ob
986 1312 1021 1375 S
1055 1312 1117 1377 θ’·
1139 1314 1238 1390 bltw,
1270 1315 1317 1377 oni
1349 1324 1439 1395 grata

78 1406 149 1461 snut
181 1400 360 1480 hujusmodi
391 1394 521 1480 scripta,
553 1420 686 1483 quaeque
715 1402 779 1481 Ipsi
808 1400 897 1464 varia
934 1402 1121 1482 conquisivi,
1164 1403 1277 1483 aliquid
1309 1406 1434 1469 scribas.
1465 1418 1471 1431 ’

79 1488 237 1551 Provocat
261 1490 301 1551 ad
325 1496 356 1550 te
375 1489 594 1566 Roeslinns,
618 1491 703 1571 cnjus
726 1490 869 1572 scriptum
888 1490 955 1572 jam
977 1490 1150 1572 accepitS.
1171 1490 1207 1555 0.
1231 1492 1326 1555 Mt⁸·:
1351 1513 1436 1556 com-

6 1632 7 1667 ,
79 1578 178 1639 munis
202 1578 283 1641 haec
316 1578 597 1643 mathematicorum
620 1588 668 1643 est
691 1580 837 1655 materia,
869 1599 958 1661 quam
984 1599 1044 1643 nou
1076 1581 1226 1662 attingere
1258 1583 1437 1646 desertionis

6 1672 8 1709 ι
79 1668 191 1729 crimen
216 1674 441 1749 repraesentat.

166 1756 204 1819 Iu
233 1752 517 1819 Commentariis
540 1756 581 1819 de
605 1755 766 1821 Motibus
798 1758 931 1821 Martis
961 1756 1104 1821 simecs
1133 1756 1254 1821 labores
1286 1778 1436 1835 cerneres,

80 1847 184 1925 opinor
208 1846 243 1909 id
276 1846 392 1915 diceres
426 1847 505 1927 qnod
535 1864 585 1907 res
618 1854 666 1907 est
697 1846 833 1927 qnodque
864 1847 958 1908 etiam
984 1847 1022 1908 de
1046 1844 1166 1925 Opticis
1198 1847 1297 1909 dicere
1321 1855 1353 1909 te
1376 1868 1435 1910 noo

79 1934 203 2008 dubito,
237 1946 289 1997 me
318 1934 437 1997 scilicet
467 1954 525 1997 non
556 1952 624 1996 raro
654 1934 763 1997 nodum
791 1936 820 1996 in
848 1936 948 2015 scirpo
978 1952 1130 2017 quaerere.
1178 1933 1240 1997 Gur
1271 1951 1344 2017 orgo
1375 1956 1434 1999 nou

80 2042 195 2087 mecum
232 2024 435 2086 communicas
458 2043 512 2104 per
534 2023 663 2087 literas?
701 2022 799 2105 Saepe
834 2024 905 2085 mihi
938 2043 997 2085 nou
1025 2024 1173 2103 cogitanti
1205 2025 1309 2110 inepta
1340 2027 1436 2088 multa

81 2114 258 2189 obveniunt,
285 2132 360 2195 quae
383 2133 439 2194 per
461 2114 567 2175 literas
590 2112 738 2177 ventilata
761 2113 849 2176 facile
873 2132 1080 2194 agnoscerem.
1117 2110 1224 2178 Omnis
1244 2133 1331 2178 meus
1353 2116 1438 2179 labor

6 2214 7 2225 ¹
81 2204 190 2265 inhoc
217 2211 279 2276 est,
303 2211 337 2265 ut
355 2202 422 2282 jam
435 2220 524 2281 porro
537 2221 584 2265 *ex
603 2202 739 2281 genuinis
763 2202 864 2265 causis
887 2212 951 2264 tam
966 2202 1161 2285 aquationes
1184 2204 1315 2266 ειοιιιιιι
1337 2204 1437 2283 justas
1500 2260 1504 2265 .

6 2292 7 2301 ³
82 2311 169 2372 quam
193 2291 363 2354 distantias
387 2302 550 2354 exsuuam.
586 2291 704 2353 Proieci
728 2300 827 2355 autem
849 2310 906 2373 per
922 2292 980 2353 Dei
1005 2292 1134 2373 gratiam
1156 2308 1296 2373 eousque,
1321 2302 1438 2355 utnon

82 2382 147 2461 plns
167 2381 321 2443 *aberrem
345 2381 375 2443 in
399 2401 459 2444 uno
491 2382 579 2463 quani
602 2381 632 2443 in
656 2382 752 2445 altero
783 2378 942 2463 certusque
974 2382 1051 2456 sim,
1081 2390 1237 2461 utrumque
1261 2380 1299 2442 ab
1331 2383 1437 2444 cadero

82 2470 246 2553 hypothesi
279 2470 446 2552 proficisci,
477 2490 513 2533 ac
536 2470 659 2551 proinde
682 2490 741 2533 uon
769 2488 859 2550 posse
891 2490 959 2533 esso
987 2489 1082 2544 sana,
1115 2489 1191 2550 quae
1215 2470 1252 2533 de
1275 2469 1444 2534 virtutibus·

6 2618 7 2635 ,
82 2560 261 2624 nutricibus
285 2561 416 2640 disputo.
453 2558 605 2663 Cumque
610 2560 703 2621 toties
721 2561 787 2640 jam
809 2560 1054 2639 triumphaverim
1073 2560 1111 2621 de
1125 2560 1236 2634 Marte,
1259 2560 1316 2621 hoc
1334 2568 1441 2622 tamen

83 2651 251 2711 etiamnum
276 2649 305 2711 iu
321 2668 415 2713 causa
437 2658 556 2711 manet.
580 2648 607 2709 si
622 2649 783 2713 eccentrici
805 2648 885 2710 ratio
909 2648 1100 2713 distribuitur
1120 2648 1201 2710 inter
1216 2649 1436 2713 concentncum

84 2747 112 2801 et
133 2738 328 2821 epicyclnm,
352 2739 431 2814 scis,
457 2746 591 2800 centrum
614 2738 739 2821 epioycli
762 2738 931 2819 inaequalis
961 2746 1062 2800 motus
1087 2738 1192 2800 lieri'
1183 2757 1214 2800 ιι
1237 2738 1436 2812 conceutrico,
1555 2777 1558 2783 ,

84 2829 110 2890 id
132 2837 184 2890 eat
210 2829 432 2891 concentricum
455 2847 546 2908 super
559 2828 657 2890 alieno
676 2836 780 2892 centro
804 2829 992 2909 aequaliter
984 2847 1045 2890 ne.
1070 2828 1140 2907 quia
1162 2829 1265 2892 etiarn
1278 2819 1436 2892 ecccutrm

82 2928 225 2980 novetur
246 2936 339 2996 snper
360 2918 460 2978 aliem
483 2924 596 2978 centro.
644 2915 761 2987 Quodsi
785 2927 855 2996 erge
879 2924 979 2979 motus
1002 2925 1034 2979 ct
1050 2917 1232 2979 couceutrici
1255 2927 1288 2979 st
1310 2917 1435 3000 epiuyoli
1504 2975 1508 2983 .

82 3007 166 3070 simul
190 3007 407 3080 intenduntur,
439 3005 527 3068 simul
549 3005 742 3070 remittuntur
765 3007 810 3080 (id
834 3015 882 3068 est
904 3007 931 3068 si
954 3007 1035 3068 linea
1057 3025 1095 3066 ex
1113 3017 1218 3068 oentm
1241 3009 1435 3088 aequalitatis

83 3096 269 3158 mecentrici
291 3113 346 3174 per
360 3104 497 3157 centrum
514 3095 644 3175 epicycli
660 3096 770 3158 educta
793 3103 944 3158 monstret
966 3112 1133 3176 apogaeum
1156 3113 1259 3158 verum
1280 3097 1433 3199 epichli),
1476 3122 1478 3126 ·

83 3186 206 3248 nuncin
232 3185 342 3247 effectu
365 3193 468 3246 manet
490 3185 590 3247 orbita
612 3179 766 3263 planetae,
791 3203 882 3264 quarn
904 3203 1029 3264 corpore
1051 3185 1177 3253 transit,
1200 3184 1381 3262 periectos
1375 3186 1436 3247 cir-

81 3276 161 3338 culus
192 3274 395 3338 eccentricus.
455 3276 500 3336 At
527 3273 756 3337 observationes
797 3281 963 3346 testantur,
1004 3274 1035 3334 in
1065 3272 1302 3352 longitudinibus
1329 3275 1437 3337 mediis

81 3365 222 3446 utrinqne
245 3363 404 3448 planetam
428 3363 467 3424 ad
490 3363 588 3425 latera
610 3363 727 3442 ingredi
755 3362 875 3424 circiter
898 3360 1122 3443 adopertione
1146 3360 1184 3424 de
1210 3358 1350 3426 152500.
1395 3365 1439 3424 Et

81 3453 328 3533 insecutiones
350 3451 494 3533 physicae
513 3453 655 3526 ¹secundent,
680 3451 805 3532 epicycli
828 3459 943 3513 motum
965 3469 1055 3532 super
1077 3452 1197 3530 proprio
1220 3459 1324 3514 centro
1345 3453 1440 3532 plane
1522 3468 1526 3480 ·

81 3543 276 3624 aeqmbilem
299 3541 416 3616 thccue,
440 3542 559 3624 idest,
591 3541 700 3604 lineam
723 3541 787 3602 veri
820 3541 949 3622 apogaei
980 3534 1106 3622 epichli
1135 3556 1231 3620 agere
1254 3557 1309 3621 per
1330 3549 1438 3614 centra
1459 3555 1464 3563 ·
1506 3590 1510 3598 .

82 3631 270 3695 uencsntriei
291 3638 324 3692 et
346 3630 481 3712 epicycli.
528 3630 575 3694 At
598 3630 624 3691 si
648 3631 703 3693 hoc
728 3629 839 3706 latias,
869 3631 995 3711 planeta
1026 3629 1169 3692 doliectm
1191 3631 1230 3696 ab
1253 3629 1353 3696 orbita
1373 3631 1436 3694 cir·
1468 3645 1473 3654 ’

80 3722 172 3796 colari
197 3739 255 3800 per
282 3717 377 3790 1300,
401 3719 505 3782 debuit
527 3720 689 3782 secundnm
712 3721 875 3786 observata
901 3728 1021 3783 tantum
1042 3738 1096 3800 per
1119 3716 1193 3783 000.
1239 3717 1320 3791 Quin
1342 3721 1437 3784 etiam

78 3811 119 3874 nti
142 3811 175 3874 in
202 3808 442 3890 longitudinibus
473 3809 580 3871 mediis
605 3817 637 3870 et
659 3827 763 3872 versus
795 3805 971 3890 perigenem
1002 3809 1112 3875 nimius
1140 3808 1261 3872 ost‘hio
1281 3809 1435 3890 ingressus
1528 3850 1530 3855 -

79 3901 115 3962 ad
140 3901 269 3974 latera,
302 3899 348 3961 ita
375 3915 483 3960 versus
514 3914 680 3978 apogaeum
710 3917 768 3960 nco
795 3900 876 3962 ιιιιι
905 3918 1033 3978 magnus
1047 3969 1052 3979 ,
1065 3917 1132 3962 esse
1164 3898 1292 3972 ridetur.
1346 3899 1434 3983 Unde
1494 3955 1498 3960 .

79 3989 200 4054 videtur
224 3988 322 4068 sequi,
347 3988 446 4068 ipsum
469 3987 633 4069 epicyclum
656 4005 715 4050 nun
739 3987 856 4050 omnino
885 3988 1072 4068 aequabilem
1096 4007 1182 4050 esse:
1214 4005 1309 4072 neque
1332 3995 1433 4050 ιιιιιι

79 4080 238 4142 inmotus
267 4077 483 4160 inaequalitate
517 4096 583 4140 cum
616 4078 806 4140 conceutrico
834 4077 1012 4153 convenire,
1040 4077 1095 4138 sed
1117 4077 1225 4163 anigno
1255 4077 1434 4144 velociorem

79 4168 151 4245 ieri,
175 4168 384 4250 planctatam
399 4167 661 4246 circaapugaenm
677 4165 871 4248 epicyclioum
886 4174 1038 4241 versante,
1060 4185 1149 4248 quam
1162 4166 1243 4228 circa
1260 4167 1433 4248 perigaeum
1489 4227 1497 4245 ,

79 4258 278 4364 epicyclicum
302 4256 348 4330 (id
371 4263 429 4332 ost,
454 4255 565 4318 lineam
587 4255 650 4318 veri
669 4256 797 4335 apugasi
820 4255 974 4337 opicyclici
992 4255 1082 4335 paulo
1096 4255 1152 4317 snb
1175 4263 1279 4318 centm
1301 4275 1433 4327 concen-

80 4343 1043 4426 eiciesseinapogaeo,suprai11udnperignem)icem
1065 4345 1167 4426 Tycho
1182 4343 1294 4406 Lunae
1318 4345 1432 4421 tribuit,

80 4447 110 4500 ut
130 4439 177 4502 sit
202 4437 294 4500 velox
316 4435 426 4500 ceteris
448 4435 583 4515 paribus,'
605 4442 669 4496 tarn
692 4434 722 4498 in
746 4437 776 4512 ἅ
799 4453 888 4516 quarn
910 4435 1004 4508 in00.
1172 4475 1177 4486 ·

165 4526 357 4590 Tabularum
380 4524 529 4587 rationem
548 4525 614 4603 jam
637 4524 719 4587 inivi.
765 4524 872 4588 Habeo
895 4524 1006 4586 Martis
1028 4521 1159 4598 tabulas,
1185 4475 1351 4604 exquibus
1374 4541 1431 4586 nuo

81 4615 124 4680 die
148 4615 351 4699 ephemerida
368 4612 493 4678 coniicit
515 4613 645 4694 diligens
668 4615 792 4695 aliquis,
823 4633 948 4694 eamque
972 4615 1012 4676 ad
1035 4613 1099 4674 dies
1123 4611 1216 4676 denos
1244 4611 1330 4674 unius
1353 4612 1433 4676 nuni.

82 4705 142 4771 lieo
165 4707 248 4770 liunt
270 4704 393 4768 inutiles
416 4703 501 4765 nouis
524 4703 773 4773 correctionibus,
796 4711 917 4782 praeter
938 4722 1028 4767 unam
1050 4699 1280 4765 distantiarum:
1313 4709 1433 4764 ceteras

84 4805 150 4860 suut
171 4795 345 4878 generales.
375 4793 591 4867 Parallactica,
614 4812 691 4874 quae
714 4793 743 4855 in
767 4791 887 4872 Opticis
911 4799 969 4867 est,
993 4812 1052 4854 una
1075 4790 1177 4853 salvat
1197 4809 1300 4852 omnes
1323 4790 1432 4852 latitu-

85 4885 176 4961 dines,
202 4885 267 4948 sine
291 4884 356 4947 ulla
378 4883 611 4963 computatione,
635 4901 689 4964 per
711 4881 907 4944 nudissimum
930 4879 1162 4960 exemptionem.
1201 4880 1279 4943 Puto
1302 4898 1348 4940 ιιι
1372 4879 1430 4938 ιιι-

85 4975 151 5056 quid
174 4982 396 5047 consecutumr
427 4980 459 5036 et
487 4991 554 5036 cum
584 4971 732 5034 interdum
763 4971 800 5034 de
832 4970 1003 5034 valetudine
1031 4988 1145 5052 angar,
1176 4967 1331 5031 consilium
1354 4967 1430 5050 cepi,
