3517 5525
305 329 370 400 306
785 334 825 388 De
843 333 951 398 Motibus
969 333 1063 386 Stellae
1079 334 1168 389 uam·

180 589 182 598 y
300 511 484 589 humillim0,
512 512 611 576 inesse
633 511 695 576 vim
717 514 904 577 materialem
926 533 993 578 sese
1017 511 1187 597 explicandi
1209 511 1344 576 nonnihil
1367 529 1406 574 ex
1427 513 1500 584 orbo
1522 511 1651 576 virtutis

267 643 269 648 ,
300 603 427 668 Solaria.
479 602 566 666 Unde
598 601 762 678 evincitur,
796 601 913 666 Solaria
947 604 1082 686 corporis
1111 599 1299 684 gyrationem
1329 602 1423 663 multo
1455 608 1650 664 antevertere

303 692 431 754 omnium
459 691 647 773 planetarum
677 689 830 772 periodica
857 699 1008 774 tempora;
1039 693 1166 773 ideoque
1195 691 1235 753 ad
1266 690 1419 754 minimum
1447 690 1536 753 citius
1559 709 1651 773 quarn

302 781 449 844 trimestri
472 781 570 862 spatio
594 781 697 844 Solem
721 782 814 843 semel
836 783 865 843 in
890 803 944 846 suo
968 782 1067 863 spatio
1090 781 1200 863 gyrari.

303 867 311 880 “
390 871 438 933 Ac
462 889 527 932 cum
550 869 581 932 in
603 889 669 932 meo
688 871 872 952 Mysterio
897 870 1215 952 Cosmographico
1238 867 1411 954 monuerim,
1435 867 1561 930 eandem
1584 868 1651 931 fere

305 955 527 1041 proportionem
541 979 609 1022 esse
633 959 710 1022 inter
730 958 969 1023 semidiametros
988 959 1122 1042 corporis
1145 959 1275 1022 Solis'et
1297 956 1378 1019 orbis
1393 956 1547 1031 Mercurii,
1570 977 1650 1039 quae

303 1055 353 1111 est
372 1049 450 1112 inter
473 1049 712 1111 semidiametros
735 1051 868 1130 corporis
892 1053 1002 1112 Terrae
1026 1058 1057 1112 et
1079 1049 1160 1111 orbis
1182 1049 1300 1110 Lunae:
1332 1046 1404 1108 hinc
1431 1065 1490 1107 non
1519 1046 1651 1110 absurde

303 1137 502 1214 concluseris,
536 1138 582 1214 sic
603 1156 670 1200 esse
693 1132 848 1218 periodum
877 1140 958 1202 orbis
981 1138 1123 1210 Mercurii
1150 1137 1189 1199 ad
1215 1135 1371 1217 periodum
1397 1135 1533 1216 corporis
1555 1136 1650 1212 Solis,

304 1234 338 1290 ut
361 1231 410 1289 est
430 1227 570 1307 periodus
595 1227 675 1289 orbis
697 1228 801 1290 Lunae
825 1228 863 1289 ad
887 1229 1040 1310 periodum
1063 1228 1201 1307 corporis
1220 1227 1341 1287 Terrae.
1386 1226 1435 1288 Ac
1465 1242 1531 1287 cnm
1554 1225 1650 1288 semi-

303 1316 449 1378 diameter
463 1313 543 1379 orbis
557 1317 662 1378 Lunae
678 1317 718 1379 sit
734 1319 954 1398 sexagecuplus
976 1316 1191 1380 semidiametri
1213 1313 1347 1394 corporis
1363 1313 1484 1387 Terrae,
1508 1314 1651 1393 periodus

302 1425 373 1468 vero
389 1403 470 1468 orbis
483 1406 587 1468 Lunae
604 1407 672 1478 (seu
690 1407 817 1480 mensis)
833 1407 1017 1488 trigecuplus
1039 1405 1240 1487 paulominus
1254 1401 1370 1483 periodi
1384 1401 1521 1483 corporis
1535 1403 1649 1465 Terrae

305 1497 375 1569 (sen
406 1495 480 1568 diei)
512 1502 544 1556 et
566 1495 609 1558 sic
631 1495 784 1576 proportio
814 1495 1040 1577 amplitudinunr
1064 1495 1156 1575 dupla
1178 1492 1216 1554 ad
1238 1490 1460 1574 proportionem
1482 1498 1652 1572 temporum

302 1584 538 1666 periodicornm:
562 1583 588 1646 si
609 1581 702 1663 igitur
716 1584 806 1646 etiarn
828 1586 859 1648 in
873 1585 945 1648 Sole
960 1592 992 1647 et
1004 1584 1154 1646 Mercurio
1169 1587 1275 1662 regnet
1294 1580 1450 1660 proportio
1463 1580 1565 1660 dupla,
1581 1600 1653 1644 cum

302 1673 386 1738 Solis
415 1672 549 1752 corporis
572 1671 718 1735 diameter
741 1674 785 1736 sit
804 1672 994 1755 sexagesima
1015 1673 1135 1736 circiter
1156 1670 1296 1733 diametri
1317 1668 1399 1731 orbis
1414 1669 1567 1745 Mercurii,
1589 1672 1652 1733 erit

303 1771 421 1844 tempus
445 1761 649 1824 conversionis
677 1761 759 1842 globi
783 1763 901 1826 Solaria
923 1763 1077 1826 tricesima
1098 1763 1137 1824 de
1159 1760 1264 1822 diebus
1287 1755 1345 1834 88,
1368 1765 1482 1843 quanta
1502 1766 1552 1820 est
1572 1779 1651 1821 con-

243 1881 252 1896 ’
304 1851 403 1914 versio
419 1851 500 1914 orbis
515 1851 671 1914 Mercurii:
697 1853 772 1914 adeo
785 1859 820 1914 ιιι
842 1852 1005 1916 verisimile
1029 1852 1079 1928 sit,
1102 1849 1212 1914 Solem·
1228 1848 1328 1910 triduo
1347 1846 1467 1910 circiter
1480 1848 1589 1929 gyrari
1601 1846 1651 1922 ⁸⁰)

393 1939 448 2002 Sin
472 1948 571 2003 antem
593 1941 690 2002 mavis
713 1940 849 2004 dinmmn
865 1941 932 2004 Soli
954 1949 1072 2023 tempus
1094 1939 1309 2022 praescribere,
1332 1943 1366 1999 nt
1388 1935 1495 1998 diurna
1517 1937 1651 2000 Telluris

305 2030 459 2092 conversio
483 2030 514 2090 vi
536 2030 666 2111 quadarn
687 2032 858 2110 magnetica
879 2031 1070 2111 dispensetur
1098 2051 1117 2091 a
1145 2023 1253 2091 diurna
1273 2023 1354 2105 globi
1377 2023 1494 2089 Solaria
1521 2044 1653 2088 conver-

279 2121 282 2127 ’
306 2120 399 2193 sione,
424 2119 503 2179 hand
518 2119 654 2200 equidem
667 2119 905 2199 repugnaverim.
944 2119 1025 2183 Sane
1048 2119 1155 2200 rapida
1177 2117 1239 2178 ista
1255 2114 1373 2196 gyratio
1397 2113 1435 2175 ab
1458 2133 1495 2176 eo
1511 2133 1649 2195 corpore,

304 2209 335 2271 in
360 2228 417 2290 quo
440 2208 553 2290 primns
576 2214 661 2270 actus
684 2209 780 2271 omnis
803 2218 903 2275 motus
926 2210 1014 2284 inest,
1036 2227 1096 2278 non
1119 2207 1219 2269 aliena
1241 2223 1309 2266 esse
1331 2203 1458 2264 videtur.

394 2297 593 2361 confirmatur
622 2304 722 2359 autem
749 2299 824 2360 baec
848 2298 947 2379 opinio
970 2299 1022 2372 (de
1044 2297 1238 2360 conversione
1261 2291 1395 2374 corporis
1419 2292 1546 2367 Solaria,
1570 2295 1654 2374 quod

305 2389 360 2451 illa
383 2387 424 2448 sit
447 2407 539 2448 cansa
565 2393 663 2448 motus
690 2387 821 2466 planetis
845 2389 968 2461 ceteris)
991 2389 1048 2450 hoc
1076 2387 1143 2467 ipso
1165 2383 1308 2463 'exemplo
1331 2380 1463 2444 Telluris
1493 2389 1525 2442 et
1546 2383 1653 2445 Lunae

305 2476 512 2558 pulcherrime.
558 2473 637 2537 Nam
670 2475 740 2556 qnia
770 2479 873 2538 Lunae
905 2485 1005 2539 motus
1036 2474 1174 2556 capitalis
1197 2479 1229 2534 et
1258 2478 1438 2545 menstruus,
1471 2469 1502 2533 vi
1524 2471 1653 2534 demonss

307 2565 486 2628 strutionum
508 2583 572 2644 cap.
606 2563 741 2627 XXXII.
778 2565 929 2629 XXXIH.
967 2573 1191 2646 usurpatarum,
1225 2559 1344 2623 omnino
1384 2578 1423 2620 ex
1445 2559 1565 2623 Tellure
1596 2581 1653 2624 cen

307 2656 388 2718 fonte
412 2659 460 2713 est
483 2653 567 2728 (nam
589 2654 668 2734 quod
691 2661 739 2715 est
760 2654 808 2716 hic
832 2654 888 2718 Sol
909 2655 1040 2735 planetis
1063 2653 1186 2728 ceteris,
1217 2651 1275 2712 hoc
1305 2657 1355 2710 est
1375 2651 1470 2711 Terra
1492 2649 1596 2712 Lunae
1619 2651 1654 2712 in

307 2744 361 2807 illa
379 2740 658 2817 demonstratione).
698 2741 863 2807 Considera
886 2744 986 2825 igitur,
1011 2743 1157 2825 quomodo
1176 2740 1280 2807 Tellus
1298 2745 1403 2802 nostra
1416 2737 1519 2801 Lunae
1536 2746 1654 2803 motum

307 2832 431 2895 inferat:
457 2833 527 2893 dum
549 2851 654 2913 nempe
673 2833 777 2895 Tellus
799 2834 873 2895 haec
890 2842 995 2896 nostra
1017 2842 1050 2895 et
1075 2851 1142 2895 cnm
1164 2851 1202 2893 ea
1220 2828 1342 2911 species
1356 2828 1422 2908 ejus
1449 2827 1655 2892 immateriata

308 2921 400 2983 vicies
433 2922 536 2983 novies
570 2922 660 2983 semis
691 2922 878 2985 convolvitur
909 2924 991 2985 circa
1025 2941 1109 2985 suum
1141 2940 1242 2996 axem,
1282 2916 1398 2997 species
1434 2917 1510 2979 haec
1537 2920 1654 2981 emissa

308 3018 425 3073 tantum
446 3017 549 3090 potest
571 3010 603 3071 in
620 3010 745 3085 Lunam,
773 3019 807 3075 nt
827 3012 913 3073 illam
934 3011 1055 3075 interim
1078 3011 1169 3100 semel
1192 3010 1223 3073 in
1246 3005 1452 3087 orbemagat,
1475 3006 1506 3068 in
1527 3007 1654 3088 plagam

310 3100 429 3181 quidem
452 3100 586 3173 eandem,
609 3099 752 3181 inquam
775 3100 878 3164 Tellus
901 3101 970 3182 ipsa
990 3101 1096 3183 praeit.

397 3188 458 3251 Sed
481 3188 538 3250 hoc
561 3186 680 3250 interim
701 3190 821 3265 mirum,
855 3199 988 3253 centrum
1010 3192 1113 3253 Lunae
1136 3186 1226 3268 duplo
1250 3184 1415 3264 longiorem
1437 3184 1548 3247 lineam
1569 3183 1655 3248 circa

275 3310 280 3324 ι
309 3286 443 3341 centrum
462 3278 573 3339 Terrae
598 3277 713 3340 emetiri
736 3276 868 3361 quolibet
890 3289 1033 3361 tempore,
1057 3296 1146 3360 quam
1168 3278 1297 3358 aliquem
1319 3274 1417 3336 locum
1439 3274 1470 3335 in
1493 3275 1653 3353 superficie

309 3368 439 3431 Telluris
472 3368 626 3447 aequatori
648 3366 758 3429 circulo
788 3368 918 3433 maximo
942 3370 1153 3449 subjacentem.
1199 3365 1234 3429 Si
1264 3362 1342 3427 enim
1368 3362 1543 3444 aequalibus
1569 3371 1653 3429 tern-

308 3456 430 3539 poribus
455 3455 592 3535 aequalia
615 3457 714 3535 spatia
736 3458 938 3531 emetirentur,
961 3459 1078 3520 Lunam
1101 3455 1290 3534 sexagesimo
1304 3450 1353 3513 die
1375 3452 1494 3515 restitui
1507 3455 1652 3532 oportuit,

310 3566 377 3608 eum
401 3544 564 3624 amplitudo
588 3545 652 3623 ejus
676 3544 757 3607 orbis
788 3546 829 3607 sit
857 3547 1057 3627 sexagecupla
1083 3546 1122 3608 ad
1145 3543 1275 3607 Telluris
1304 3541 1385 3621 globi
1414 3541 1652 3621 amplitudinem.

398 3632 546 3697 Nimirum
568 3640 655 3695 tanta
677 3633 724 3695 vis
742 3642 790 3697 est
813 3635 924 3715 speciei
946 3634 1163 3697 immateriatae
1178 3630 1318 3706 Telluris,
1340 3631 1470 3693 Lunaris
1492 3650 1565 3694 vero
1580 3652 1653 3695 cor-

311 3724 395 3807 poris
418 3721 521 3802 procul
536 3720 624 3783 dubio
643 3742 751 3803 magna
773 3724 884 3787 raritas
898 3735 930 3788 et
951 3724 1110 3787 imbecillis
1124 3720 1333 3803 repugnantia.
1369 3721 1474 3801 Itaque
1497 3729 1531 3783 ut
1552 3722 1652 3786 admi·

310 3814 388 3877 ratic
411 3812 538 3873 tolletur
559 3812 718 3891 perpende,
742 3814 820 3895 qnod
842 3813 891 3876 his
913 3814 1022 3895 positis
1043 3812 1198 3894 principiis
1218 3811 1335 3874 omnino
1349 3828 1534 3891 consequens
1557 3821 1653 3889 esset,

311 3904 442 3976 Lunam,
476 3899 501 3961 si
524 3899 667 3961 materiae
696 3901 727 3963 vi
753 3904 842 3983 plane
869 3904 945 3967 nihil
976 3910 1157 3985 repugnaret
1183 3900 1276 3962 motui
1299 3920 1317 3959 a
1340 3900 1434 3961 Terra
1462 3899 1653 3965 extrinsecus

311 3992 414 4065 illato,
446 3988 511 4071 rapi
535 3988 640 4051 eadem
667 3990 756 4070 plane
780 3992 935 4056 celeritate
963 4012 1029 4055 cum
1061 3996 1128 4071 ipsa
1154 3988 1253 4071 specie
1276 3987 1407 4051 Telluris
1438 3988 1651 4066 immateriata,

310 4082 368 4143 hoo
398 4086 446 4140 est
468 4098 534 4141 cum
560 4077 627 4158 ipsa
649 4078 768 4141 Tellure
800 4089 832 4145 et
862 4082 1017 4145 circumire
1048 4079 1148 4161 spatio
1178 4075 1220 4142 24
1248 4078 1398 4151 horarum,
1422 4097 1479 4160 qoo
1503 4086 1534 4140 et
1555 4081 1653 4142 Terra

243 4192 248 4205 ¹
302 4168 455 4231 'circumit
492 4168 570 4231 Nam
586 4167 645 4230 etsi
666 4186 776 4248 magna
789 4177 837 4233 est
858 4173 991 4235 tenuitas
1012 4171 1095 4234 illius
1118 4168 1231 4249 speciei
1245 4167 1376 4229 Telluris
1397 4166 1429 4229 in
1443 4167 1588 4233 distantia
1607 4165 1652 4233 60

313 4256 614 4321 semidiametrorum:
637 4258 724 4319 unius
746 4266 846 4321 tamen
861 4261 902 4323 ad
923 4262 996 4324 nihil
1020 4259 1124 4321 eadem
1138 4266 1187 4320 est
1207 4256 1370 4337 proportio,
1393 4274 1468 4337 qnae
1492 4258 1654 4339 sexaginta

314 4348 353 4421 ad
375 4346 459 4407 nihil.
500 4346 605 4427 Itaque
626 4346 741 4427 species
756 4348 886 4412 Telluris
909 4350 1109 4413 immateriata
1125 4347 1260 4410 vinceret
1281 4355 1376 4409 totum
1394 4366 1504 4423 assem,
1528 4348 1556 4411 si
1576 4348 1654 4411 nihil

313 4438 470 4500 resisteret
492 4436 586 4497 Luna.
1518 4444 1526 4472 ¹

404 4523 521 4596 Quodsi
544 4524 609 4605 quis
632 4544 670 4587 eu
691 4543 738 4587 me
762 4534 901 4605 quaerat,
934 4527 1021 4609 quale
1044 4526 1135 4607 igitur
1157 4544 1265 4606 corpus
1289 4542 1356 4586 esse
1379 4524 1462 4589 Solis
1484 4531 1600 4605 putem,
1634 4547 1654 4588 a

315 4636 372 4699 quo
395 4613 470 4675 haec
494 4614 608 4693 species
631 4613 741 4677 metria
765 4613 939 4679 descendit?
961 4617 1082 4679 eumin
1104 4614 1386 4694 bonomodumego
1405 4613 1497 4694 jubeo
1509 4615 1654 4694 progredi

314 4702 442 4769 ulterius
465 4702 605 4782 analogia
627 4704 711 4778 duce,
726 4710 766 4765 'et
789 4706 909 4781 suadeo,
932 4713 966 4768 ιιι
987 4706 1127 4787 inspiciat
1150 4704 1320 4784 exemplum
1341 4704 1430 4783 paulo
1444 4710 1514 4767 ante
1536 4721 1654 4767 memo-

316 4796 375 4858 rati
398 4789 546 4872 magnetis
568 4793 745 4868 accuratius,
769 4792 852 4872 cujus
874 4796 970 4858 virtus
992 4795 1106 4859 residet
1131 4795 1163 4857 in
1185 4794 1324 4857 universo
1346 4812 1469 4875 corpore
1492 4792 1654 4872 magnetis,

317 4904 384 4949 cunr
407 4880 539 4967 ejusdem
561 4882 638 4945 mole
662 4882 779 4957 crescit,
802 4902 868 4947 cum
887 4884 1115 4967 comminutione
1142 4883 1225 4949 illius
1247 4882 1418 4950 diminuitur
1440 4891 1473 4947 ct
1492 4884 1569 4969 ipsa
1605 4886 1656 4951 Ita
