3517 5525
564 365 625 418 Pars
643 367 734 418 Tertia.
771 365 852 432 Caput
869 367 979 420 xxxm.
1378 367 1443 438 305

97 542 204 605 oculos
227 543 293 624 ejus
315 541 434 622 vident;
466 545 517 626 qui
539 565 611 609 vero
633 546 809 628 postillam
831 552 932 622 stant,
962 547 1114 610 oculorum
1136 545 1202 626 ejus
1224 554 1349 630 aspectu
1371 555 1442 614 tunc

96 637 210 694 carent.
266 631 311 696 At
342 653 410 697 sese
447 643 624 712 convertens
662 637 832 700 circumfert
872 636 976 698 oculos
1008 636 1047 698 ad
1077 635 1234 699 universos
1263 636 1296 702 in
1327 637 1439 716 orbern,

97 740 200 784 omnes
223 722 316 801 igit-ur
344 744 484 788 successu
512 726 682 788 brevissimi
703 726 847 808 temporis
866 727 932 806 ejus
954 725 1109 790 oculomm
1130 733 1255 806 aspectu
1275 726 1439 808 potiuntur.

96 810 142 874 At
162 811 319 891 potiuntur
340 832 394 893 per
417 833 571 878 accessum
593 815 709 878 luculae
733 836 785 878 seu
815 815 926 897 speciei
950 814 1059 878 coloris
1081 815 1119 876 ab
1143 815 1237 878 oculis
1259 816 1388 880 oratoris
1410 819 1442 880 in

98 900 202 962 oculos
235 903 435 981 spectantium
466 903 617 985 delapsae.
662 905 745 986 Ergo
782 902 993 968 circumferens
1031 905 1135 966 oculos
1171 904 1203 966 in
1230 913 1359 984 angusto
1387 907 1442 969 illo

98 987 209 1070 spatio,
233 991 265 1051 in
282 1010 340 1072 quo
355 1000 445 1073 caput
467 993 532 1072 eJus
546 993 725 1059 collocatum
747 1003 804 1070 est,
827 1013 887 1056 una
901 993 1072 1056 circumfert
1093 992 1211 1056 luculae
1233 993 1316 1058 illius
1338 995 1442 1058 radios

96 1079 126 1140 in
154 1079 342 1160 amplissimo
374 1081 428 1143 illo
458 1083 546 1156 orbe,
578 1083 609 1145 in
632 1102 718 1165 quem
746 1089 948 1165 spectatorum
976 1082 1055 1146 oculi
1085 1082 1278 1146 circumcirca
1300 1079 1442 1165 dispositi

97 1173 175 1232 sunt.
214 1168 284 1232 Nisi
307 1189 335 1231 n.
359 1191 419 1233 una
434 1172 603 1234 circumiret
625 1173 725 1235 lucula
747 1174 810 1249 illa,
834 1179 1020 1253 spectatores
1043 1172 1108 1252 ejus
1124 1172 1278 1244 oculorum
1299 1179 1443 1254 aspectus

98 1277 160 1319 non·
176 1258 286 1329 fierent
307 1260 480 1342 participes.
516 1262 574 1324 Hic
593 1261 677 1342 vides
700 1263 869 1336 manifeste,
893 1262 1024 1343 speciem
1038 1259 1270 1324 immateriatam
1291 1260 1369 1325 lucis
1391 1261 1441 1324 vel

98 1345 283 1410 circumferri
296 1349 345 1410 vel
364 1357 456 1426 stare,
479 1370 538 1412 una
553 1370 620 1414 cnm
638 1351 812 1415 circumlata
826 1351 875 1412 vel
893 1358 994 1414 stante
1009 1370 1041 1414 re
1056 1371 1120 1426 sua,
1144 1350 1228 1430 cujus
1243 1357 1291 1412 est
1312 1351 1439 1431 species.

186 1435 264 1500 cnm
287 1437 387 1520 itaque
411 1439 526 1519 species
549 1441 656 1516 fontis,
690 1461 743 1504 seu
765 1441 861 1504 virtus
883 1441 1023 1522 planetas
1044 1458 1183 1514 movens,
1214 1445 1338 1521 gyretnr
1360 1440 1442 1502 circa

98 1532 233 1588 centrum
246 1527 359 1603 mundi,
372 1547 435 1591 rem
449 1530 546 1610 ipsam
560 1549 685 1612 quoque,
709 1530 793 1612 cujus
814 1536 862 1592 cst
880 1529 1007 1611 species,
1030 1529 1152 1593 Solem
1173 1548 1278 1610 nempe
1300 1530 1440 1613 gyrari,

97 1614 151 1678 hoc
169 1615 237 1695 jam
260 1616 341 1679 dicto
364 1618 501 1699 exemplo
523 1638 583 1681 non
605 1619 733 1682 absurde
756 1619 911 1683 concludo.

185 1703 333 1776 Quamvis
348 1713 380 1770 et
400 1707 458 1770 hoc
481 1717 656 1788 argumento
680 1709 759 1773 idem
777 1708 933 1783 evincitur,
956 1708 1035 1789 quod
1056 1714 1156 1772 motus
1177 1705 1285 1769 localis
1307 1714 1339 1770 et
1359 1713 1440 1768 tem·

96 1793 159 1876 pori
188 1793 327 1858 subditus
356 1797 460 1879 nequit
486 1806 655 1878 competere
686 1799 717 1860 in
741 1799 871 1880 speciem
900 1796 1131 1860 immaterialem
1153 1797 1277 1871 nudam,
1307 1802 1342 1858 ιιι
1363 1815 1440 1878 quae

96 1890 195 1946 motus
218 1883 299 1946 illati
320 1887 493 1966 passionem
515 1887 647 1968 recipere
670 1888 785 1970 nequit,
819 1889 879 1951 nisi
901 1887 1004 1962 simul,
1036 1893 1071 1949 ut
1092 1885 1188 1948 virtus
1214 1885 1290 1948 baec
1311 1885 1440 1948 materis
1556 1920 1559 1927 ·

95 1974 162 2054 ipsa
185 1981 285 2050 caret,
318 1975 362 2036 sic
392 1983 490 2038 motus
514 1996 630 2059 quoque
657 1985 795 2058 receptus
824 1985 959 2058 tempore
982 1981 1094 2037 careat
1142 1973 1218 2038 (lum
1245 1993 1317 2055 ergo
1343 1973 1441 2036 virtus

95 2062 154 2125 ista
168 2082 295 2126 movens
314 2064 468 2128 circumire
482 2065 609 2147 probata
627 2065 676 2142 sit,
700 2085 794 2148 neque
812 2075 913 2128 tamen
934 2065 1067 2127 infinitae
1079 2063 1180 2146 possit
1193 2063 1317 2126 concedi
1330 2062 1440 2126 celeri-

95 2152 168 2214 tatis
193 2152 355 2226 (infinitam
377 2155 454 2216 enim
484 2162 555 2218 tunc
578 2155 763 2218 celeritatem
786 2157 877 2219 etiam
900 2153 1073 2235 corporibus
1095 2153 1227 2217 inditnra
1251 2153 1385 2226 videtur)
1408 2160 1441 2214 et

93 2243 160 2303 ideo
176 2241 207 2304 in
223 2249 357 2323 tempore
371 2244 472 2327 aliquo
486 2245 664 2310 circumeat:
690 2265 722 2312 se
736 2246 804 2326 ipsa
826 2246 917 2325 igitur
939 2244 1016 2308 hunc
1030 2249 1143 2305 motum
1161 2241 1265 2323 nequit
1284 2243 1439 2323 perficere,

97 2332 149 2394 sed
172 2331 242 2393 ideo
266 2331 364 2394 solum
386 2329 498 2395 moveri
521 2335 605 2398 illam
628 2353 752 2398 necesse
775 2342 832 2410 est,
856 2334 926 2416 qnia
941 2349 1056 2413 ‘corpus
1079 2332 1144 2412 ejus
1167 2351 1185 2392 e
1208 2349 1265 2412 quo
1289 2330 1440 2412 dependet

94 2427 240 2482 movetur.
285 2421 387 2503 Atque
410 2423 516 2486 eodem
538 2425 629 2486 etiam
652 2432 826 2505 argumento
850 2431 931 2486 recte
954 2421 1092 2488 concludi
1113 2421 1250 2496 videtur,
1281 2439 1341 2482 non
1370 2439 1438 2484 esse

96 2510 328 2572 immateriatum
352 2512 502 2593 quippiam
532 2513 612 2574 intra
637 2513 771 2594 corporis
794 2512 911 2577 Solaris
938 2510 1099 2586 terminos,
1131 2511 1216 2590 cnjus
1243 2510 1439 2572 conversione

97 2599 183 2661 simul
201 2605 394 2662 convertatur
418 2601 533 2681 species
555 2603 616 2664 ista
630 2602 667 2665 ab
690 2603 743 2664 illo
767 2602 967 2665 immateriatc
982 2601 1176 2662 descendens.
1213 2599 1346 2662 Rursum
1360 2599 1441 2678 eninr

97 2685 298 2750 immateriato
322 2689 449 2771 cuipiam
471 2690 578 2754 localis
601 2700 701 2754 motus
716 2711 781 2755 cum
804 2699 937 2772 tempore
960 2710 1019 2752 non
1041 2697 1122 2750 recte
1144 2689 1293 2751 tribuitur.
1330 2687 1440 2752 Relin-

97 2780 194 2860 quitur
219 2778 319 2857 igitur,
342 2785 377 2841 ut
398 2799 506 2861 corpus
528 2783 625 2862 ipsum
639 2782 722 2845 Solis
744 2784 832 2845 modo
852 2782 1041 2863 supradicto
1064 2786 1196 2862 gyretur,
1219 2786 1251 2840 et
1271 2777 1351 2860 polis
1365 2798 1440 2841 snae

97 2868 302 2935 conversionis
325 2868 420 2941 (linea
443 2888 480 2931 en
499 2878 600 2933 centro
624 2871 756 2953 corporis
778 2891 833 2953 per
854 2872 925 2933 illos
946 2872 1025 2931 inter
1047 2870 1124 2931 fixas
1146 2868 1269 2940 educta)
1291 2876 1441 2931 monstret

95 2958 181 3038 polos
205 2956 331 3031 zodiaci,
355 2958 466 3021 circulo
484 2979 555 3023 vcro
579 2961 712 3041 corporis
736 2960 782 3023 sui
805 2960 936 3023 marimo
950 2958 1131 3039 eclipticam,
1154 2958 1317 3038 harumque
1340 2975 1440 3020 rerum

95 3045 363 3109 astronomicarum
386 3047 441 3109 hoc
464 3058 553 3129 pacto
576 3069 668 3133 causa
690 3050 837 3113 naturalis
860 3051 922 3112 fiat.
1181 3126 1185 3134 .

181 3133 322 3215 Amplius
354 3156 421 3198 cum
452 3137 619 3213 videamus,
652 3158 707 3201 nec
739 3138 873 3218 singulos
904 3136 1044 3218 planetas
1073 3132 1105 3194 in
1136 3133 1216 3195 omni
1246 3152 1301 3195 sua
1323 3152 1344 3193 a
1364 3132 1438 3197 Sole

94 3224 257 3296 distantia,
290 3244 345 3286 nec
369 3244 471 3289 omnes
500 3227 531 3289 in
555 3228 683 3291 diversis
713 3228 778 3291 suis
801 3225 955 3291 distantiis
983 3222 1101 3305 aequali
1125 3222 1234 3304 corripi
1263 3220 1438 3299 celeritate3

94 3316 147 3377 sed
171 3314 335 3377 Saturnum
357 3334 501 3378 annornm
524 3314 567 3379 30
590 3336 689 3381 moras
712 3324 846 3389 nectere,
869 3318 975 3379 Jovem
999 3330 1143 3375 annorum
1168 3309 1218 3387 12,
1241 3312 1372 3374 Martem
1395 3309 1438 3375 23

93 3402 250 3478 mensium,
274 3405 398 3466 Terram
423 3402 478 3480 12,
501 3406 651 3469 Venerem
682 3407 868 3489 sesquiocto,
901 3402 1081 3467 Mercurium
1104 3398 1123 3463 3
1130 3421 1141 3478 3
1165 3408 1319 3464 ettamen
1341 3399 1438 3463 omnis

93 3494 173 3555 orbis
207 3491 329 3555 virtutis
361 3496 528 3558 emanantis
560 3515 597 3557 ex
629 3496 700 3559 Sole
731 3498 808 3570 (tam
838 3514 896 3578 quo
935 3494 1002 3557 loco
1034 3490 1216 3554 Mercurium
1245 3488 1439 3571 amplectitur
1537 3535 1539 3541 -

93 3581 305 3656 humillimum,
337 3602 425 3663 quam
453 3604 509 3665 qno
541 3585 607 3647 loco
635 3585 797 3649 Saturnum
828 3584 1025 3658 altissimum)
1057 3600 1095 3643 ex
1125 3580 1288 3643 antedictis
1320 3577 1441 3661 aequali

94 3691 160 3733 curn
189 3688 314 3751 corpore
336 3671 437 3735 Solari
467 3675 614 3754 vertigine
637 3682 669 3737 et
692 3676 796 3737 eodem
817 3682 951 3755 ternpore
972 3677 1147 3754 torqueatur
1169 3671 1242 3751 (qno
1268 3669 1336 3732 locc
1363 3668 1439 3731 nihil

94 3760 217 3823 absurdi
240 3760 391 3837 statuitur,
415 3781 481 3824 cum
503 3764 599 3827 virtus
622 3784 763 3828 emanans
785 3762 987 3827 immaterista
1009 3760 1051 3823 sit
1072 3778 1184 3850 suaque
1205 3767 1314 3822 natura
1336 3756 1437 3820 infini-

93 3858 144 3913 tae
166 3848 334 3913 celeritatis
357 3869 423 3913 esse
446 3860 567 3931 posset,
600 3854 626 3916 si
648 3852 793 3935 possibile
817 3858 917 3928 es'set,
941 3859 1054 3915 motum
1075 3848 1134 3930 ipsi
1156 3848 1292 3911 alicunde
1315 3845 1438 3922 inferri3

93 3948 163 4001 tuno
187 3938 267 4000 enim
297 3958 351 4000 nec
382 3941 531 4020 pondere,
565 3962 622 4024 quo
645 3950 745 4019 caret,
776 3962 830 4005 nec
862 3940 998 4024 corporei
1029 3938 1120 4001 medii
1142 3956 1267 4001 occursu
1298 3936 1439 4017 impediri

93 4030 228 4111 posset):
253 4046 291 4089 ex
314 4048 350 4090 eo
379 4028 480 4111 itaque
501 4038 595 4112 patet,
619 4032 757 4114 planetas
779 4026 928 4095 inhabiles
952 4026 1087 4105 esse,·'ut
1108 4033 1308 4109 assequantur
1329 4024 1439 4089 celeri-

94 4126 188 4181 tatem
218 4116 353 4179 motricis
381 4119 511 4182 virtutis.
558 4121 706 4185 Saturnus
738 4122 816 4184 enim
843 4119 1004 4183 inhabilior
1032 4123 1081 4180 est
1102 4136 1190 4199 quam
1211 4116 1345 4197 Jupiter,
1368 4114 1439 4198 quia

94 4206 211 4271 tardius
228 4206 413 4284 restituitur,
436 4228 503 4272 cum
518 4211 599 4273 orbis
621 4210 742 4274 virtutis
765 4212 844 4292 apud
858 4208 981 4273 Saturni
1003 4209 1062 4271 iter
1075 4225 1168 4289 aeque
1184 4205 1322 4268 celeriter
1343 4200 1450 4268 resti-⁴

94 4304 196 4359 tratur
225 4314 261 4357 ac
293 4297 373 4359 orbis
404 4296 524 4361 virtutis
556 4302 635 4380 apud
665 4300 725 4362 iter
754 4300 858 4375 Joris,
892 4307 924 4361 et
954 4298 999 4361 sic
1030 4303 1247 4377 consequenter
1276 4314 1371 4377 usqne
1399 4295 1440 4357 ad

94 4384 290 4461 Mercurium,
323 4385 373 4467 qui
403 4388 620 4468 proculdubio
653 4391 693 4452 ad
714 4389 882 4471 exemplum
909 4387 1094 4468 superiorum
1116 4385 1207 4446 etiarn
1236 4382 1302 4465 ipse
1323 4383 1439 4446 tardior
1533 4423 1538 4432 ι

96 4476 152 4538 erit
165 4474 289 4550 virtute,
313 4494 389 4556 quae
408 4476 505 4557 ipsum
520 4478 613 4540 vehit.
644 4478 777 4541 Necesse
796 4484 844 4541 est
865 4477 967 4558 igitur,
989 4485 1023 4540 ut
1035 4473 1270 4557 planetariorum
1282 4471 1454 4553 globorum*

95 4572 203 4628 natura
220 4564 261 4627 sit
282 4564 452 4642 materiata,
477 4585 514 4629 ex
537 4567 718 4630 adhaerente
732 4567 918 4649 proprietate
940 4566 1008 4629 inde
1027 4586 1047 4627 a
1060 4561 1325 4645 rerumprincipio
1341 4578 1437 4644 prona

96 4655 134 4716 ad
155 4652 287 4735 quietem
316 4672 369 4717 seu
401 4654 441 4717 ad
470 4655 668 4737 privationem
695 4663 803 4720 motus.
850 4654 984 4730 Quarum
1013 4672 1113 4718 rerum
1147 4651 1338 4717 contentione
1369 4669 1436 4735 cunr

96 4750 237 4807 nascatur
263 4760 380 4825 pugna,
404 4753 528 4826 superat
548 4746 639 4827 igitur
659 4746 728 4827 plus
751 4744 803 4807 ille
824 4745 963 4827 planeta,
986 4744 1036 4828 qni
1057 4743 1089 4807 in
1109 4742 1221 4805 virtute
1241 4738 1435 4805 imbecilliore

98 4832 237 4898 consistit
259 4852 353 4914 eaque
375 4834 492 4898 tardius
514 4842 665 4911 movetur3
697 4834 795 4899 minus
817 4834 880 4912 ille,
903 4837 954 4918 qui
976 4832 1041 4898 Soli
1062 4831 1193 4914 propior.
1248 4884 1252 4891 ,

182 4924 282 4987 Docet
302 4922 372 4986 hinc
394 4924 535 5009 analogia
557 4932 708 5003 statuere,
741 4922 877 4990 omnibns
906 4924 1055 5013 planetis,
1086 4920 1145 5008 ipsi
1172 4920 1265 4985 etiam
1285 4915 1436 4984 Mercurio

120 5068 124 5080 .
173 5029 262 5083 recrea
275 5030 350 5082 opera
364 5030 400 5075 ru.
1192 5026 1226 5080 20
