3517 5525
598 588 676 659 Ergo
697 586 776 659 sgite
796 584 959 656 ejurenes,
981 587 1078 660 quibos
1099 574 1144 643 est
1163 586 1245 659 vigor
1265 588 1337 645 aeris
1356 594 1388 647 et
1406 592 1482 649 altus

550 667 658 742 Ingenii
677 665 808 739 geniique
828 667 917 734 feror,
940 667 1038 739 quibus
1059 668 1167 739 inclyta
1186 668 1222 723 ab
1243 674 1306 723 ortu

548 748 652 805 Uranie
671 748 754 802 Dium
776 747 846 801 coeli
866 747 1014 819 inspiravit
1034 766 1163 813 amorem,

543 832 583 885 Et
602 828 677 883 dedit
696 828 835 883 aethereis
856 829 969 883 Terram
991 837 1021 885 et
1041 828 1196 885 Terrestris
1215 844 1342 903 quaeque

545 908 745 967 Postlrabuisse
765 909 859 963 bonis:
882 909 928 981 qui
949 928 1003 964 non
1024 906 1176 964 temeraria
1194 908 1273 982 vulgi

548 989 664 1053 Judieia,
686 995 737 1044 ant
756 989 872 1044 tetricas
893 1006 975 1049 socer
996 990 1099 1047 curatis
1121 989 1256 1053 inertums

550 1071 680 1127 Obscuris
699 1070 795 1140 talpas
816 1070 959 1125 mittentes
979 1074 1083 1144 degere
1102 1070 1132 1125 in
1153 1067 1249 1134 antris,

546 1154 686 1223 Perpetuo
706 1156 739 1204 ut
759 1166 859 1204 coecas
880 1158 1019 1219 maneant,
1042 1152 1120 1205 velut
1140 1167 1201 1205 esse
1222 1148 1383 1221 cupiscunt:

548 1234 610 1287 Huc
630 1230 735 1302 spirate
756 1231 884 1295 eineres:
904 1234 1008 1303 populo
1028 1233 1084 1287 hnc
1104 1234 1169 1303 po'at
1189 1236 1272 1303 terga
1291 1233 1389 1291 relicto

547 1312 679 1375 Tendite;
700 1329 751 1365 nee
771 1320 898 1377 mentem,
920 1330 991 1385 qnae
1011 1329 1077 1384 pers
1098 1320 1144 1369 est
1163 1311 1267 1367 enthea
1288 1313 1365 1381 eceli,

545 1396 605 1449 Hoc
625 1392 716 1463 patrio
736 1391 846 1463 private
867 1393 955 1455 bono;
977 1394 1097 1449 studium
1119 1398 1203 1465 atque
1224 1392 1348 1449 laborem

545 1477 609 1530 Huc
628 1472 700 1527 ferte
720 1470 882 1537 unanimes;
905 1474 978 1529 fesso
999 1480 1031 1529 ut
1052 1490 1210 1529 succurrere
1230 1472 1303 1547 Regi

545 1554 663 1610 Alsonso
682 1552 776 1618 licent,
797 1555 905 1625 pondus
927 1572 982 1609 non
1002 1554 1105 1610 viribus
1127 1553 1223 1625 aequis

547 1634 599 1699 Qui
620 1635 698 1689 modo
719 1633 799 1688 vicini
820 1635 927 1689 tulerat
946 1652 1089 1691 successor
1109 1634 1253 1697 Auenti„

544 1714 686 1770 Auxilium
707 1714 787 1769 simul
807 1722 840 1769 ut
858 1722 995 1787 promtum
1016 1715 1182 1786 Copernicus
1203 1714 1302 1786 ingens

544 1795 671 1858 Section
692 1796 830 1849 Herculeo
850 1814 895 1861 ne,
917 1798 978 1850 dum
1000 1813 1030 1850 se
1050 1796 1152 1850 inferre
1174 1794 1263 1849 labori

546 1876 719 1949 Aggreditur
737 1876 832 1939 fidens,
854 1876 931 1931 oneri
953 1878 1112 1931 succumbat
1133 1874 1242 1947 iniquo:

548 1957 646 2029 sicque
667 1956 733 2028 poli,
754 1958 879 2011 Atlantis
901 1958 972 2011 cassi
992 1957 1162 2028 Alcidaeque
1184 1956 1323 2025 columnis,

545 2040 698 2110 Ingentem,
717 2036 853 2109 jamjam
874 2044 1015 2103 nutantes,
1037 2036 1238 2099 ferreruinam

543 2121 687 2191 Coguntur
706 2118 873 2189 l’erramque
895 2119 975 2173 simul
995 2118 1115 2173 statione
1137 2112 1328 2189 moventes‚⁸)

543 2198 698 2254 Barbariae
717 2198 866 2269 hospitium
888 2194 998 2269 (cressa
1017 2197 1178 2273 ignorantia
1198 2199 1267 2253 coeli

545 2281 633 2343 Quam
652 2272 758 2349 pariet)
779 2286 946 2351 cunctosque
968 2280 1091 2335 homines
1111 2279 1284 2352 pecudesque
1306 2282 1433 2357 ferasque

543 2361 700 2419 'sorbentes
722 2376 788 2414 casu
808 2360 922 2430 ancipiti
944 2361 1086 2431 eoecisqne
1108 2358 1239 2425 tenebris,

543 2440 720 2513 Antiqnoque
740 2441 810 2495 chao
830 2441 977 2496 miscentes
998 2441 1073 2495 atria
1093 2440 1192 2495 mundi.

545 2524 605 2576 Eoo
625 2520 771 2591 prohibete
793 2520 873 2575 neus
894 2538 1034 2593 pronoque
1055 2520 1190 2575 occurrite
1209 2522 1316 2585 damno.

543 2602 582 2656 Et
599 2618 705 2657 mecum
723 2602 865 2657 excelsum
886 2602 984 2657 validis
1004 2601 1179 2657 conscendite
1200 2601 1346 2673 Olympum
1426 2650 1428 2657 .

544 2681 663 2745 Viribus,
684 2687 718 2735 nt
736 2682 816 2735 fissas
836 2689 945 2737 mature
967 2683 1110 2737 occludere
1127 2681 1220 2747 rimas,

539 2763 583 2818 ut
603 2762 730 2818 stabilire
750 2764 829 2818 novis
848 2765 920 2819 coeli
940 2764 1087 2836 laquearia
1106 2763 1245 2828 transtris,

544 2845 662 2915 Jamque
680 2843 757 2914 prins
776 2843 870 2910 licent,
892 2861 973 2916 qnsm
994 2843 1122 2900 machine
1140 2850 1202 2899 tota
1221 2843 1343 2902 fatiscat.

595 2995 697 3067 Ecquis
716 2998 797 3052 adest
807 2997 912 3075 igitur,
933 2997 1076 3068 pulchram
1096 2995 1160 3050 hino
1178 2995 1311 3054 meruisse
1332 3015 1459 3058 coronam

547 3077 667 3148 0brynn,
688 3077 811 3149 pmmis,
833 3079 917 3134 ebore
938 3086 969 3132 et
988 3077 1122 3133 rutilante
1141 3093 1248 3149 pyropo

544 3156 726 3230 Conspicuam
745 3159 902 3230 firmamque
924 3158 1013 3231 magis
1033 3158 1188 3228 saeclisque
1208 3175 1356 3229 perennem

545 3238 599 3302 Qui
617 3240 696 3294 solet
714 3247 799 3312 atque
820 3239 917 3294 animis
939 3239 1058 3295 animum
1078 3238 1184 3294 sociere
1206 3241 1355 3310 supernis?

542 3319 645 3390 Ecquis
665 3319 819 3375 'l'erricolas
839 3320 921 3386 inter,
943 3337 1010 3391 qnos
1031 3319 1155 3374 continet
1175 3318 1249 3373 orbis

544 3401 702 3456 Innumeros
722 3402 841 3465 debitur,
863 3401 906 3455 cui
928 3407 984 3454 tarn
1005 3399 1135 3455 sublimia
1154 3399 1249 3454 cordi?

415 3536 426 3554 δ
544 3481 645 3553 Ecquis
665 3487 696 3534 et
715 3489 855 3536 auctorem
875 3482 975 3544 mundi,
997 3495 1047 3550 per
1067 3480 1177 3535 condita
1196 3485 1277 3534 vasto

543 3562 597 3616 Tot
616 3561 741 3616 miranda
760 3562 825 3631 polo
846 3561 997 3632 spectacla,
1020 3577 1172 3636 agnoscere
1192 3560 1302 3631 gestit?

541 3641 622 3697 Sicne
643 3659 735 3696 omnes
756 3641 862 3712 pariter
883 3648 965 3697 tanta
985 3643 1019 3696 ad
1040 3641 1168 3712 quaesita
1188 3639 1296 3696 siletis?

545 3723 616 3785 Quid
636 3737 760 3778 mussare
779 3722 879 3793 juvat?
900 3721 1000 3776 Manus
1021 3729 1065 3775 est
1085 3720 1242 3774 adhibenda
1260 3721 1358 3789 labori,

543 3803 582 3858 Ut
601 3805 712 3858 tendem
732 3803 855 3858 abstmsi
873 3808 993 3873 pateant
1012 3800 1146 3873 mysteria
1165 3800 1244 3854 coeli.

544 3883 661 3955 Siquos
682 3884 804 3948 ambitio,
826 3885 940 3946 lucrum,
960 3881 1128 3956 ignorantia,
1152 3882 1243 3946 luxus,

543 3965 611 4019 'l’cm
631 3966 712 4019 celsis
732 3963 880 4019 retrahunt
900 3963 974 4018 ausis
996 3969 1025 4017 et
1045 3963 1079 4018 ad
1100 3961 1193 4016 infima
1212 3962 1342 4017 trudunt:

543 4045 649 4100 Saltem
667 4046 731 4105 nus
750 4052 870 4121 percant
890 4063 941 4100 nec
961 4045 1102 4102 commoda
1120 4057 1225 4100 summa
1244 4045 1394 4102 retnrdent

597 4197 661 4268 lpse
680 4199 752 4269 Ego,
774 4197 796 4251 si
818 4195 894 4251 rasili
915 4195 1039 4266 aspirent
1058 4195 1123 4250 milri
1144 4194 1255 4251 nurnine
1274 4195 1361 4260 vultu.

544 4279 583 4334 Et
602 4294 736 4350 superus
756 4279 815 4334 alto
835 4277 960 4334 dederint
980 4277 1128 4332 obstacula
1147 4275 1261 4349 quaevis

546 4359 745 4430 Constantique
765 4360 863 4423 animo,
885 4359 963 4413 velut
982 4358 1127 4425 hactenus,
1158 4355 1281 4414 omnibus
1301 4357 1375 4414 ultro

544 4440 663 4494 Anniter
683 4439 781 4504 nervis
802 4439 895 4511 magni
916 4439 1073 4510 penetrelia
1094 4438 1164 4494 coeli

544 4521 669 4576 Pendere
689 4520 836 4592 terrigenis
855 4525 999 4590 tectosque
1020 4519 1128 4591 operire
1148 4536 1281 4575 recessus.

599 4655 640 4708 Tu
660 4656 739 4711 modo
758 4652 861 4709 miridci
880 4653 993 4724 sepiens
1013 4653 1154 4708 Fundetcr
1174 4651 1284 4724 Olympi

546 4737 645 4790 Annos
665 4742 696 4790 et
715 4735 794 4791 odiet
813 4752 902 4805 opem,
925 4739 976 4790 tua
994 4735 1071 4790 loeta
1083 4735 1226 4805 ¹stripsndo
1245 4735 1362 4790 ostenti.

281 4858 349 4868 -—-

354 4919 384 4984 ¹⁵)
402 4921 565 4986 subintellige
574 4919 628 4970 Peli
639 4928 747 4990 menes.
761 4919 810 4970 Hie
822 4921 887 4972 enim
900 4920 1109 4985 tmpsrrseuonsm
1121 4919 1292 4971 Asuonomiae
1304 4920 1410 4980 incusat
1425 4929 1451 4973 st
1462 4921 1626 4988 ignorantiam

282 4996 353 5060 ajon
371 5007 422 5046 non
438 5009 495 5048 vero
512 4992 669 5062 llypotlreses
685 4993 823 5063 deperiet,
842 4992 944 5050 somn
961 4991 1221 5046 coturnicem.
1316 5017 1319 5028 ·
