3517 5525
310 418 375 487 242
791 417 833 473 De
849 416 959 474 iteam·
978 419 1073 475 Βιοιιω
1088 416 1192 475 Barda·

308 602 377 667 dine
399 598 499 664 media
519 600 601 663 illius
621 598 682 663 loci
704 598 775 673 (11⁸
801 596 840 664 9⁰
860 598 932 676 ιδ’)
958 600 996 666 ab
1018 600 1107 681 hujus
1135 599 1319 683 longitudine
1343 590 1392 674 (5¹
1421 596 1480 665 w
1499 594 1578 675 59‘),
1597 599 1656 661 de-

307 689 501 774 prehenditur
529 691 676 752 interesee
706 686 738 753 6·
763 686 802 753 5⁰
824 687 869 766 5¹,
901 693 970 773 plns
999 708 1104 772 nempe
1133 690 1272 768 dimidio;
1311 709 1365 771 per
1398 688 1436 753 5⁰
1467 686 1499 753 5⁴
1530 689 1658 773 planeta

308 782 401 863 igitur
427 800 447 841 a
471 790 505 867 tp
527 798 581 861 per
606 796 654 839 ω
680 778 710 841 in
738 786 875 854 lttmto
898 782 1018 844 brevius
1050 787 1259 843 commoratur.
1313 778 1430 851 Quodsi
1458 780 1527 842 loca
1557 778 1660 841 vicina

309 868 483 951 siugulatim
514 869 666 950 expendas
692 876 725 930 et
751 887 839 932 arcus
869 870 1045 952 interjectos
1068 890 1135 933 cum
1156 868 1340 951 temporibus
1363 888 1417 932 sen
1440 869 1567 931 arcubus
1589 886 1658 930 me-

310 960 378 1023 diae
400 957 596 1039 longitudinis
617 976 789 1061 compares,
811 960 1017 1040 deprehendes
1038 960 1193 1041 planetam
1215 958 1245 1020 in
1268 966 1350 1021 certo
1373 966 1405 1021 et
1427 976 1485 1021 uno
1509 957 1576 1020 loco
1600 958 1657 1019 snb

309 1049 433 1113 zodiaco
474 1047 696 1122 tardissimum,
745 1048 776 1110 in
821 1050 960 1131 opposito
996 1048 1236 1123 velocissimum,
1288 1047 1320 1111 iu
1369 1045 1536 1127 interjectis
1586 1048 1658 1127 (pro

308 1137 427 1205 ratione
453 1136 686 1220 propinquitatis
717 1137 756 1199 ad
785 1137 978 1214 altemtmm)
1013 1138 1159 1220 paulatim
1190 1156 1307 1201 cursum
1339 1136 1493 1199 intendere
1523 1137 1573 1197 vel
1605 1154 1659 1197 re-

308 1228 438 1293 mittere

397 1316 482 1379 Haec
514 1323 644 1397 arguunt
673 1316 769 1398 primo
802 1324 915 1379 motum
941 1315 1083 1398 planetae
1121 1316 1272 1397 (quamvis
1300 1313 1467 1395 inaequalis
1495 1317 1658 1395 appareat)

310 1404 553 1470 simulationibus
580 1412 681 1468 tamen
710 1406 927 1481 administrari,
960 1425 1083 1487 quarum
1112 1406 1189 1467 haec
1211 1410 1259 1467 est
1280 1403 1468 1467 successoria
1489 1404 1659 1466 moderatio

309 1504 399 1579 atque
422 1496 453 1557 in
475 1494 554 1556 idem
575 1494 694 1557 reditio.
739 1496 818 1559 Nam
842 1496 868 1557 si
890 1496 1013 1577 planeta
1034 1494 1126 1556 rectis
1148 1494 1238 1556 lineis
1257 1493 1384 1574 angulos
1403 1491 1660 1557 consumentibus

309 1585 465 1649 incederet
495 1583 545 1655 (ut
573 1584 600 1646 si
628 1583 726 1647 latera
746 1585 962 1667 quinquanguli
983 1583 1217 1668 perambularet,
1240 1582 1271 1643 iu
1294 1582 1400 1664 quibus
1423 1580 1660 1662 cogitationibus

309 1676 381 1739 olim
413 1673 481 1748 fui),
519 1692 573 1754 pro
603 1674 720 1736 ratione
752 1674 899 1737 linearum
928 1674 1088 1756 aliquando
1112 1672 1213 1739 subita
1235 1672 1321 1734 fieret
1342 1670 1534 1734 commutatio
1557 1680 1661 1735 motus

309 1762 463 1827 celerioris
486 1761 516 1824 in
538 1762 702 1825 tardiorem
724 1764 856 1826 evidenti
878 1764 1065 1838 discrimine,
1094 1762 1183 1845 idque
1205 1782 1265 1824 nou
1287 1779 1346 1823 uno
1370 1761 1423 1823 sed
1444 1760 1580 1842 pluribus
1602 1774 1660 1823 zo-

310 1852 389 1917 diaci
411 1850 487 1916 locis
510 1850 699 1933 contingeret
718 1872 773 1934 pro
796 1854 925 1916 laterum
946 1852 1144 1916 multitudine.
1185 1850 1262 1915 Cum
1275 1857 1374 1913 autem
1388 1854 1475 1913 tauta
1490 1848 1661 1931 inaequali-

309 1950 369 2018 tas,
392 1949 463 2024 post
483 1948 629 2004 remotam
651 1942 899 2024 inaequalitatem
921 1962 997 2025 qnae
1026 1962 1064 2003 ex
1087 1940 1158 2005 Sole
1181 1940 1301 2021 pendet,
1324 1940 1487 2002 etiamnum
1508 1946 1604 2002 restet
1627 1938 1661 2001 in

307 2039 392 2096 motu
414 2030 577 2117 planetaeq
599 2049 671 2112 ergo
699 2031 846 2114 simplicis
876 2032 980 2095 circuli
1001 2032 1150 2113 positione
1175 2030 1274 2109 (cujus
1296 2028 1328 2091 in
1350 2036 1454 2091 centro
1477 2029 1559 2090 risus
1582 2046 1660 2091 con-

310 2120 468 2194 stituatur)
497 2119 548 2181 vel
576 2120 780 2185 administrari
809 2122 859 2183 vel
881 2120 1080 2184 demonstrari
1103 2138 1162 2182 non
1185 2119 1306 2201 poterit.
1351 2118 1460 2181 Potest
1482 2125 1582 2183 autem
1603 2136 1662 2199 per

311 2206 558 2291 compositionem
580 2209 709 2289 plurium
727 2210 905 2283 circulomm
927 2210 976 2272 vel
1000 2210 1086 2291 qussi
1109 2211 1157 2282 (ut
1174 2208 1366 2271 Ptolemaeus
1388 2206 1464 2269 libro
1485 2206 1542 2269 Ill.
1566 2222 1661 2289 prae-

314 2300 423 2373 misit),
455 2296 544 2381 idque
576 2297 693 2362 duobus
723 2300 821 2362 modis
844 2318 932 2383 quam
964 2297 1200 2381 simplicissime:
1230 2298 1280 2359 vel
1303 2296 1461 2359 eccentrici
1484 2295 1588 2359 circuli
1610 2296 1663 2359 vel

309 2386 576 2469 concentrepicycli
598 2389 800 2470 usurpatione
950 2408 988 2483 s

396 2485 501 2565 Elegit
523 2484 623 2567 itaque
638 2486 830 2549 Ptolemaeus
845 2456 1044 2549 eccentrieum
1058 2502 1112 2564 pro
1125 2483 1222 2566 prima
1234 2480 1460 2566 inaequalitate,
1484 2481 1661 2545 distinctio-

309 2576 358 2641 nis
381 2582 414 2637 et
434 2581 542 2656 captus
560 2574 688 2654 J'uvandi
710 2594 811 2651 causa,
836 2595 871 2639 eo
896 2576 975 2658 qnod
998 2573 1150 2656 epicyclus
1172 2572 1320 2637 secundae
1343 2570 1552 2655 inaequalitati
1575 2580 1664 2651 esset

308 2662 509 2727 necessarius.
556 2663 672 2727 Deinde
694 2665 752 2727 hoc
774 2666 915 2746 generale
939 2665 1050 2726 dietum
1072 2663 1225 2725 ruminans
1253 2657 1344 2743 degat
1373 2662 1483 2724 nudum
1510 2662 1664 2725 eccentri-

311 2774 378 2818 cum
404 2750 536 2835 planetis
560 2753 706 2817 sufficere.
760 2756 840 2818 Nam
868 2762 1027 2862 postquem
1055 2752 1159 2818 crebro
1183 2752 1372 2834 expenderit,
1404 2750 1474 2834 qnid
1497 2751 1560 2815 lieri
1584 2771 1664 2814 con-

147 2840 151 2854 '
275 2855 281 2864 ‘
311 2851 486 2908 sentaneum
516 2843 572 2918 sit,
609 2844 857 2908 circumeuntibus
889 2843 950 2906 nnis
976 2844 1108 2925 epicyclo
1130 2861 1185 2926 pro
1209 2842 1340 2906 secunda
1362 2847 1395 2904 et
1415 2839 1581 2904 eccentrico
1603 2860 1663 2923 pro

310 2933 408 3016 prima
429 2932 643 3013 inaequalitate
666 2934 826 3010 salvanda,
852 2932 973 2998 collatis
997 2931 1256 2995 observationibus
1280 2929 1466 3013 apparuisse,
1491 2932 1569 3012 qnod
1592 2932 1664 3010 epi-

312 3022 389 3105 cycli
417 3029 551 3095 centrum
571 3023 665 3086 multo
687 3025 810 3105 propius
833 3023 960 3086 accedat
982 3023 1021 3084 ad
1044 3024 1169 3086 Terram
1191 3022 1222 3084 in
1245 3038 1398 3101 apogaeo,
1420 3020 1539 3101 longius
1561 3020 1664 3102 fugiat

311 3113 344 3175 in
366 3110 517 3193 perignem
541 3131 629 3193 qnam
653 3112 780 3193 simplex
804 3112 988 3175 eccentricns
1010 3111 1072 3187 ille,
1097 3111 1147 3193 qni
1168 3111 1295 3192 primam
1309 3109 1553 3191 inaequalitatem
1566 3128 1662 3191 prae-

313 3207 386 3275 stat,
408 3199 556 3281 patiatur:
588 3201 658 3264 hinc
688 3203 827 3265 continno
850 3221 987 3264 sermone
1012 3199 1160 3263 delabitur
1182 3200 1221 3261 ad
1243 3218 1412 3262 mensnram
1434 3199 1524 3279 hujus
1537 3219 1662 3304 '3appro

311 3288 516 3373 pinquationis
537 3290 702 3373 refertque,
727 3311 760 3353 se
784 3291 1037 3373 deprehendisse,
1069 3290 1148 3372 quod
1170 3295 1304 3352 centrum
1327 3288 1392 3370 ejus
1415 3287 1584 3364 eccentrici,
1609 3287 1662 3370 qui

312 3378 439 3462 epicycli
475 3385 609 3442 centrum
638 3382 715 3456 fert,
728 3365 790 3443 eit
816 3381 954 3462 praecise
983 3380 1082 3442 medio
1114 3380 1181 3443 loco
1213 3379 1292 3441 inter
1324 3385 1457 3441 centrum
1488 3378 1572 3440 visus
1606 3397 1663 3442 seu

221 3490 223 3495 ·
313 3471 426 3532 Terrae
457 3475 489 3529 et
517 3477 650 3532 centrum
680 3428 873 3550 aequalitatis
901 3487 953 3532 sen
981 3467 1140 3531 eccentrici
1169 3466 1414 3550 inaequalitatem
1440 3467 1567 3548 primam
1595 3467 1663 3530 sal-

313 3557 424 3620 rantis
470 3556 535 3618 Nec
558 3557 620 3620 ulla
643 3557 896 3620 demonstratione
919 3558 1015 3620 allata
1036 3559 1094 3620 hoc
1117 3565 1216 3620 tamen
1239 3557 1384 3638 principio
1399 3556 1527 3620 nititur
1518 3576 1549 3618 ru
1562 3555 1663 3621 trihus

314 3644 526 3727 superioribus.

404 3733 630 3815 Cepernicus
654 3734 703 3806 (ut
725 3751 814 3816 saepe
837 3733 930 3809 alias)
954 3724 1037 3798 hic
1025 3754 1140 3818 quoque
1163 3735 1340 3816 magistrum
1362 3733 1504 3816 religiose
1528 3734 1664 3816 sequitur

315 3823 541 3888 accommodata
558 3844 618 3984 pua
641 3825 737 3886 iorma
759 3826 799 3886 ad
820 3825 899 3886 hane
922 3843 1037 3906 quoque
1060 3843 1238 3888 mensnram.
1286 3829 1369 3905 (vide
1390 3836 1423 3889 de
1439 3833 1492 3890 hoo
1509 3835 1664 3906 marginem

318 3919 353 3970 ad
374 3921 459 3986 eaput
478 3915 556 3971 xm

404 3993 439 4057 Id
466 4013 537 4056 vero
569 4012 627 4056 non
655 3992 802 4057 immerito
830 3992 930 4057 mirati
958 3999 1029 4057 sunt
1050 3993 1215 4058 astronomi
1238 4001 1270 4056 et
1292 3996 1344 4068 (ex
1368 4012 1418 4057 ore
1440 3994 1664 4070 Maestlini)

316 4101 381 4164 ego
401 4102 525 4166 quoque,
540 4082 675 4145 atrides
690 4082 721 4144 in
735 4083 883 4166 Mysterio
899 4083 1153 4164 cosmographiae
1169 4102 1233 4165 cap.
1244 4083 1340 4150 XXII
1353 4083 1404 4147 fol.
1421 4079 1462 4148 79
1477 4087 1575 4152 (loth
1587 4088 1663 4155 18³).

317 4171 458 4236 Ceterum
486 4173 567 4254 quod
597 4170 650 4233 illo
677 4171 744 4235 loco
776 4173 863 4235 citati
886 4172 980 4236 libelli
1001 4173 1121 4253 putavi,
1147 4172 1355 4236 Ptolemaeum
1376 4192 1468 4235 caeca
1490 4173 1666 4255 conjectura

315 4277 404 4323 nsum
434 4261 472 4322 ad
500 4262 559 4324 hoc
586 4262 790 4337 statuendum,
826 4263 858 4324 id
890 4281 977 4326 secus
1006 4262 1106 4325 habet.
1163 4260 1269 4326 Potuit
1302 4261 1380 4324 enim
1406 4263 1664 4327 demonstratione

318 4349 432 4430 optima
461 4369 499 4412 ex
529 4351 737 4414 observatione
766 4352 876 4415 idonea
901 4353 933 4414 id
961 4351 1114 4428 evincere,
1137 4359 1171 4414 ut
1192 4352 1272 4415 inire
1294 4351 1522 4429 demonstrabo;
1545 4359 1666 4416 tantum

317 4437 375 4502 hoc
401 4439 433 4500 in
460 4438 573 4504 artifice
600 4439 769 4516 desideres,
807 4443 887 4523 quod
914 4439 1140 4506 observationes
1162 4442 1233 4504 illas
1256 4459 1323 4504 curn
1345 4441 1600 4507 demonstratione
1623 4444 1666 4506 ad

316 4535 458 4611 posteros
480 4548 539 4591 non
560 4529 737 4593 transmisit

407 4613 484 4680 Gom
506 4618 606 4702 itaque
628 4625 699 4682 tunc
721 4618 839 4701 quidem
862 4620 1075 4698 existimarem,
1098 4620 1155 4682 hoc
1177 4641 1249 4700 μιγα
1263 4621 1327 4681 isar
1343 4617 1456 4698 αἴτημα
1475 4638 1552 4695 esse,
1575 4620 1665 4684 ride-

319 4727 384 4772 rem
415 4707 508 4770 etiam
538 4707 746 4789 eOopernico
777 4729 835 4771 non
867 4707 994 4771 obscure
1026 4709 1216 4784 addubitari,
1250 4710 1319 4771 dum
1348 4709 1385 4771 de
1415 4716 1533 4773 mumta
1554 4709 1666 4776 Martis

320 4797 544 4862 eccentricitate
576 4797 725 4878 disputat,
756 4798 888 4860 numeris
917 4798 980 4878 ejus
1010 4799 1047 4861 ab
1078 4797 1135 4860 hac
1166 4796 1370 4862 dimidiatione
1403 4799 1665 4880 discrepantibus:

321 4887 453 4968 cogitari
483 4885 520 4949 de
549 4887 708 4967 methodo,
741 4907 818 4970 quae
848 4907 896 4952 me
927 4888 966 4950 ad
996 4888 1218 4970 proportionem
1247 4887 1401 4972 utriusque
1431 4887 1665 4956 eooenhieitatis
