3517 5525
492 597 714 662 observatio
737 598 902 680 Eclipsis
923 600 1045 663 Lunae
1067 586 1119 662 tt.
1144 542 1224 680 Augssss
1246 598 1316 660 anni
1337 595 1508 662 uncxu

421 725 453 780 Iu
473 733 563 779 moute
582 725 699 798 Pestiug
720 719 893 797 (Poestling)
913 725 1020 780 dimidio
1040 724 1150 779 milliari
1170 741 1189 779 a
1207 725 1275 778 Lina
1294 739 1390 777 versus
1411 723 1608 792 septentrionem
1621 723 1655 776 ,in
1727 712 1728 725 ¹

334 808 438 869 altum,
466 806 536 858 uude
564 805 659 874 pulsus
681 804 885 876 horologiorum
911 813 942 860 et
962 823 1043 860 voces
1063 805 1177 876 vigilum
1204 805 1367 859 urbanorum
1393 803 1586 867 exaudiuntur,
1610 814 1658 858 nec

333 888 420 941 miuus
443 883 593 939 Otensbeni
613 891 643 938 et
662 885 834 956 Wllderigae
856 880 1039 957 (Wilbering)
1059 884 1212 956 horologia.

421 967 562 1019 Horauna
575 971 640 1034 post
652 965 769 1018 mediam
784 971 892 1021 noctem
906 966 997 1020 subito
1011 971 1076 1019 sunt
1084 973 1162 1019 ortae
1172 967 1269 1020 nubes.
1290 963 1428 1018 Umbraiu
1437 979 1538 1018 summo
1548 960 1658 1032 margine

334 1063 430 1118 parum
445 1046 587 1099 admodum
601 1046 636 1098 ad
649 1045 788 1100 sinistram
802 1046 957 1100 declinarit
984 1045 1149 1114 Principium
1162 1053 1225 1099 mat
1245 1045 1273 1100 in
1292 1045 1413 1100 animutb
1432 1034 1460 1104 )
1486 1043 1595 1097 fortuito
1606 1059 1657 1095 coa·

334 1128 431 1182 stituto
448 1118 500 1180 22⁰
520 1132 550 1178 et
571 1125 716 1180 altitudine
738 1119 808 1188 28²t.
833 1127 878 1180 rel
899 1126 1047 1180 correctius
1068 1118 1128 1182 29⁰.
1150 1128 1198 1179 sed
1217 1127 1279 1180 ride
1299 1143 1334 1178 ne
1354 1126 1390 1179 sit
1411 1125 1465 1178 boc
1493 1124 1519 1177 iu
1540 1121 1657 1192 superiori

334 1209 423 1262 latere
438 1205 555 1277 regulae
568 1205 675 1269 vitiose,
697 1223 747 1274 pro
768 1224 800 1260 eo
822 1206 893 1263 enim
914 1208 1079 1277 sequendum
1099 1214 1174 1260 esset
1192 1205 1318 1260 indicium
1336 1204 1472 1260 inferioris
1494 1203 1590 1258 lateris
1607 1194 1656 1256 28‘2

334 1286 495 1358 principium
508 1285 561 1338 boc
571 1291 744 1354 conspectum
759 1291 803 1340 est
816 1303 866 1356 per
878 1288 966 1340 nuber
981 1302 1092 1356 sparsas
1105 1293 1136 1339 et
1148 1286 1319 1340 dehiscentes
1333 1284 1489 1348 identidem,
1499 1283 1559 1338 ride
1573 1283 1655 1352 itaque,

333 1385 368 1422 ue
389 1367 473 1436 paulo
493 1363 569 1435 prius
590 1365 674 1420 fuerit
692 1383 795 1420 merum
816 1365 985 1437 principium

421 1447 464 1498 Ad
485 1445 653 1514 probandum
672 1445 725 1499 boc
745 1445 866 1500 azimuth
887 1449 1022 1517 quodnam
1042 1446 1140 1510 tuerit,
1170 1452 1255 1516 capta
1273 1451 1318 1498 est
1338 1444 1366 1498 iu
1385 1461 1419 1497 eo
1439 1443 1558 1498 altitudo
1575 1441 1657 1512 capide
1727 1420 1728 1451 ³

334 1527 522 1580 Andromedae
544 1519 605 1582 70⁰,
629 1526 677 1578 sed
697 1542 803 1580 rursum
822 1531 891 1596 puto
911 1528 996 1580 busse
1017 1525 1164 1596 superioris
1184 1525 1281 1580 lateris
1303 1524 1443 1589 indicium,
1474 1525 1579 1595 qundo
1597 1524 1657 1576 laton

334 1607 450 1677 regulae
474 1599 609 1659 interioris
632 1607 796 1660 mansuevit
819 1600 902 1665 66¹1..
943 1608 1018 1660 Tunc
1036 1607 1117 1663 Luna
1145 1608 1263 1660 nondum
1290 1604 1400 1658 dimidia
1425 1604 1454 1658 in
1481 1605 1577 1658 umbra
1599 1607 1657 1656 erat.

334 1692 489 1756 Antequam
512 1684 559 1738 ala
571 1685 673 1756 Pegasi
693 1687 801 1739 reniret
821 1686 849 1740 in
869 1687 896 1740 id
916 1687 1047 1751 acimutb,
1067 1686 1164 1740 umbra
1184 1685 1239 1754 jam
1259 1687 1296 1742 ad
1315 1687 1444 1740 denham
1464 1684 1658 1738 inclinabat-

334 1768 389 1820 Ala
409 1765 511 1835 Pegasi
533 1764 560 1817 iu
581 1765 629 1818 illo
651 1766 772 1820 azimutb
792 1765 892 1820 habuit
914 1767 1087 1821 altitudinem
1107 1759 1196 1827 55¹t⁰
1222 1763 1303 1835 (cave
1325 1774 1359 1818 ut
1385 1782 1487 1835 supra,
1518 1777 1579 1817 uam
1602 1763 1657 1816 forte

335 1852 396 1900 erat
417 1840 522 1910 51¹Is‘),
544 1845 697 1900 Fomabaut
715 1845 744 1900 iu
763 1845 812 1900 illo
833 1847 955 1900 azimutb
975 1853 1038 1900 erat
1058 1848 1120 1900 alta
1132 1838 1173 1900 7⁰.
1189 1875 1224 1884 —
1242 1847 1309 1900 Cum
1322 1846 1422 1900 umbra
1434 1841 1657 1914 declinaretquati

335 1929 369 1980 ad
390 1920 408 1979 2
429 1925 582 1995 superiores
606 1923 634 1978 iu
657 1942 742 1990 urna,
764 1933 826 1980 erat
849 1917 875 1986 J)
897 1927 926 1980 iu
946 1927 1084 1981 azimutbo
1105 1919 1210 1990 tt¹t⁰‚
1231 1927 1349 1980 altitudo
1368 1925 1416 1979 imi
1435 1923 1568 1996 marginis
1587 1913 1658 1982 21¹t'

334 2005 433 2060 vitiose
454 2011 484 2059 et
503 2005 636 2075 superiori
657 2005 763 2071 latere,
791 2023 855 2062 vere
878 2012 907 2060 et
927 2007 956 2060 iu
977 2007 1099 2062 inferiori
1124 2000 1218 2067 17¹!st
1259 2006 1330 2060 Hinc
1345 2003 1407 2074 jam
1428 2006 1578 2060 discernere
1595 2004 1658 2072 coepi

335 2086 406 2142 inter
427 2085 552 2154 superins
572 2093 602 2138 et
622 2085 735 2140 inferius
756 2087 831 2140 latus
851 2087 975 2159 regulae.
1008 2087 1076 2142 Cum
1093 2087 1184 2142 lucida
1199 2103 1266 2157 pars
1287 2092 1418 2157 vergeret
1437 2086 1466 2140 in
1485 2085 1584 2139 lineam
1601 2083 1658 2135 inter

335 2169 402 2220 duas
430 2165 544 2219 fusionis
572 2173 602 2218 et
628 2182 688 2220 cum
717 2167 940 2238 perpendiculum
967 2184 1003 2220 ex
1024 2168 1115 2236 polari
1135 2169 1279 2222 demissum
1298 2168 1411 2220 caderet
1432 2165 1556 2235 proxime
1575 2161 1658 2234 spiren

334 2245 492 2315 Serpentis,
513 2261 584 2316 quae
605 2253 649 2299 est
669 2262 764 2300 versus
785 2247 1000 2317 quadrilaterum
1020 2247 1129 2302 minoris
1150 2248 1254 2310 Ursae,
1282 2252 1345 2300 erat
1366 2245 1491 2300 aaimutb
1510 2246 1600 2300 Lunae
1619 2233 1659 2296 tt·

335 2327 422 2380 minus
447 2321 487 2386 Ἰ..
527 2325 657 2380 Arimutb
678 2326 773 2380 Lunae
795 2318 902 2391 51¹t⁰‚
924 2327 1042 2382 altitudo
1066 2323 1124 2383 16⁰.
1164 2329 1239 2382 lunc
1258 2328 1376 2382 nondum
1402 2326 1548 2380 occidebat
1567 2321 1658 2395 equits

334 2408 410 2461 Tunc
430 2403 505 2460 linea
524 2421 575 2474 per
595 2395 621 2466 )
643 2413 673 2460 et
699 2407 821 2461 umbram
850 2408 1035 2462 contendebat
1060 2408 1146 2479 paulo
1161 2402 1256 2478 'super
1281 2407 1454 2461 remotiorem
1476 2407 1581 2459 claram
1597 2401 1658 2474 qnia

335 2485 469 2558 quanguli
490 2485 518 2538 in
539 2491 594 2549 π,
615 2492 686 2555 puta
706 2487 855 2540 humerum.
884 2488 955 2541 Nam
974 2489 1027 2542 boc
1043 2489 1276 2560 quinquangulum
1296 2488 1383 2540 babet
1399 2489 1466 2540 duos
1480 2485 1657 2550 humerosss.

335 2566 442 2621 oculum
462 2570 493 2620 et
512 2579 543 2619 os
563 2564 666 2636 Pegasi
687 2573 716 2619 et
743 2569 849 2621 oculum
877 2567 995 2638 equulei.
1037 2569 1090 2623 Hic
1118 2575 1149 2622 et
1177 2584 1261 2640 supra
1282 2566 1363 2621 Luna
1390 2572 1451 2620 erat
1478 2562 1658 2623 obscudsdua

335 2645 471 2716 superfuit
490 2651 582 2698 tamen
602 2645 712 2716 aliquid.
1525 2701 1528 2704 Α

422 2726 503 2781 Luna
516 2727 577 2779 tota
589 2725 740 2782 rubicunda
752 2726 812 2793 tuit,
835 2729 884 2781 sed
897 2727 985 2801 magis
999 2744 1081 2782 cornu
1096 2729 1221 2799 superius
1234 2727 1323 2800 partis
1338 2725 1507 2781 constitutae
1527 2725 1554 2779 in
1573 2723 1658 2785 umbra

268 2845 278 2860 f
337 2808 408 2877 quod
428 2812 491 2861 erat
511 2808 546 2860 ad
567 2806 704 2861 sinistram
725 2824 810 2879 supra
829 2808 947 2863 lucidam
967 2808 1131 2879 particulam
1151 2810 1296 2865 residuam.

422 2886 503 2941 Luna
522 2888 640 2941 nondum
659 2889 743 2957 plane
762 2888 896 2944 restituta
908 2889 1008 2945 occidit
1020 2888 1048 2943 in
1061 2889 1181 2944 uimutb
1195 2883 1260 2945 74⁰³
1281 2883 1313 2947 Θ
1328 2889 1357 2943 iu
1370 2886 1494 2941 animuth
1507 2878 1562 2941 75⁰
1579 2881 1661 2941 babuit

337 2960 508 3021 altitudinem
531 2959 609 3031 1⁴t.⁰,
642 2973 716 3021 certe
737 2975 881 3039 utrumque
908 2969 1043 3023 luminare
1068 2968 1097 3022 in
1121 2969 1288 3025 semicirculo
1308 2966 1479 3023 meridionali
1497 2973 1569 3021 erat
1604 2964 1660 3018 uro

337 3046 442 3117 quidem
462 3046 581 3117 auspicio
602 3046 719 3117 alicnjus
740 3049 862 3104 defectus
884 3050 1002 3113 residui,
1033 3049 1080 3102 sed
1108 3051 1220 3125 cogita,
1251 3067 1288 3105 an
1315 3049 1399 3103 tuerit
1422 3054 1532 3101 tautum
1551 3044 1659 3099 debilitas

336 3126 443 3181 luminis
464 3143 500 3179 ex
521 3126 572 3181 illa
590 3135 681 3197 purte.

424 3205 517 3261 Causa
536 3206 658 3261 incertae
678 3208 878 3263 observationis
897 3208 951 3263 tuit
969 3209 1035 3263 ista.
1072 3208 1138 3263 Cum
1156 3208 1284 3279 oppidum
1295 3209 1420 3263 Idunum
1432 3207 1571 3262 montibus
1583 3202 1659 3259 ricinis

336 3286 373 3340 sit
393 3284 643 3350 circumvallatum,
673 3302 768 3342 versus
799 3294 888 3343 ortum
914 3291 964 3343 das
991 3289 1151 3353 becbeckb,
1182 3306 1277 3344 rersus
1304 3306 1431 3343 occasum
1450 3287 1601 3358 Wienberg
1617 3284 1659 3339 und

336 3366 364 3420 S.
380 3365 576 3439 Martinsberg,
597 3366 626 3419 in
639 3368 717 3437 cujus
731 3369 802 3421 collo
823 3384 876 3423 arx
896 3368 1032 3423 altissima
1052 3378 1157 3423 omnem
1175 3375 1350 3441 prospectum
1370 3369 1489 3439 eripiens
1509 3361 1659 3422 habitationi

336 3462 429 3500 meae:
458 3462 512 3516 ego
532 3453 565 3499 ut
584 3453 728 3517 utrumque
748 3448 883 3503 luminare
904 3448 931 3502 iu
951 3449 1093 3502 horizonte
1113 3450 1248 3514 riderem,
1276 3466 1395 3519 vespera
1417 3450 1613 3520 praecedente,
1635 3448 1659 3496 ut

336 3525 450 3597 primum
471 3526 628 3581 serenitatis
649 3529 798 3583 duraturae
818 3528 885 3582 fides
901 3528 966 3582 mibi
986 3536 1031 3581 est
1050 3529 1141 3594 facta,
1162 3538 1244 3599 porta
1260 3528 1321 3599 jam
1337 3528 1398 3598 jam
1417 3530 1571 3585 claudenda
1588 3523 1658 3595 erupi

248 3610 256 3635 ¹
337 3612 371 3660 et
387 3604 529 3659 comitibus
550 3606 655 3661 duobus
677 3608 788 3662 adscitis
809 3608 836 3661 in
863 3611 977 3663 arduum
1003 3616 1122 3663 montem
1147 3626 1198 3680 per
1226 3610 1306 3665 unius
1333 3611 1418 3664 borae
1445 3609 1567 3679 spatium
1584 3604 1658 3661 enisus

336 3702 412 3749 sum,
440 3685 621 3742 instrumento
646 3686 794 3743 instructus
815 3706 870 3742 uon
891 3689 1033 3743 admodum
1057 3693 1210 3755 commodo,
1241 3691 1410 3762 triangulum
1434 3694 1496 3743 erat
1516 3681 1658 3743 azimutbali

336 3766 437 3821 circulo
457 3766 536 3820 unius
556 3766 633 3836 pedis
655 3768 786 3821 diametro
807 3768 978 3839 impositum,
1004 3769 1139 3825 lateribus
1160 3770 1395 3841 complicatilibus.
1436 3770 1527 3825 Iocus
1548 3770 1658 3823 obuerte-

337 3846 418 3900 tionis
439 3846 489 3899 sub
510 3846 553 3901 dio
573 3848 601 3900 iu
621 3848 714 3901 novali
735 3864 842 3919 aspero.
871 3853 897 3901 A
910 3846 1012 3903 rustico
1033 3848 1120 3904 ricino
1138 3866 1188 3919 per
1206 3852 1319 3905 duarum
1339 3852 1468 3905 horarum
1487 3849 1603 3919 spatium
1620 3846 1657 3897 in

335 3932 452 3997 portuno
472 3932 503 3979 et
520 3925 705 3981 indesinenter
724 3930 860 3999 pulsando
880 3931 954 3983 fores
974 3938 1004 3983 et
1028 3929 1170 3985 danmdo
1190 3930 1226 3984 ad
1248 3930 1335 3985 ravim
1360 3946 1460 4000 usqne,
1490 3929 1540 3983 rix
1565 3927 1658 3981 taudtn

336 4024 386 4061 nec
405 4005 459 4060 uisi
478 4006 553 4080 prius
575 4008 731 4062 convocatis
752 4009 846 4063 ricinis
868 4012 903 4063 ab
923 4009 1003 4063 unius
1024 4015 1108 4079 atque
1122 4010 1237 4065 alterim
1251 4010 1332 4065 stadii
1352 4010 1501 4064 intervallo
1523 4006 1657 4076 (cunnus

336 4086 405 4139 cium
426 4087 496 4141 clam
516 4104 566 4157 per
580 4089 712 4157 posticum
727 4086 873 4154 emisisset)
895 4087 1005 4143 admissi
1022 4105 1129 4153 sumus3
1150 4108 1201 4143 uec
1214 4090 1330 4159 amplius
1345 4090 1449 4162 aliquid
1461 4088 1656 4159 impetravimus

336 4181 416 4237 quam
436 4166 568 4236 tripedem
588 4174 712 4222 truncum
733 4171 845 4223 duonum
865 4170 963 4241 pedum
982 4168 1136 4234 altitudine,
1157 4170 1251 4241 inquo
1268 4171 1437 4242 erigeremus
1457 4170 1656 4223 instrumentum
1721 4207 1724 4211 .

424 4246 572 4301 Candelam
592 4254 642 4301 aut
661 4248 782 4303 faculam
802 4249 884 4303 nullis
910 4248 1017 4303 omniuo
1043 4250 1171 4320 precibus
1198 4250 1377 4315 extorsimus,
1408 4268 1459 4304 nec
1484 4249 1557 4321 iguis
1577 4259 1656 4303 wet-

336 4325 423 4389 dendi,
445 4326 510 4380 licet
530 4327 633 4382 eminus
654 4328 680 4381 in
702 4344 778 4399 agro,
802 4330 882 4399 copia
894 4328 972 4383 uobis
994 4329 1077 4394 facta,
1098 4336 1173 4385 metu
1186 4330 1426 4393 incendiariorum
1446 4329 1541 4400 itaque
1555 4329 1657 4383 carbone

336 4408 449 4461 ardente
470 4413 550 4461 notas
571 4408 599 4462 in
619 4407 797 4465 instrumento
818 4408 1012 4480 inquisivimus,
1034 4410 1162 4481 virgultis
1176 4417 1207 4465 et
1218 4412 1319 4465 assulis
1334 4429 1384 4481 pro
1402 4410 1506 4479 forcipe
1519 4424 1607 4465 sumus
1623 4401 1656 4458 uti

336 4486 363 4541 in
389 4488 616 4557 apprehendendo
645 4490 777 4553 carbone,
800 4490 916 4561 denique
937 4490 1050 4560 supinus
1070 4490 1099 4545 in
1119 4507 1189 4562 agro
1208 4498 1364 4561 prostratus
1385 4492 1492 4545 oculum
1512 4483 1655 4560 pimseidiis

337 4566 467 4635 supposui
491 4568 638 4638 notavique
668 4586 780 4624 cerussa
807 4568 1015 4625 observationes
1035 4571 1063 4624 in
1083 4588 1190 4642 papyro
1211 4571 1321 4626 humida
1340 4573 1376 4625 ob
1396 4588 1499 4634 rorem,
1526 4572 1564 4629 od
1579 4568 1655 4623 lmen

335 4646 380 4701 rel
400 4647 495 4701 Lunae
515 4648 561 4701 rel
582 4648 714 4705 carbonis.
1018 4678 1025 4695 ι

423 4727 489 4779 Cum
510 4726 547 4779 sit
567 4728 705 4782 anomalia
726 4720 752 4790 )
776 4725 805 4783 6·
822 4720 855 4781 60
872 4724 929 4793 tt‘,
951 4735 997 4784 est
1015 4732 1215 4787 semidiameter
1235 4723 1262 4795 I>
1286 4724 1332 4786 17¹
1347 4724 1387 4784 d“
1405 4730 1452 4784 vel
1470 4730 1555 4799 paulo
1573 4724 1654 4794 majo,

217 4812 220 4821 ⁴
335 4804 405 4861 Nam
426 4806 449 4859 si
469 4806 630 4861 diametrum
652 4807 679 4861 in
706 4824 834 4881 apogaeo
862 4814 1013 4866 statuerem
1036 4808 1084 4867 30‘
1105 4809 1172 4877 ³0¹2
1199 4820 1232 4869 ut
1257 4816 1323 4867 ante
1345 4827 1431 4866 annor
1454 4805 1509 4875 12,
1538 4808 1655 4879 perlem

336 4884 458 4955 prodiret
476 4885 563 4955 major
577 4902 658 4958 quant
679 4885 727 4945 tt‘
741 4884 796 4952 8”;
817 4888 930 4945 umbrae
944 4888 1265 4948 semidiameta149‘8“.
1294 4892 1347 4945 Est
1359 4898 1453 4947 antem
1465 4896 1497 4945 at
1509 4886 1654 4944 distamin

336 4966 406 5018 nodo
427 4957 459 5019 5⁰
477 4962 525 5021 45‘
545 4970 691 5023 secundum
710 4984 762 5036 me,
783 4975 813 5025 st
831 4970 950 5025 latitudo
970 4972 1075 5043 angulo
1092 4988 1193 5045 magno
1213 4968 1247 5028 5⁰
1267 4967 1315 5028 18⁴
1335 4977 1379 5027 est
1399 4965 1449 5027 31‘
1463 4965 1531 5027 50“.
1559 4968 1654 5025 Suum
