3517 5525
627 379 689 432 Parc
707 379 811 443 Quarta
848 377 929 446 capa
946 330 1009 430 Hit.

689 649 828 748 Caput‘
843 647 943 722 LIX.

142 811 397 886 Dernonstratia
420 809 504 892 qaod
526 811 629 872 orbita
651 809 779 883 Martia,
802 807 913 872 tiarati
934 810 968 872 in
992 807 1155 872 diametro·
1168 795 1393 890 epinyciijfiat
1411 829 1487 889 per-

142 901 227 972 fecta
248 900 387 985 ellipsis:
410 908 440 963 et
459 899 544 981 qnod
566 918 644 962 area
667 897 780 962 circuli
801 900 949 986 metiatur
970 919 1125 961 rammam
1147 897 1373 961 distantiarum
1395 897 1488 982 ellip-

519 989 602 1050 ticae
625 989 896 1072 circumferentiae
913 995 1111 1072 punctorum.
1527 989 1530 995 “

657 1127 977 1192 Protheoremata.

231 1255 256 1316 Ι.
303 1254 338 1318 Si
360 1253 440 1316 intra
463 1255 603 1316 circulum
627 1252 813 1316 describatur
836 1253 969 1338 ellipsis,
1002 1261 1129 1332 tangens
1160 1251 1322 1316 verticibus
1346 1253 1489 1318 circulum

143 1347 175 1408 in
197 1343 316 1425 punctis
339 1345 497 1425 oppositis,
521 1351 553 1406 et
574 1362 627 1424 per
646 1349 780 1404 centrum
798 1351 830 1406 et
851 1350 962 1424 puncta
976 1351 1167 1406 contactuum
1189 1344 1314 1406 ducatur
1334 1343 1486 1422 diameter,

143 1434 251 1496 deiude
283 1454 302 1494 a
331 1434 450 1519 punctis
482 1433 551 1498 aliis
580 1431 836 1494 circumferentiae
859 1433 964 1494 circuli
992 1434 1137 1495 ducantur
1166 1431 1427 1513 perpendiculares
1460 1436 1491 1498 in

142 1524 222 1587 hano
244 1522 436 1585 diametrum:
461 1542 514 1596 eae
538 1541 674 1594 omnesa
688 1514 927 1584 circumferentia
946 1522 1089 1604 ellipseos
1114 1521 1293 1584 secabuntur
1317 1521 1491 1586 incendam

143 1611 374 1694 proportionem.
1523 1614 1533 1628 ¹

123 1735 129 1744 ·
232 1699 288 1763 Ea
317 1699 399 1766 libra
421 1701 451 1764 1.
482 1694 684 1782 Apollonii
717 1699 944 1762 danicorum
976 1719 1052 1783 pap.
1076 1697 1128 1761 21.
1163 1698 1354 1763 dernonatrat
1388 1701 1491 1764 Oom-

144 1790 417 1858 mancionem-
430 1789 651 1851 commentmio
674 1809 770 1870 caper
797 1787 833 1853 V.
859 1787 1098 1872 Sphaeroideon
1120 1787 1330 1851 Archimedis.

233 1877 284 1942 Sit
308 1880 391 1942 enim
413 1877 552 1941 aradae
573 1874 674 1951 ABG,
697 1880 734 1941 in
754 1897 789 1940 ca
812 1875 934 1961 ellipsis
956 1876 1039 1940 ABG

142 1979 273 2052 aaran
301 1967 454 2032 circadam
475 1970 511 2032 in
532 1967 572 2042 A,
596 1961 632 2037 0,
662 1968 693 2030 'et
719 1965 858 2030 ducatur
889 1967 1042 2032 diameter

137 2081 200 2145 per
219 2058 261 2132 A,
286 2055 449 2142 Cpancta
478 2063 674 2120 camoenam
704 2064 733 2118 et
756 2077 817 2137 per
837 2055 868 2116 H
891 2064 1037 2120 centnm.
1077 2129 1081 2137 ¹
1114 2032 1136 2093 P

142 2148 276 2214 Deinde
297 2149 481 2230 caprenciis
508 2147 775 2230 circumferentiae
797 2145 836 2220 K,
859 2145 887 2205 Ε
910 2143 1038 2209 descen-

143 2238 222 2300 dant
250 2235 530 2320 perpendimdarec
559 2233 630 2310 KL,
653 2234 720 2310 ΕΗ,
751 2242 854 2298 rectae
883 2236 918 2298 in
946 2233 987 2308 M,
1003 2237 1038 2298 B
1165 2267 1169 2290 ι

143 2347 165 2390 a
187 2328 442 2410 circumferentia
473 2323 625 2406 eliipceos.
670 2323 748 2388 mit
775 2331 815 2409 nt
830 2323 887 2386 BH
915 2324 960 2387 ad
981 2323 1038 2385 ΗΕ
1115 2331 1134 2367 ·‚
1186 2362 1195 2385 r

142 2418 189 2480 eir
202 2415 324 2486 Mbad
338 2415 405 2490 LK,
428 2417 518 2480 etsie
532 2433 637 2476 omnes
651 2411 736 2477 aliae
749 2410 1037 2496 perpendiculares.
1112 2355 1244 2581 ΚᾎΧΧ

231 2505 271 2566 II.
315 2505 401 2566 Area
439 2503 560 2586 ellipsis,
581 2502 626 2564 sic
659 2501 820 2583 inscriptae
853 2502 963 2565 circulo
1001 2503 1040 2562 ad
1081 2535 1103 2588 1
1136 2535 1153 2577 :
1192 2464 1280 2581 X

1199 1929 1253 1994 reg.
1273 1925 1332 1980 rra.

143 2613 246 2656 aream
277 2592 380 2655 circuli
409 2592 501 2678 habet
529 2592 751 2674 proportionem
781 2591 923 2664 eandem,
953 2609 1040 2671 quam
1116 2588 1261 2701 ’χχ
1289 2549 1303 2583 Η
1330 2650 1332 2653 ,

144 2683 247 2746 dictae
265 2683 372 2744 lineae.
1107 2600 1432 2791 [ιχ

236 2772 276 2836 Ut
299 2774 382 2837 enim
396 2772 452 2833 BH
475 2771 520 2833 ad
531 2768 601 2843 ΗΕ,
623 2771 680 2851 aia¹
692 2789 770 2834 area
792 2767 938 2853 eliipreoe
955 2767 1040 2834 ABG
1107 2764 1112 2849 Ι
1415 2784 1457 2838 ΙΙ

141 2863 189 3017 :aad
211 2882 320 3014 apeam
330 2860 451 3013 ,imi
463 2858 558 2923 Aac.
588 2858 651 2923 Est
671 2862 785 2945 quinta
804 2858 1042 2943 Spnaerotaeon
1085 2892 1241 2989 εἶ’-η

181 2972 221 3015 re
253 2972 325 3015 eme
357 2971 400 3013 rc.

230 3041 286 3103 ΠΙ.
331 3038 365 3103 Si
388 3060 407 3101 a
429 3045 511 3099 certo
533 3044 643 3117 puncto
667 3036 806 3099 diametri
829 3038 991 3099 educantur
1015 3040 1112 3113 lineae
1135 3052 1164 3115 in
1189 3057 1340 3121 sectiones
1355 3058 1488 3138 ejusdem

141 3129 399 3213 perpendicularis
423 3146 488 3191 eum
503 3125 606 3188 circuli
626 3134 657 3188 et
680 3126 822 3207 ellipseos
845 3126 1093 3213 circumferentia,
1117 3144 1217 3222 spatia
1239 3146 1277 3209 ab
1296 3146 1334 3211 iis
1357 3148 1489 3209 rescissa

142 3239 260 3285 rursum
283 3225 370 3286 erant
392 3217 422 3279 in
444 3215 636 3298 proportione
659 3223 759 3278 sectae
782 3214 1047 3296 perpendicularis.

232 3308 326 3375 SitN
342 3314 495 3392 punctam
517 3303 675 3381 diametri,
690 3313 719 3369 et
733 3302 823 3365 KML
840 3308 1138 3391 papirianae-tn
1161 3330 1383 3387 connectantur
1395 3324 1489 3406 sipara

141 3400 182 3475 K,
205 3398 240 3461 Μ
263 3416 333 3460 cam
353 3394 393 3459 N·
438 3396 540 3469 Dido,
564 3393 600 3457 ni
622 3393 683 3456 ML
706 3394 751 3457 ad
773 3393 830 3455 LK
860 3415 917 3457 deit
945 3393 1018 3480 (per
1039 3400 1087 3484 I.)
1111 3413 1148 3470 ut
1169 3408 1226 3471 ΒΗ
1249 3413 1293 3475 ad
1315 3412 1371 3473 HE
1394 3414 1487 3475 mlid-

143 3489 296 3553 diameter
318 3481 438 3577 beffiae
460 3484 505 3546 ad
526 3482 706 3567 impioram,
729 3484 776 3546 eia
798 3504 864 3546 ecce
887 3506 996 3551 aream
1018 3493 1111 3557 AMN
1127 3497 1172 3560 ad
1186 3499 1284 3563 ΑΚΝ.
1321 3502 1384 3565 Eat
1406 3505 1488 3566 enim

141 3577 234 3642 ΑΜΒ
256 3594 336 3640 area
357 3575 401 3637 ad
424 3572 511 3638 ΑΚΒ
533 3593 643 3635 arcam
668 3580 703 3636 at
725 3572 786 3633 ML
808 3574 853 3637 ad
873 3573 942 3651 LK,
967 3599 1026 3659 per
1053 3595 1194 3649 asennaa
1220 3588 1421 3655 Archimedis
1443 3593 1488 3656 aa

138 3689 191 3753 pr.
221 3664 256 3729 V.
295 3662 542 3747 Spnamoideon,
565 3682 644 3743 qaae
664 3662 911 3725 Oommandinac
932 3668 967 3729 in
989 3677 1219 3739 commentariis
1242 3681 1286 3743 ad
1307 3682 1389 3743 hanc
1407 3702 1487 3763 pro-

138 3756 326 3841 positionem
356 3752 458 3817 litem'r
487 3751 527 3826 C,
552 3752 581 3813 D
613 3752 812 3815 derivatim&
861 3752 1108 3838 Trianmdoram
1136 3786 1207 3828 cero
1234 3769 1487 3851 rectanqrdormm

141 3843 242 3921 NLM,
265 3842 353 3906 NLK
376 3841 512 3906 aditado
534 3840 592 3903 NL
606 3849 659 3924 'eet
680 3841 797 3915 eadem,
821 3849 851 3905 a
871 3843 962 3908 bases
975 3847 1044 3921 LM,
1060 3852 1117 3913 LK
1123 3870 1133 3927 3
1157 3857 1256 3937 ipitra
1278 3866 1307 3921 et
1329 3858 1419 3921 MLN
1441 3860 1486 3924 ad

141 3934 229 3995 KLN
252 3939 299 3996 eat
317 3940 353 3996 at
374 3932 436 3996 ML
458 3928 590 3992 cauit
637 3930 705 3992 Per
719 3934 982 4013 *compositionem
1010 3938 1107 4019 iaitnr
1133 3951 1200 4007 tota
1228 3966 1305 4010 area
1328 3946 1420 4011 AMN
1443 3950 1487 4013 ad

140 4030 240 4087 totam
263 4020 352 4085 ΛΚΝ
373 4029 419 4083 eat
441 4026 475 4082 at
497 4018 558 4079 ML
580 4019 625 4081 ad
647 4018 713 4080 LK.
763 4021 856 4100 Quod
877 4030 946 4085 erat
968 4025 1255 4097 dernonetrandam.
1402 4088 1404 4096 ,

231 4112 286 4174 IV.
334 4109 454 4174 Circulo
485 4126 539 4188 per
570 4107 740 4188 hujusmodi
769 4111 1030 4190 perpendiculares
1064 4129 1250 4205 quotcunque
1281 4125 1312 4187 in
1344 4128 1485 4207 aequales

142 4222 231 4265 arcus
246 4200 354 4275 diviso,
378 4197 494 4280 ellipsis
518 4198 547 4258 in
566 4216 653 4259 arcus
668 4198 839 4280 inaequales
854 4199 995 4265 dividitur
1002 4225 1012 4279 ;
1037 4214 1068 4269 et
1089 4210 1139 4291 qui
1162 4220 1232 4278 sunt
1245 4214 1322 4295 apud
1347 4216 1485 4293 vertices,

143 4292 275 4355 maxima
296 4297 418 4353 utuntur
440 4285 632 4371 proportione
641 4309 661 4381 ξ’
675 4287 725 4368 qui
747 4286 821 4350 locis
844 4289 962 4366 mediis,
985 4294 1115 4361 minima.

230 4380 317 4443 Nam
339 4382 426 4443 eirca
450 4378 580 4443 vertices
606 4397 738 4440 arenam
765 4380 929 4461 propertio
951 4386 1105 4465 proaima
1125 4396 1172 4451 eet
1193 4396 1395 4474 proportioni
1416 4416 1484 4458 aec-

142 4478 248 4552 ini-nm
279 4464 611 4552 perpendimtariam,
647 4467 760 4549 qniim
790 4487 856 4530 cece
876 4472 1024 4551 preciose
1046 4480 1279 4544 accommodant
1318 4484 1492 4552 secandam.

144 4557 385 4644 longitudinem,
412 4558 517 4621 minor
537 4563 650 4621 tamen.
691 4555 786 4618 area
807 4554 892 4620 ἰοσσσ
913 4562 1033 4627 medice
1048 4568 1196 4652 promnre
1210 4570 1297 4651 Jimrt
1317 4572 1486 4653 aequalem

143 4651 246 4716 minor
262 4651 371 4712 amen
393 4660 488 4712 mars
509 4642 675 4731 cinptirra,
698 4646 776 4728 qnia
795 4650 902 4713 nanae
923 4661 1068 4717 amam
1084 4676 1180 4739 qaaere
1201 4656 1377 4725 arada-ia.
1418 4663 1486 4725 Per

145 4760 179 4802 ae
742 4749 748 4780 ²
1486 4758 1487 4761 ’

193 4747 293 4891 paga
321 4828 400 4889 Tota
430 4822 565 4907 elliptica
596 4823 836 4888 circumferentia
866 4835 915 4889 est
944 4830 1077 4912 proxime
1108 4837 1237 4899 medium
1270 4836 1488 4903 arithmeticum

151 4917 230 4983 inter
252 4917 395 4980 circulum
417 4916 555 4982 diametri
577 4914 721 4995 longioris
744 4923 776 4979 et
797 4915 939 4983 circulum
961 4920 1099 4985 diametri
1120 4924 1276 4990 brevioris.

227 5020 404 5076 xeneam
424 5023 461 5067 ΠΒ
1244 5028 1277 5082 eo
