3517 5525
305 403 371 476 uro
512 428 515 436 ·
906 403 1049 458 aa...

306 605 365 671 qua
386 584 578 672 Ptolemaeus
602 590 649 646 est
671 603 752 659 usus,
776 584 1100 664 demonstrandaque
1124 583 1171 646 val
1195 582 1328 663 pericula
1350 583 1398 644 vel
1423 582 1582 663 dispendia
1605 583 1656 646 rel

305 693 442 738 errores:
468 673 674 753 subjungenda
697 688 812 739 summa
836 675 979 748 methodi,
1004 692 1092 754 quam
1114 691 1170 734 uos
1192 689 1359 752 sequemur.

393 763 556 844 Postquam
579 762 771 825 Ptolemaeus
794 762 845 826 lib.
861 762 886 825 1.
909 773 940 826 et
962 763 1003 826 11.
1027 763 1154 842 primurn
1176 769 1297 834 motum,
1324 760 1374 823 lib.
1392 761 1456 824 ΙΙΙ.
1479 770 1595 824 motum
1615 759 1654 840 Θ

235 859 236 864 ’
305 854 557 926 demonstrasset,
590 869 714 934 quorum
743 852 875 932 cognitio
906 854 995 932 plane
1026 851 1249 931 praemittenda
1274 851 1349 924 init,
1373 849 1423 913 lib.
1449 851 1504 928 IV,
1530 852 1572 925 V,
1598 851 1655 914 Vl.

288 935 367 1020 'iam
389 942 526 1004 Lunares
547 951 648 1003 motus
671 941 834 1021 subjungit,
858 950 893 1003 et
914 941 966 1004 lib.
991 942 1048 1003 IV.
1073 941 1199 1021 primbm
1228 939 1350 1022 inquirit
1372 949 1472 1002 motus
1498 942 1655 1021 aequales,

182 1084 186 1092 .
305 1031 526 1110 comparatione
549 1029 823 1111 antiquissimarum
846 1031 1091 1093 observationum
1111 1049 1177 1092 eum
1197 1030 1269 1092 suis.
1307 1029 1447 1092 Secundo
1470 1027 1655 1092 anomaliaru

304 1119 330 1191 It
356 1119 497 1198 primam,
530 1119 734 1199 suppositione
758 1137 829 1182 usus
862 1119 989 1200 epicycli
1015 1119 1048 1180 in
1071 1119 1275 1193 concentrico,
1307 1118 1505 1180 demonstrat
1552 1117 1655 1189 Qum

304 1209 419 1270 adrem
434 1227 509 1288 opus
526 1207 585 1287 ipsi
602 1207 658 1270 fuit
673 1207 843 1287 cognitione
859 1207 1030 1288 aequalium
1047 1216 1179 1271 motuum
1202 1208 1378 1288 praemissa,
1403 1207 1656 1288 quemadmodum

304 1287 455 1358 anomalia
477 1297 552 1358 haec
571 1295 611 1358 ad
628 1305 803 1377 sequentem
825 1296 1089 1377 investigationem
1112 1297 1292 1360 vertentium
1316 1297 1535 1360 noviluniorum
1565 1297 1655 1378 plane

303 1386 476 1448 necessaria
499 1393 555 1446 est.
597 1385 727 1448 Rursum
750 1403 808 1448 non
832 1386 975 1450 deliciunt
996 1386 1110 1448 lumina
1131 1386 1163 1448 iu
1185 1386 1265 1448 omni
1287 1385 1368 1447 coitu
1389 1384 1438 1448 rel
1462 1385 1655 1466 oppositione

303 1482 457 1550 venante,
489 1476 544 1536 sed
566 1481 688 1536 tuentur
710 1481 823 1538 eertum
846 1476 968 1547 orbern,
1001 1493 1059 1554 quo
1090 1468 1271 1537 circumacto
1302 1475 1408 1536 eodem
1438 1475 1655 1555 propemodum

304 1562 407 1626 ordine
439 1563 574 1626 redeunt.
618 1563 694 1643 Ejus
723 1563 803 1626 orbis
833 1563 1030 1644 investigatio
1063 1564 1169 1626 eadem
1192 1571 1240 1624 est
1262 1583 1329 1625 cnm
1360 1572 1443 1626 motu
1472 1564 1653 1626 latitudinis.

303 1653 389 1716 Hunc
407 1671 479 1732 ergo
495 1653 547 1714 lat
563 1660 674 1715 motum
688 1652 883 1716 Ptolemaeus
903 1655 951 1716 via
969 1653 1087 1714 directa
1100 1653 1182 1733 prins
1205 1651 1453 1732 investigaverat,
1479 1672 1518 1714 ea
1535 1671 1653 1734 nempe,

303 1761 391 1822 quam
416 1751 447 1804 et
470 1741 658 1821 Hipparchus
680 1742 820 1822 praeivit.
867 1743 961 1823 Cujus
985 1741 1147 1822 explicatio
1171 1742 1230 1804 etsi
1253 1759 1312 1804 non
1334 1749 1401 1803 tota
1422 1741 1453 1804 iu
1475 1742 1654 1806 Ptolemaeo

302 1825 415 1904 ex‘stat,
440 1850 531 1894 ausus
555 1839 655 1892 tamen
679 1851 745 1894 sum
768 1849 833 1894 earn
858 1851 897 1894 ex
919 1833 965 1906 iis,
986 1848 1146 1914 quae‚ego
1169 1839 1325 1893 secuturus
1348 1851 1427 1906 sum,
1455 1832 1653 1911 problematis

303 1920 461 1999 conjicere,
485 1921 562 1999 quod
588 1919 666 1982 talis·
682 1919 780 1982 luerit.
818 1921 908 1991 Initio
922 1921 1026 1984 Lunae
1049 1920 1208 2003 dimetiens
1231 1919 1408 2000 capiebatur
1427 1939 1482 2000 per
1500 1919 1653 2000 dioptron,

303 2018 445 2089 quotnam
468 2019 551 2070 esset
578 2011 793 2089 scrupulorum.
840 2013 905 2072 Hoc
932 2009 1050 2072 initium
1072 2017 1105 2072 et
1126 2010 1231 2071 Theon
1253 2009 1284 2070 in
1307 2007 1541 2072 Commentariis
1564 2027 1654 2090 super

304 2097 360 2158 hoc
393 2105 484 2178 caput
514 2097 600 2160 uobis
632 2105 792 2160 monstrat.
838 2099 956 2162 Deinde
979 2115 1018 2160 ex
1044 2107 1116 2161 aute
1145 2098 1360 2161 demonstratis
1389 2098 1526 2160 horarius
1549 2100 1653 2161 Lunae

303 2186 506 2266 inquirebatur
529 2187 569 2249 ad
591 2187 777 2267 propositum
806 2195 924 2272 tempus
953 2185 1111 2268 eclipseos.
1157 2186 1301 2269 Sequitur
1330 2195 1430 2250 antem
1453 2189 1596 2251 horarius
1618 2207 1654 2249 ex

303 2273 465 2358 hypothesi
488 2275 735 2357 inaequalitatem
760 2275 993 2340 demonstrante.

374 2365 461 2430 ,dam
484 2372 571 2426 eraut
593 2365 624 2426 iu
646 2371 763 2444 promtu
786 2367 899 2428 multae
926 2364 1056 2445 eclipses
1079 2365 1215 2426 Lunares
1236 2384 1305 2428 cum
1327 2385 1426 2441 mora,
1451 2366 1653 2446 eligebantur,

303 2473 379 2534 quae
403 2453 571 2516 diutissime
595 2453 787 2516 duraverant.
832 2457 883 2518 Ex
903 2462 1038 2534 tempore
1061 2471 1134 2533 ergo
1157 2451 1340 2530 durationis,
1369 2462 1454 2519 motu
1475 2455 1601 2518 horario
1624 2467 1654 2516 et

304 2541 452 2605 diametro
467 2543 507 2618 ]),
530 2543 579 2604 vel
598 2543 691 2604 etiam
705 2542 769 2604 siue
788 2543 894 2606 horum
908 2544 1066 2615 alterutro,
1089 2543 1307 2622 colligebantur
1321 2545 1533 2626 proportiones
1557 2545 1654 2606 dirue-

303 2630 441 2694 tieutinur
465 2629 569 2692 Lunae
592 2638 624 2692 et
645 2630 775 2694 umbrae.
822 2635 870 2696 Ac
903 2633 1026 2712 cognita
1046 2632 1151 2694 Lunae
1177 2632 1359 2719 ,dimetiepte
1390 2636 1421 2696 in
1447 2633 1597 2714 gradibus
1623 2643 1654 2694 et

303 2719 461 2800 scrupulis,
486 2721 724 2801 cognoscebatur
747 2729 779 2785 et
801 2722 959 2785 dimetiens
981 2721 1105 2785 umbrae
1127 2722 1157 2785 iu
1181 2723 1286 2786 eadwi
1310 2731 1458 2789 mensura.

374 2810 440 2875 ..hd
464 2810 539 2871 haec
562 2809 600 2871 ab
622 2810 796 2890 Hipparcho
819 2814 1029 2875 demonstrata
1041 2812 1235 2875 Ptolemaeus
1257 2812 1396 2891 adjunxit
1416 2813 1573 2892 angulum,
1597 2832 1653 2894 qno

303 2896 406 2965 Lunae
430 2898 511 2961 orbis
534 2900 574 2961 ad
596 2899 767 2979 eclipticam
794 2901 971 2975 inclinatur,
995 2899 1032 2961 de
1055 2919 1114 2981 quo
1137 2920 1209 2963 mox
1234 2902 1377 2966 dicemus.
1424 2904 1510 2965 Haec
1533 2902 1563 2965 ai
1587 2902 1653 2983 quia

303 2988 342 3049 ad
363 2988 487 3051 duarum
512 2988 666 3069 eclipsium
689 2990 861 3068 partialium
885 2988 1157 3053 considerationem
1180 2988 1300 3065 aderat,
1325 2992 1477 3069 inveniet,
1508 3002 1653 3072 quantum

303 3084 428 3159 utraque
451 3099 470 3139 a
492 3077 592 3139 vicina
615 3078 828 3141 intersectione
852 3079 968 3141 orbium
995 3078 1157 3154 distiterit,
1191 3098 1227 3141 ac
1249 3080 1373 3159 proinde
1395 3088 1528 3163 quantus
1552 3090 1653 3143 motus

304 3165 473 3229 latitudiuis
496 3166 622 3248 tempori
646 3166 725 3229 inter
747 3168 877 3249 eclipses
901 3166 1061 3246 interjecto
1085 3169 1240 3231 debeatur.
1277 3175 1279 3180 '

1131 3256 1182 3319 Sit
1202 3260 1233 3321 A
1264 3266 1399 3321 cadmum
1429 3258 1556 3321 umbrae
1588 3258 1651 3334 Bc,

1044 3346 1104 3409 An
1127 3347 1275 3425 ecliptica,
1299 3366 1387 3428 quam
1406 3356 1492 3411 secet
1512 3348 1543 3411 iu
1558 3349 1588 3411 D
1603 3348 1652 3410 ria

981 3486 984 3497 .
1043 3436 1147 3498 Lunae
1176 3434 1233 3499 DE
1262 3436 1319 3499 snb
1350 3446 1434 3501 certo
1466 3444 1504 3501 et·
1528 3438 1650 3519 cognito

1044 3522 1153 3604 angulo
1180 3524 1277 3590 ΕΒΑ.
1323 3526 1365 3589 Et
1396 3546 1435 3589 ex
1455 3527 1488 3591 A
1519 3546 1645 3609 perpen-

1043 3613 1186 3677 dicularis
1208 3615 1239 3677 in
1261 3615 1317 3681 DE
1340 3617 1482 3691 ducatur,
1509 3636 1589 3698 quae
1611 3617 1650 3701 sit

1042 3702 1110 3763 ΑΕ.
1163 3701 1297 3785 Cumque
1328 3706 1458 3767 omnium
1490 3726 1530 3769 ex
1562 3709 1593 3769 A
1621 3708 1649 3767 in

1042 3791 1103 3855 DE·
1121 3792 1299 3857 breuisaima
1317 3796 1359 3856 sit
1372 3794 1440 3870 An,
1463 3793 1648 3876 puuctumE

1044 3880 1135 3943 sitnm
1158 3884 1299 3945 ostendet
1319 3882 1424 3945 Lunae
1446 3885 1478 3947 iu
1502 3884 1648 3948 obscura·

1042 3968 1124 4030 tione
1147 3972 1286 4045 maxima,
1310 3992 1386 4053 quae
1410 3984 1458 4036 est
1479 3975 1565 4039 circa
1586 3993 1648 4037 me-

1043 4058 1124 4120 diam
1145 4060 1342 4123 durationem.
1371 4061 1529 4126 Scu'batur
1546 4072 1648 4127 eentm

1042 4147 1087 4223 Ε,
1125 4148 1272 4213 distantia
1306 4152 1378 4227 EF,
1421 4150 1498 4234 quas
1535 4162 1648 4216 certam
1735 4154 1736 4202 Ὗ

1043 4236 1154 4299 habeat
1182 4240 1403 4320 proportionem
1432 4242 1473 4303 ad
1504 4241 1565 4305 AB
1597 4244 1648 4317 (ex
1735 4253 1736 4266 ¹

1042 4325 1206 4407 Hipparchi
1230 4328 1391 4392 traditione
1419 4324 1451 4415 Ἰ,
1479 4330 1564 4411 ejus)
1587 4333 1647 4393 cir-
1734 4347 1735 4376 l

304 4409 389 4474 culus
411 4408 517 4471 Lunae
537 4407 603 4487 PG,
625 4428 735 4475 secans
759 4412 902 4475 circulum
925 4415 1057 4489 umbrae,
1082 4426 1117 4476 ut
1139 4417 1261 4498 eclipsis
1283 4420 1337 4479 liat
1359 4418 1507 4499 partialis,
1532 4420 1646 4501 produ·
1734 4417 1735 4434 ³

561 3344 566 3359 ·
612 3324 667 3391 erg.
689 3323 729 3377 1⁵.

976 3932 1000 3973 Ι

172 4548 175 4559 .
303 4506 389 4562 catur
410 4496 468 4560 ΑΕ
491 4496 520 4558 in
545 4497 584 4572 G,
608 4518 715 4563 means
739 4499 880 4567 circulum
905 4503 1026 4565 umbrae
1047 4503 1079 4565 iu
1102 4505 1146 4579 B;
1169 4514 1202 4567 et
1224 4506 1266 4569 sit
1288 4508 1424 4587 cognitus
1447 4509 1587 4572 deiectus
1611 4528 1647 4571 ex

303 4586 515 4649 observatione
547 4587 575 4648 in
606 4590 726 4669 digitis,
762 4590 790 4653 h.
816 4608 841 4653 e.
866 4591 1048 4655 duodecimis
1078 4592 1215 4673 partibus
1247 4592 1388 4659 diametri
1410 4598 1533 4674 Lunae,
1567 4608 1600 4661 ut
1621 4598 1645 4659 si
1733 4670 1734 4681 q

260 4677 262 4685 '
302 4674 361 4741 BG
393 4695 464 4757 pars
497 4675 618 4739 residua
645 4679 682 4739 de
714 4678 862 4741 diametro
884 4680 990 4743 Lunae
1018 4683 1060 4744 sit
1083 4679 1103 4743 2
1126 4683 1297 4763 digitorum.
1344 4685 1420 4749 Cum
1451 4706 1525 4767 ergo
1559 4689 1647 4749 detur
1733 4687 1734 4747 i

302 4764 458 4845 proportio
480 4762 540 4827 EG
563 4765 602 4825 ad
626 4764 681 4827 GB
704 4776 737 4828 et
759 4767 910 4830 residuam
932 4768 1000 4845 BH,
1030 4772 1182 4850 proportio
1204 4772 1277 4837 item
1297 4774 1357 4838 EG
1380 4777 1418 4838 ad
1433 4777 1490 4840 AB
1514 4778 1645 4850 dabitur,
1733 4828 1734 4831 η

304 4861 336 4917 et
359 4852 512 4934 proportio
534 4851 588 4917 ΒΕ
613 4854 652 4914 ad
674 4856 731 4917 AB
763 4864 794 4918 et
816 4856 966 4921 residuam
993 4860 1068 4933 EA,
1096 4879 1173 4940 quae
1196 4871 1245 4926 est
1266 4864 1362 4926 centri
1384 4868 1410 4936 h
1436 4865 1586 4929 distantia
1608 4866 1645 4928 ab

278 5036 281 5048 α
306 4940 454 5020 ecliptica.
492 4939 554 5003 Sed
577 4945 730 5023 proportio
746 4942 805 5007 EG
828 4945 866 5007 ad
885 4942 968 5011 360⁰
989 4948 1078 5013 datur
1096 4967 1135 5011 ex
1148 4951 1358 5017 observatione
1382 4955 1530 5034 dioptrae,
1553 4974 1645 5037 qnare
