3517 5525
285 404 328 480 43
703 408 802 462 ιιιηι
819 406 1091 475 asperrimamque
1106 411 1230 460 naam·

284 590 413 666 modum,
437 588 486 672 qui
510 587 612 652 nescio
636 608 673 650 an
698 588 738 650 ad
759 607 890 669 unguem
914 590 1011 670 jussa·
1025 589 1161 652 lecturus
1182 586 1243 663 sit;
1274 572 1355 649 certis
1377 584 1410 649 in
1430 582 1543 647 ricinia
1563 587 1634 646 octo

284 683 418 744 locorum
440 679 471 741 in
494 680 534 756 (ί,
552 682 589 752 0⁰,
604 672 648 753 [l
664 668 708 753 [l,
727 681 762 755 ζει
784 680 820 756 iss
844 682 879 756 lss
902 682 938 756 tss
959 680 1042 743 lacit.
1088 681 1120 742 Is
1143 678 1216 741 talis
1238 687 1304 741 est:
1327 678 1428 752 Luna,
1452 683 1486 739 ut
1507 674 1636 757 quilibet

283 788 323 833 ex
344 770 494 851 planetis,
526 774 651 829 naturas
675 766 802 829 consilio
826 778 962 833 movetur
984 770 1016 831 in
1039 770 1178 851 longum,
1201 769 1311 844 latum,
1334 766 1522 851 protundum.
1566 764 1635 827 Neo

284 868 355 923 sunt
376 859 478 939 plures
510 855 722 919 dimensiones.
768 856 886 919 Motum
909 859 941 921 in
963 859 1127 940 longum,
1145 860 1238 923 infert
1258 860 1313 923 Sol
1335 857 1483 940 planetis,
1513 854 1573 935 ipsi
1594 855 1635 916 de

284 969 338 1011 suo
361 946 436 1009 nihil
454 945 578 1021 addunt,
601 944 660 1007 nisi
682 952 830 1026 quatenus
855 946 886 1008 in
905 948 1034 1012 diversis
1057 949 1282 1013 circuitionibus
1305 969 1324 1010 a
1345 954 1455 1009 natura
1477 944 1530 1007 siti
1552 952 1633 1006 sunt

283 1038 402 1101 Motum
425 1035 456 1096 in
484 1035 598 1096 latum
629 1033 753 1117 planeta
776 1034 841 1113 ipse
872 1037 1008 1114 confiat,
1040 1039 1095 1101 Sol
1118 1039 1177 1101 huc
1199 1039 1275 1101 nihil
1297 1038 1424 1101 confert
1461 1036 1579 1097 Motum
1602 1033 1634 1096 in

282 1125 500 1209 profundum
523 1123 602 1185 inter
626 1142 658 1184 se
681 1124 862 1205 partiuntur,
884 1127 1010 1207 planeta
1031 1148 1159 1191 ascensu
1181 1129 1231 1191 vel
1253 1129 1409 1201 descensu,
1434 1124 1489 1188 Sol
1512 1122 1635 1187 accele-

282 1216 377 1278 rando
401 1214 450 1275 vel
464 1212 613 1276 tardando
631 1212 713 1275 ultra
734 1231 879 1279 ascensus
901 1218 952 1279 vel
966 1217 1131 1281 descensus
1152 1237 1332 1281 mensnram.
1367 1217 1475 1297 ltaque
1498 1221 1636 1275 centrum

282 1302 443 1367 eceentrici
464 1302 585 1383 ponitur
608 1301 772 1381 aplaneta
796 1313 930 1369 centrum
952 1308 1111 1389 aequantia
1130 1329 1148 1369 a
1164 1308 1262 1371 sola
1285 1308 1422 1387 Suntque
1443 1304 1475 1366 in
1497 1302 1638 1383 quolibet

281 1394 405 1477 planeta
417 1399 559 1474 quatuor:
576 1390 694 1453 medius
708 1390 917 1472 longitudinis,
933 1396 1089 1459 inclinatio
1105 1396 1286 1471 latitudinis,
1302 1402 1438 1458 centrum
1460 1390 1635 1465 eceentrici,

282 1492 416 1547 centrum
438 1478 607 1562 aequantia.
644 1481 732 1542 Luna
745 1500 818 1561 prae
837 1485 948 1547 ceteris
961 1486 1019 1548 hoc
1032 1486 1134 1563 habet,
1157 1496 1192 1549 ut
1206 1504 1273 1549 oum
1291 1485 1376 1548 coelo
1392 1502 1446 1545 suo
1463 1488 1635 1555 moneatur,

281 1590 415 1656 quaeque
439 1569 469 1633 in
492 1569 561 1631 aliis
592 1576 663 1631 sunt
692 1568 856 1651 simplicia,
889 1574 953 1638 sint
974 1576 1005 1637 in
1031 1576 1090 1639 hac
1119 1577 1259 1657 duplicia.
1305 1574 1465 1655 Duplicem
1485 1592 1516 1634 n.
1538 1570 1636 1633 habet

282 1664 396 1725 iontem
427 1657 564 1721 motricis
595 1656 737 1735 virtutis,
760 1660 865 1725 Solem
886 1684 941 1745 per
964 1684 1013 1739 se,
1037 1667 1162 1728 Tenem
1184 1685 1240 1747 per
1266 1663 1426 1737 accidens,
1458 1669 1491 1725 et
1510 1668 1547 1723 nt
1567 1660 1636 1722 dixi

282 1770 391 1836 snpra,
424 1748 491 1828 eJns
520 1746 589 1809 lons
620 1746 742 1810 virtutis
766 1758 814 1813 est
842 1753 932 1815 linea.
979 1756 1119 1838 Respicit
1146 1756 1240 1837 igitur
1261 1774 1322 1815 non
1350 1759 1468 1815 tantum
1490 1753 1630 1824 Terram,

281 1859 370 1923 quam
393 1838 565 1910 circumeat,
589 1836 643 1897 sed
662 1836 753 1900 etiam
767 1840 880 1904 Solem.
919 1842 1030 1907 Omnia
1047 1845 1149 1926 itaque
1163 1866 1220 1907 sua
1237 1851 1365 1927 quatuor
1378 1842 1473 1904 habet
1486 1839 1631 1920 duplicia.

279 1929 432 2002 Primum,
462 1932 562 1988 motus
585 1924 701 1987 medius
723 1926 755 1989 in
778 1929 858 1993 linea
880 1932 1052 1996 diametrali
1074 1934 1166 1999 velox
1188 1941 1256 2007 est,
1287 1932 1405 1995 tardior
1426 1948 1486 2011 quo
1509 1928 1634 2009 longius

280 2020 307 2091 J)
338 2017 433 2081 marat
459 2037 479 2077 a
506 2013 678 2077 diametrali
709 2014 798 2080 linea.
846 2023 932 2085 Hanc
964 2024 1162 2087 vadationem
1191 2042 1246 2104 per
1276 2028 1457 2103 aequantem
1485 2018 1634 2080 debemus

281 2108 411 2183 salvare,
434 2103 506 2188 quia
527 2124 546 2165 a
566 2102 639 2167 Sole
662 2122 716 2167 sen
741 2109 861 2171 alonte
885 2111 1006 2175 virtutis
1029 2114 1206 2194 simpliciter
1227 2119 1339 2185 manat,
1362 2110 1450 2173 Luna
1464 2108 1533 2189 ipsa
1553 2105 1633 2185 nihil

453 2208 457 2225 '
480 2264 485 2277 ,
730 2201 855 2263 confert.
902 2203 932 2263 A
954 2204 1059 2277 Terra,
1081 2201 1136 2267 Bc
1158 2200 1367 2265 concentricus
1384 2201 1423 2274 1,
1446 2195 1532 2261 Bac
1548 2196 1636 2257 linea

389 2310 409 2366 χ
457 2264 513 2333 ΡΨ·
532 2260 557 2315 ⁹·
729 2290 927 2353 diametralis.
974 2292 1051 2356 Cum
1073 2294 1194 2372 ergo)
1221 2298 1270 2353 est
1290 2290 1323 2352 in
1343 2291 1387 2363 B,
1421 2286 1463 2350 sit
1486 2292 1634 2367 punctum

480 2364 498 2415 Β
728 2380 887 2461 aequantia
902 2380 932 2441 in
946 2382 985 2456 E,
1000 2389 1108 2443 contra
1121 2399 1189 2444 cnm
1203 2382 1290 2451 est)
1307 2379 1338 2441 in
1355 2375 1392 2453 0,
1413 2376 1455 2439 sit
1469 2372 1634 2456 aequantia

727 2476 869 2551 punctum
892 2470 924 2531 in
946 2472 985 2534 D.
1032 2470 1195 2541 Quantitas
1218 2469 1276 2533 Ao
1300 2469 1339 2529 ad
1356 2466 1416 2530 DA
1439 2472 1475 2527 nt
1497 2460 1633 2527 100000

729 2558 767 2621 ad
791 2556 878 2624 2400
902 2560 974 2623 lere.
1020 2560 1101 2622 Nam
1122 2559 1158 2621 in·
1175 2556 1237 2623 45⁰
1263 2558 1402 2639 aequatio
1425 2555 1557 2618 maxima
1578 2560 1635 2613 est

728 2644 783 2713 40⁴
808 2648 936 2712 circiter.
976 2649 1068 2713 Sinos
1091 2657 1192 2712 antem
1214 2646 1414 2730 digressionis
1436 2643 1487 2705 rel
1509 2642 1636 2705 distan-

728 2738 840 2811 tiae)
871 2759 890 2801 a
921 2738 1001 2802 linea
1021 2736 1076 2804 BG
1105 2736 1386 2820 multiplicamsoin
1414 2735 1474 2800 DA
1505 2729 1635 2813 rejectis
1717 2813 1721 2820 ‘

661 2894 665 2900 ,
730 2825 750 2890 5
774 2827 878 2908 liguris
901 2828 1003 2909 prodit
1025 2828 1124 2892 locum
1145 2829 1249 2910 puncti
1271 2823 1439 2908 aequantia.

818 2918 973 2982 Secundo:
1007 2917 1136 2981 latitudo
1167 2917 1301 2980 maxima
1327 2917 1360 2977 in
1390 2908 1635 2994 oppositionibus

732 3015 764 3069 et
808 3007 1068 3085 conjunctionibus
1105 3008 1249 3071 statuitur
1285 3025 1324 3067 ex
1365 2999 1634 3066 observationibus

731 3091 913 3180 ‹1⁰58'l2‘3
942 3097 973 3160 in
1003 3097 1195 3179 quadraturis
1225 3112 1297 3158 vero
1319 3113 1358 3156 ex
1385 3091 1492 3154 eodem
1521 3089 1634 3152 obser·-

731 3185 886 3250 vationum
918 3187 1112 3248 fundamento
1144 3184 1300 3248 inveniunt
1327 3181 1490 3245 maximam
1520 3177 1633 3241 latitu-

731 3275 830 3338 dinem
847 3271 886 3340 5⁰
903 3268 980 3359 17¹1,
988 3277 1006 3336 ¹.
1045 3277 1112 3338 Hoc
1129 3283 1226 3338 toturn
1244 3275 1284 3336 ab
1297 3269 1501 3335 inclinationis
1519 3285 1635 3330 eccen-

280 3363 350 3426 trioi
372 3363 550 3438 variatione,
572 3363 698 3425 honest
718 3362 843 3446 abipsa
865 3366 970 3428 Lunae
991 3365 1194 3445 divagatione,
1217 3383 1277 3446 qua
1300 3381 1333 3424 se
1356 3361 1396 3422 ad
1417 3367 1522 3422 nutum
1543 3355 1634 3420 Solis

281 3453 442 3533 componit,
464 3451 633 3533 provenire,
651 3461 789 3516 manente
796 3459 909 3516 ‘centro
928 3453 1109 3516 concentrici
1124 3454 1284 3534 conjuncto
1302 3471 1370 3514 cum
1385 3456 1488 3511 centro
1504 3449 1632 3521 Terrae,

280 3542 383 3604 multis
415 3540 581 3604 rationibus
612 3547 741 3602 constat
787 3543 856 3604 Non
887 3549 991 3622 potest
1021 3543 1100 3604 enim
1131 3544 1195 3605 lieri
1224 3560 1279 3621 per
1308 3536 1635 3620 appropinquationem

281 3629 451 3692 latitudinis
474 3629 512 3690 ad
535 3629 670 3703 Terram,
694 3647 749 3690 nec
770 3648 825 3708 per
847 3629 1185 3702 revolutionemcentri
1206 3630 1366 3693 eceentrici
1388 3627 1470 3689 circa
1491 3627 1631 3688 Terram.

279 3719 414 3799 Utroque
436 3717 516 3780 enim
538 3718 626 3778 modo
648 3715 824 3798 proveniret
845 3718 1047 3799 inaequalitas
1071 3719 1172 3802 aliqua
1194 3721 1225 3783 in
1248 3717 1445 3800 longitudine,
1469 3735 1545 3798 quae
1566 3734 1633 3779 non

280 3816 329 3870 est
360 3805 637 3878 commensurabilis
668 3805 707 3867 ad
745 3805 971 3870 observatorias
1006 3807 1247 3890 inaequalitates.
1303 3810 1409 3888 Itaque
1437 3825 1493 3886 per
1523 3823 1632 3874 omnes

280 3896 385 3960 modos
409 3897 491 3958 eunti
520 3895 594 3959 mihi
623 3895 780 3976 apparuit,
811 3915 878 3958 cnm
905 3897 989 3959 nulla
1016 3896 1265 3980 inaequalitatum
1295 3903 1461 3959 ceterarum
1483 3895 1632 3958 inuram

282 3983 464 4068 hypothesin
488 3985 629 4049 confundi
651 4003 752 4065 posse,
777 3986 831 4049 sed
854 4005 924 4050 esse
947 3995 1120 4068 separatam
1141 3988 1272 4067 penitus.

370 4074 490 4138 Tertio:
526 4073 736 4137 eceentricitas
765 4075 869 4138 Lunae
898 4085 1025 4156 angetur
1054 4084 1086 4139 et
1118 4076 1262 4140 minuitur
1291 4093 1346 4157 per
1373 4074 1471 4155 ipsam
1499 4075 1630 4150 Lunam,

281 4164 529 4247 quemadmodum
552 4163 649 4227 omnis
671 4165 882 4228 eceentricitas
904 4166 1015 4228 accidit
1035 4185 1097 4247 per*
1112 4183 1269 4230 ascensum
1285 4172 1317 4227 et
1331 4165 1509 4226 descensum
1530 4162 1631 4244 ipsius

282 4255 432 4335 planetae.
471 4253 520 4316 Sit
541 4254 685 4326 FTerra,
708 4255 738 4316 A
761 4262 898 4317 centrum
919 4254 1090 4331 eceentrici,
1112 4256 1139 4318 Β
1161 4255 1339 4338 principium
1361 4253 1539 4328 anomaliae,
1562 4252 1635 4333 ejus

284 4363 325 4404 sc.
344 4359 519 4423 apogaeum,
544 4341 767 4426 Operigaeum.
805 4345 862 4408 AF
884 4343 1093 4408 eceentricitas
1115 4345 1224 4420 media,
1247 4345 1279 4408 in
1296 4346 1335 4420 ri,
1352 4347 1389 4416 0⁰·
1424 4343 1505 4406 Dum
1528 4351 1634 4409 antem

284 4432 370 4496 Luna
394 4431 486 4493 currit
510 4431 548 4494 ab
573 4437 598 4506 0⁰
623 4430 653 4494 in
676 4426 727 4506 U,
751 4431 873 4496 libratio
904 4434 1000 4496 centri
1028 4434 1188 4496 eceentrioi
1208 4435 1244 4496 tit
1264 4452 1318 4515 per
1340 4431 1408 4507 ΑΕ,
1432 4431 1635 4498 contradam

281 4523 308 4593 1
333 4521 359 4583 it
381 4541 399 4582 a
421 4513 458 4585 [l
472 4515 507 4586 [l
529 4522 559 4584 in
584 4526 610 4595 00
633 4521 684 4582 vel
699 4524 738 4599 ό,
761 4521 884 4585 libratio
906 4524 941 4585 fit
960 4541 1016 4604 per
1037 4524 1107 4586 AD.
1153 4523 1204 4587 Sit
1223 4523 1250 4595 )
1275 4523 1349 4594 ἰιιο0
1373 4539 1441 4584 cum
1463 4520 1547 4596 Sole,
1571 4523 1636 4586 erit

212 4617 215 4624 '
282 4617 416 4674 centrum
440 4610 599 4674 eceentrioi
614 4610 645 4672 in
660 4610 696 4686 E,
719 4611 807 4674 Luna
821 4612 995 4691 egrediente
1009 4612 1041 4674 in
1056 4605 1100 4688 [l,
1124 4612 1182 4674 erit
1203 4612 1234 4673 in
1249 4613 1289 4686 A,
1313 4611 1368 4673 sed
1384 4611 1472 4672 Luna
1489 4611 1633 4675 veniente

282 4699 312 4762 in
337 4699 373 4776 0,
398 4700 457 4763 erit
479 4707 614 4763 centrum
636 4699 797 4763 eceentrici
819 4699 850 4762 in
872 4702 912 4765 D.
957 4702 1183 4766 Dimensionem
1206 4701 1338 4763 nondum
1359 4718 1483 4780 possum
1506 4699 1631 4764 addere.

282 4791 353 4852 Non
369 4796 532 4874 esttamen
554 4795 652 4865 mnia,
673 4796 709 4851 ut
722 4796 821 4852 totum
843 4790 1032 4872 aequationis
1054 4789 1203 4853 maximae
1218 4789 1250 4852 in
1265 4789 1456 4871 quadraturis
1471 4809 1632 4854 excessum

283 4877 464 4951 absorbeat,
494 4897 550 4940 nec
574 4878 653 4940 enim
681 4877 838 4943 ultra18‘
871 4878 962 4943 debet
991 4879 1111 4942 inferre.
1157 4881 1232 4943 Hoc.
1246 4879 1334 4942 modo
1357 4881 1391 4940 lit
1412 4879 1511 4942 oralia
1530 4882 1633 4962 ligura
