3517 5525
259 363 325 434 eet
451 425 454 430 ,
734 365 774 419 us
792 365 900 418 uocum
923 325 1122 417 ssrrrs‘uea·

256 547 333 610 lucis
356 544 558 610 illustratione
581 543 737 610 confundit
759 551 790 606 et
819 543 943 608 tertium
964 543 1116 625 quippiam
1138 543 1236 606 efficit
1281 543 1331 606 Ita
1356 541 1453 604 virtus
1479 557 1607 603 movens

256 637 288 700 in
310 655 395 698 mora
417 655 477 698 nou
499 642 556 709 est,
580 634 651 716 quin
673 634 813 715 planetae
836 640 925 696 tanta
940 633 1082 695 celeritas
1095 631 1218 706 existat,
1240 637 1386 714 quantam
1406 631 1475 712 ipsa
1496 629 1604 692 babet:

257 731 291 786 et
312 745 371 788 non
393 717 460 786 ideo
483 731 571 786 tanta
595 730 643 785 est
665 723 804 804 planetae
827 723 978 798 celeritas,
1001 729 1186 802 repugnante
1209 721 1260 784 vel
1280 719 1476 794 intermedio,
1499 737 1606 799 nempe

257 833 348 876 aurae
364 814 524 876 aethereae
540 813 667 876 materia
682 813 890 895 qualicunque,
908 811 958 874 vel
975 810 1175 891 dispositione
1197 809 1317 872 mobilis
1340 809 1437 890 ipsius
1459 808 1501 870 ad
1518 807 1607 890 quiea

257 909 319 964 tem
342 903 410 978 (alii
424 903 567 977 dicerent,
591 903 731 983 pondere,
748 921 802 982 ‘me
825 922 886 964 non
909 900 1086 981 simpliciter
1106 901 1264 981 probante,
1286 898 1460 980 nequidem
1478 915 1546 960 aum
1567 896 1607 957 de

258 995 352 1055 Terra
375 991 507 1072 agitur);
542 1010 666 1073 quarum
688 1010 787 1054 rerum
817 990 1090 1072 contemperatione
1114 1009 1181 1053 cum
1209 988 1345 1052 metricis
1368 986 1492 1052 virtutis
1513 984 1606 1050 moli·

258 1081 389 1146 tionibus
412 1081 537 1145 efficitur
559 1080 744 1166 periodicum
764 1081 907 1166 planetae
930 1088 1057 1165 tempus.

841 1311 1027 1328 mv

764 1493 885 1594 Caput
921 1478 1103 1566 XXXIV.

413 1653 534 1737 Corpus
557 1649 645 1715 Solia
667 1673 733 1716 esec
753 1653 973 1735 mopmtieum,
996 1657 1027 1714 et
1046 1651 1083 1714 irs
1103 1668 1161 1714 arro
1183 1647 1288 1732 spatio
1312 1648 1456 1731 cerream.

350 1795 397 1858 De
413 1794 467 1858 illa
489 1794 589 1876 itaque
605 1795 716 1857 virtute
730 1795 870 1871 diximus,
894 1813 969 1876 quae
986 1813 1112 1874 corpora
1133 1792 1323 1875 planetarum
1336 1791 1471 1873 proxime
1485 1787 1612 1870 attingit

264 1883 792 1968 ettrsbittquomodoccmparata,
816 1884 963 1966 quomodo
986 1883 1044 1946 luci
1067 1890 1197 1964 cognata
1220 1881 1270 1956 sit,
1293 1879 1419 1962 etquid
1441 1879 1531 1942 sitm
1554 1897 1610 1940 ιιι

264 1992 331 2036 esse
354 1974 570 2056 metaphysico.
616 1975 771 2055 Sequitur,
794 1985 828 2036 ut
851 1973 948 2036 indice
971 1973 1028 2036 hac
1051 1973 1199 2034 defluente
1223 1971 1322 2051 specie
1344 1973 1413 2044 (ceu
1436 1967 1611 2049 archetypo,

263 2061 439 2142 imagine)'
431 2082 529 2141 upsam
544 2063 634 2126 etiam
657 2063 740 2145 penit
740 2064 833 2127 iorem
856 2062 950 2125 fontis
965 2070 1105 2126 naturam
1122 2060 1363 2140 contemplemur.
1401 2057 1509 2122 Videri
1523 2077 1613 2120 nam-

264 2170 321 2232 que
354 2152 459 2230 possit,
493 2153 523 2213 in
554 2171 678 2233 corpore
701 2151 785 2214 Solis
800 2153 885 2215 latit
872 2159 938 2214 tare
965 2152 1102 2216 divinum
1133 2145 1286 2232 quippiam
1316 2156 1348 2211 et
1379 2146 1613 2229 comparandum
1642 2153 1649 2164 “

267 2240 383 2302 animae
406 2248 544 2314 nostrae,
577 2260 614 2302 ex
643 2261 701 2321 quo
725 2242 825 2304 effluat
854 2241 970 2324 species
993 2242 1054 2304 ista
1082 2241 1222 2322 planetas
1244 2239 1464 2318 circumagens,
1495 2234 1541 2298 uti
1573 2252 1614 2296 cx

266 2328 366 2389 anima
380 2327 549 2408 jaculantis
581 2330 702 2410 lapillos
727 2331 843 2412 speeies
866 2338 966 2392 motus
988 2331 1020 2393 in
1041 2330 1156 2411 lapillis
1179 2329 1385 2402 adhaerescit,
1417 2347 1478 2408 qua
1498 2343 1612 2405 prore·
1702 2358 1705 2362 -

265 2418 375 2480 huntur
398 2416 459 2493 illi,
492 2418 582 2480 etiarn
611 2439 676 2481 cum
706 2421 756 2500 qui
783 2420 937 2500 jaculatus
965 2419 1014 2480 est
1045 2438 1164 2481 manum
1186 2418 1225 2480 ab
1255 2416 1319 2478 illis
1340 2415 1470 2478 reduxit.
1515 2413 1614 2494 Atqui

202 2505 205 2514 ’
266 2506 365 2568 sobrie
388 2507 647 2586 progredientibus
670 2509 759 2590 paulo
783 2510 861 2572 aliae
886 2508 1087 2589 cogitationes
1111 2507 1389 2588 suppeditabuntur.
1434 2504 1515 2568 Nam
1541 2502 1614 2584 qnia

265 2595 362 2657 virtus
385 2594 440 2655 illa
463 2615 500 2656 ex
515 2596 586 2658 Sole
610 2597 647 2658 ad
671 2598 811 2679 planetas
835 2605 1014 2678 exporrecta
1035 2598 1066 2662 in
1088 2615 1194 2679 gyrum
1215 2596 1287 2658 illos
1308 2601 1413 2657 movet
1432 2593 1514 2656 circa
1528 2591 1613 2655 Solis

266 2701 375 2765 eorpus
398 2683 675 2767 intransportabile,
698 2687 763 2749 fieri
785 2687 816 2749 id
839 2695 894 2749 aut
914 2687 1097 2768 cogitatione
1112 2684 1324 2769 comprehendi
1345 2681 1428 2746 nullo
1443 2682 1503 2744 alio
1521 2681 1612 2742 modo

264 2780 377 2854 potest,
401 2792 489 2854 quam
512 2776 582 2849 hoc,
611 2783 646 2837 ut
667 2776 762 2841 virtus
786 2779 912 2842 candem
934 2778 1015 2839 viam
1038 2786 1101 2852 eat,
1129 2794 1218 2858 quam
1240 2775 1319 2837 alios
1342 2774 1485 2854 planetas
1508 2788 1613 2834 omnes

268 2862 394 2943 abripit:
426 2864 504 2944 quod
529 2872 560 2925 ιι
582 2865 612 2927 iu
634 2865 766 2929 ballistis
790 2876 821 2929 et
844 2865 980 2931 omnibus
1002 2867 1133 2929 motibus
1155 2864 1297 2927 violentis
1320 2870 1467 2942 exparte
1489 2879 1613 2923 cernere

268 2958 325 3013 est.
373 2950 439 3023 Quo
469 2961 559 3033 paeto
582 2955 846 3019 Fracastorius
874 2956 985 3037 aliique
1008 2976 1047 3018 ex
1073 2956 1171 3018 relatu
1192 2954 1418 3035 Aegyptiorum
1438 2948 1615 3013 vetustissi-
1735 2974 1739 2981 ’

267 3059 380 3103 unorum
403 3041 581 3107 verisimilia
604 3044 683 3105 haud
699 3044 839 3120 dixerint,
862 3047 928 3108 fore
949 3054 984 3109 ut
1004 3045 1194 3127 planetarum
1212 3042 1314 3123 aliqui,
1338 3041 1444 3103 orbitis
1465 3038 1616 3121 paulatim

266 3129 347 3192 ultra
359 3128 458 3231 'polos
480 3132 581 3193 mundi
605 3132 746 3211 deflexis,
778 3135 859 3197 viam
891 3143 1001 3215 postea
1029 3141 1101 3195 cant
1123 3132 1232 3196 ceteris
1256 3139 1287 3193 et
1311 3130 1454 3193 moderno
1481 3130 1615 3210 ipsorum

268 3218 367 3281 cursui
383 3220 572 3283 contrariam.
611 3221 691 3293 Quin
713 3224 813 3305 potius
835 3224 951 3286 illam
943 3245 973 3286 m
995 3225 1117 3305 plagam
1139 3224 1273 3283 fcmntur
1286 3238 1415 3301 corpora
1426 3219 1617 3300 planetarum

267 3316 421 3390 perpetuo,
444 3310 475 3373 in
499 3329 587 3391 quam
610 3311 705 3374 virtus
728 3314 789 3375 ista
812 3332 850 3374 ex
872 3313 944 3377 Sole
967 3332 1110 3375 emanans
1131 3310 1294 3373 contendit.

358 3397 434 3462 Cum
457 3406 557 3461 autem
580 3400 696 3479 species
718 3401 794 3463 haec
816 3401 1018 3464 immateriata
1040 3401 1096 3477 sit,
1123 3400 1188 3463 sine
1209 3398 1356 3479 temporis
1376 3399 1463 3460 mor'a
1483 3414 1522 3457 ιιι
1544 3415 1615 3460 cor-

268 3505 339 3568 pore
364 3506 417 3549 suo
440 3488 471 3548 in
493 3488 570 3549 hauc
585 3489 761 3551 distantiam
785 3509 918 3571 egressa,
943 3499 973 3554 et
995 3490 1056 3553 luci
1077 3506 1131 3572 per
1146 3488 1244 3552 omnia
1266 3487 1383 3569 reliqua
1405 3486 1530 3561 similis,
1554 3505 1615 3548 non

268 3584 387 3639 tantum
408 3594 532 3639 necesse
556 3583 604 3639 est
626 3596 664 3641 ex
685 3572 794 3641 natura
817 3580 946 3660 speciei,
974 3581 1030 3643 sed
1052 3580 1144 3642 etiam
1164 3596 1219 3660 per
1241 3597 1274 3640 ae
1297 3574 1452 3657 probabile
1475 3574 1513 3637 ob
1535 3575 1617 3639 banc

269 3665 478 3747 cognationem
492 3684 559 3728 cum
582 3666 658 3742 luce,
681 3676 793 3730 uteum
808 3670 942 3750 corporis
965 3688 1018 3732 seu
1042 3670 1135 3732 sontis
1158 3669 1205 3731 sui
1226 3665 1384 3748 particulis
1399 3664 1461 3727 ιι
1453 3684 1520 3745 rpsa
1533 3665 1616 3727 divi-

268 3756 365 3831 datur,
390 3763 421 3817 et
439 3773 529 3835 quam
550 3754 581 3816 in
603 3756 725 3836 plagam
739 3758 841 3821 mundi
862 3758 963 3839 vergit
976 3779 1035 3821 una
1052 3758 1154 3839 aliqua
1175 3756 1324 3839 particula
1338 3754 1473 3835 corporis
1486 3753 1615 3829 Solaria,

267 3846 298 3907 iu
316 3845 440 3906 eandem
459 3842 580 3923 plagam
602 3852 745 3926 perpetuo
761 3855 868 3928 vergat
886 3848 975 3909 etiam
993 3847 1142 3928 particula
1158 3845 1269 3928 speciei
1288 3842 1518 3919 immateriatae,
1537 3862 1616 3925 quae

268 3933 314 3995 illi
330 3932 495 4015 particulae
511 3933 645 4014 eorporis
660 3935 697 3996 ab
713 3934 797 3999 initio
813 3936 975 3999 creationis
989 3934 1198 4016 respondebat.
1232 3933 1301 3997 Nisi
1314 3934 1371 3995 hoc
1385 3939 1478 4008 esset,
1497 3931 1616 4014 species

270 4042 330 4085 nou
353 4029 444 4097 esset,
468 4040 523 4084 nec
545 4024 637 4084 rectis
661 4024 716 4085 sed
738 4026 836 4089 curvis
859 4025 949 4087 lineis
971 4046 992 4085 a
1014 4043 1137 4105 corpore
1160 4024 1357 4086 delaberetur.
1404 4020 1512 4104 Specie
1541 4040 1615 4102 ergo

269 4118 353 4174 mota
375 4110 534 4193 ingyrum,
558 4120 593 4174 ut
615 4131 649 4173 eo
664 4120 746 4175 motu
768 4122 880 4176 motum
898 4113 1029 4194 planetis
1052 4114 1172 4189 inierat,
1195 4130 1304 4191 corpus
1321 4110 1404 4175 Solis
1427 4130 1481 4175 seu
1502 4112 1617 4174 iontem

270 4221 330 4263 una
352 4200 464 4262 moveri
487 4220 610 4263 necesse
625 4208 687 4277 est3
712 4221 772 4265 nou
794 4202 913 4283 quidem
927 4204 964 4265 de
987 4203 1086 4283 spatio
1099 4203 1131 4265 in
1154 4201 1285 4283 spatium
1305 4198 1422 4264 muudi:
1446 4197 1510 4266 diui
1524 4201 1615 4278 enim,

269 4308 318 4353 me
341 4288 372 4351 id
395 4307 502 4369 corpus
526 4289 609 4353 Solis
633 4309 698 4353 cum
722 4289 891 4373 Ooperuico
920 4292 952 4355 in
975 4300 1077 4355 centro
1100 4291 1203 4355 mnndi
1224 4291 1410 4372 relinquere:
1441 4291 1498 4353 sed
1525 4307 1617 4371 super

271 4400 325 4443 suo
349 4384 452 4441 centro
476 4397 528 4441 seu
552 4399 608 4442 axe
631 4380 848 4455 immobilibus,
872 4381 1011 4462 partibus
1034 4381 1099 4462 ejus
1122 4382 1159 4443 de
1182 4379 1249 4442 loco
1272 4380 1302 4443 in
1325 4380 1424 4443 locum
1441 4380 1489 4453 (in
1510 4379 1617 4443 eodem

271 4477 372 4531 tamen
394 4466 493 4547 spatio
516 4474 581 4531 toto
604 4488 728 4551 corpore
751 4473 905 4545 manente)
928 4470 1162 4533 transeuntibus.

359 4558 403 4623 Ut
419 4555 467 4617 vis
485 4559 652 4636 argumenti
666 4580 686 4620 a
702 4559 792 4641 simili
810 4566 895 4623 tauto
914 4560 956 4622 sit
969 4560 1144 4635 evidentior,
1167 4557 1341 4623 meminisse
1359 4565 1390 4619 te
1404 4558 1494 4621 velim
1509 4558 1617 4634 lector,

164 4640 171 4654 '
271 4647 349 4731 quod
372 4646 402 4709 in
419 4644 538 4726 Opticis
553 4647 594 4708 sit
615 4648 862 4723 demonstratum,
884 4649 1030 4712 visionem
1051 4648 1115 4710 fieri
1136 4667 1191 4731 per
1208 4646 1428 4709 emanationem
1449 4646 1617 4711 lucularum

271 4733 517 4818 asuperliciebus
539 4735 584 4797 rei
606 4734 690 4799 visae
713 4736 744 4799 in
767 4736 894 4801 oculum.
931 4738 1026 4817 Finge
1049 4756 1122 4818 ergo
1138 4744 1289 4799 oratorem
1303 4735 1440 4817 aliquem
1461 4737 1617 4818 inmagno

273 4833 359 4888 coetu
382 4824 533 4887 hominum
556 4843 624 4887 sese
646 4825 678 4887 iu
697 4824 797 4888 orbern
815 4826 1006 4906 cingentium,
1029 4826 1138 4891 faciem
1153 4845 1239 4888 suam
1261 4842 1314 4888 seu
1337 4846 1517 4908 unacorpus
1540 4846 1618 4889 con·

272 4924 390 4977 vertere
413 4912 515 4976 semel.
563 4911 679 4987 Quibus
712 4934 782 4995 ergo
814 4914 985 4979 auditorum
1012 4916 1115 4978 oculos
1148 4934 1220 5002 suos
1248 4916 1337 4979 offert
1361 4916 1484 4993 obvios,
1516 4916 1563 4980 illi
1585 4923 1619 4978 et
