3517 5525
566 350 1159 443 decomhrhadamotuatellaaddrrtia
1257 408 1261 417 ’

179 568 302 625 restant
337 562 436 636 m,
463 559 565 638 KPE,
594 583 687 645 quare
722 574 755 629 et
793 566 931 629 residuus
966 566 1058 643 EKF,

180 660 217 713 et
238 660 274 715 51
298 657 373 724 (sin)
389 650 474 715 EKF
495 652 535 715 ad
564 652 619 717 Er
641 654 685 717 sic
710 660 782 726 (ain.)
808 654 893 717 KEF
924 657 964 719 ed
992 657 1057 721 ΚΡ.

179 739 254 803 Jam
291 742 322 805 iu
368 742 455 805 ΚΕΛ
504 739 594 805 datm
630 743 717 805 ΚΕΛ
759 763 797 805 ex
846 745 1058 809 observatione

180 837 217 892 51
246 830 318 906 lto,
345 832 402 895 ΡΑ
428 830 541 907 latere,
570 850 662 913 quare
684 833 772 895 KAF
792 834 921 913 augum
943 845 975 898 et
997 835 1058 897 ΚΑ

179 918 331 982 1115155115
366 927 392 991 d
429 916 480 998 Θ.
536 919 639 984 Seitur
674 923 862 989 551555,Δῖ
893 924 948 987 551)
979 924 1057 1001 huia,

179 1026 277 1090 qnare
299 1015 333 1072 et
352 1008 423 1073 ΑΚ.

275 1096 404 1171 Quaeris
427 1097 520 1160 etde
543 1098 675 1162 utilitate
689 1097 794 1163 EGF:
819 1098 890 1181 quia
912 1100 977 1163 5155
1000 1102 1057 1164 boc

178 1204 245 1249 nou
278 1204 400 1269 possum
437 1188 570 1250 invenire
603 1185 643 1267 Q
678 1188 954 1265 eccentricitatem,
988 1190 1058 1271 quia

181 1295 224 1338 au
271 1277 292 1339 11
313 1278 345 1341 A
367 1295 427 1340 non
454 1284 539 1339 stam
560 1276 591 1339 iu
614 1286 732 1355 centro,
759 1279 813 1341 sed
841 1278 949 1360 duplus
971 1276 1057 1343 EGF

181 1373 235 1428 sta
256 1366 283 1429 it
304 1365 335 1429 in
358 1375 472 1442 centro,
495 1365 583 1446 hujus
606 1366 697 1447 igitur
724 1366 821 1430 centri
847 1368 996 1431 distantia
1017 1370 1055 1429 ab
1175 1407 1178 1436 ;

180 1455 215 1518 Δ
252 1463 304 1518 551
341 1455 522 1537 quaerenda
568 1456 649 1519 Nam
685 1457 780 1519 centri
816 1458 976 1521 ecceutrici
1014 1454 1053 1535 Q

176 1544 294 1626 positio
316 1564 375 1608 non
398 1545 488 1607 datur
508 1543 573 1607 ulla
593 1546 655 1608 alia
676 1546 805 1609 ratione.

272 1630 592 1699 nonensem
623 1636 772 1716 qnaeris„
797 1631 880 1697 EGF
911 1642 959 1697 551
992 1634 1099 1715 duplus
1129 1636 1215 1703 EGF
1244 1640 1532 1719 circumferentialia,

179 1724 258 1805 quia
269 1722 353 1787 EOF
373 1724 404 1786 in
427 1733 541 1786 cantro.
576 1722 620 1786 Et
642 1722 790 1807 quiaEO,
811 1723 863 1788 OF
889 1742 977 1787 crura
999 1727 1146 1805 aequalia,
1171 1746 1209 1789 ex
1232 1730 1437 1796 subtractione
1450 1729 1531 1795 EGF

179 1833 203 1875 a
225 1813 345 1876 duobus
368 1812 461 1877 rectia
484 1820 516 1875 51
537 1812 650 1877 residui
677 1813 843 1875 bisentium
874 1812 1001 1875 hahetur
1023 1812 1051 1875 Ε
1073 1816 1121 1879 vel
1143 1818 1179 1879 F.
1226 1818 1293 1881 Non
1317 1819 1361 1881 sic
1384 1820 1414 1883 15
1437 1820 1532 1897 ΕΑΡ,

180 1902 259 1983 quia
279 1902 348 1978 EA,
371 1902 428 1965 AF
450 1909 602 1965 nunaunt
625 1902 765 1983 aequalia
788 1920 888 1977 crura,
916 1902 1067 1969 residuum
1096 1904 1188 1985 igitur
1211 1925 1268 1972 oon
1292 1915 1395 1989 potest
1417 1926 1530 1990 aequa-

180 1991 259 2055 liter
279 1991 421 2055 biaecari.
466 1990 551 2054 Haec
574 1999 646 2055 aunt
667 2000 742 2054 nota
764 2010 802 2053 ex
831 1990 890 2053 levi
920 1991 1089 2071 cognitione
1121 1994 1336 2075 triangulorum
1366 1998 1530 2061 doctrinae.

272 2080 348 2144 Tres
379 2080 552 2163 paraliaxes
585 2086 1066 2156 (emmeramensem.)
1099 2083 1227 2147 adhibeo
1257 2104 1311 2167 pro
1343 2086 1533 2167 inquisitione

177 2169 431 2247 eecentricitatis,
454 2178 487 2234 et
509 2170 628 2250 quidem
649 2178 713 2232 tres
736 2170 936 2233 5515551155
960 2172 1180 2255 acrouyehiom,
1203 2182 1237 2236 ut
1255 2174 1402 2238 extribus
1415 2177 1534 2257 punctis

177 2259 312 2323 circulum
334 2260 491 2335 habeatur,
515 2260 598 2340 eujus
622 2268 671 2321 est
692 2258 903 2321 ecceutricitas
917 2264 1099 2342 quaerenda.
1133 2261 1269 2335 (Quarta
1284 2273 1332 2326 est
1349 2264 1533 2344 probationis

176 2349 252 2411 hoco
273 2355 306 2412 et
328 2349 367 2411 ob
389 2348 533 2429 majorem
556 2347 792 2423 certitudinem.)
837 2348 910 2411 Tria
930 2360 1043 2431 puncta
1065 2360 1180 2433 ponunt
1203 2360 1352 2430 centrum,
1386 2353 1443 2416 duo
1472 2373 1532 2417 uon

177 2445 299 2519 ponunt
320 2445 442 2501 certum.

273 2524 309 2591 Si
330 2527 422 2591 situm
445 2524 794 2609 acronycbiumeumam
816 2534 849 2591 et
870 2546 961 2589 unam
983 2528 1170 2609 pareliano,
1204 2530 1293 2593 datur
1325 2530 1444 2613 quidem
1465 2531 1533 2595 iude

178 2616 334 2690 distantia
356 2613 397 2695 Q
421 2636 441 2678 a
462 2617 570 2691 Tarra,
605 2615 660 2677 sed
689 2614 719 2677 in
745 2636 805 2680 uuo
828 2624 946 2679 tautum
969 2615 1044 2681 ioco.
1090 2618 1171 2683 Nam
1193 2621 1390 2701 acrouyebius
1422 2618 1533 2685 nullam

177 2706 237 2770 dat
260 2705 437 2778 distantiam
460 2702 502 2784 Θ
526 2713 559 2767 51
581 2706 617 2782 ὅ,
642 2705 713 2788 quia
734 2706 817 2770 uuila
837 2706 1004 2788 pareilaxis
1026 2707 1231 2788 longitudinis.
1273 2707 1308 2772 Si
1330 2710 1406 2774 duas
1428 2711 1532 2792 paral-0

179 2796 272 2859 laxea
294 2815 409 2872 aumas,
441 2797 551 2858 dautur
576 2795 697 2875 quidem
720 2796 797 2859 duae
820 2796 985 2858 distantiae
1010 2805 1041 2858 51
1062 2815 1117 2878 per
1139 2799 1300 2862 distantias
1324 2799 1532 2864 occentricitas

181 2882 236 2964 Θ,
260 2886 315 2949 sed
336 2904 391 2966 per
413 2883 650 2966 suppositionem
672 2883 731 2948 loci
753 2884 882 2965 apogaei
905 2883 945 2963 Q
969 2887 1199 2967 praecedentem
1206 2908 1216 2963 ;
1239 2889 1357 2971 quaudo
1380 2889 1533 2954 ueretris

183 2983 342 3038 smnuntur
363 2977 440 3049 1555,
465 2991 632 3054 apogaeum
653 2993 713 3036 uua
736 2974 966 3037 demonstratur.

272 3062 413 3126 Omnium
433 3081 511 3145 quae
534 3062 680 3125 hacteuus
703 3082 741 3125 ex
763 3081 821 3144 quo
844 3063 1003 3126 scribimus
1026 3061 1173 3145 objecisti,
1198 3067 1474 3132 artificiosissimum
1497 3073 1530 3134 et

177 3151 454 3234 ingeniosissimum
476 3157 525 3215 ast
545 3152 583 3214 de
602 3151 682 3214 ovali
695 3152 791 3232 figura
805 3151 887 3215 orbis
900 3151 993 3215 Solis.
1036 3150 1123 3224 Quod
1138 3153 1229 3234 igitur
1243 3159 1390 3221 calculum
1406 3158 1529 3235 5111551,

179 3251 349 3323 praecepta
371 3257 444 3306 saue
467 3242 513 3306 sic
535 3247 607 3304 sunt
630 3249 821 3321 comparata,
848 3249 883 3304 51
912 3241 1029 3303 evalem
1056 3241 1187 3306 eliciant.
1233 3244 1295 3308 Sed
1319 3248 1397 3328 quod
1420 3247 1531 3312 attinet

180 3332 419 3395 exstructionem
449 3331 667 3414 hypotheseos,
701 3331 799 3393 fateor
829 3349 877 3393 me
908 3331 1178 3411 praesupposuisse
1208 3333 1378 3419 circulum,¹
1394 3343 1429 3399 51
1457 3335 1531 3400 nihil

182 3419 369 3484 sensibiliter
389 3421 528 3502 peccavi,
559 3419 631 3499 quia
652 3418 836 3482 insensibilia
858 3420 894 3482 111
915 3419 963 3483 hic
986 3421 1140 3502 ingressus
1163 3421 1202 3484 ad
1225 3423 1322 3486 latera
1345 3425 1383 3488 ob
1405 3443 1530 3506 parvam

181 3510 442 3576 eccentricitatem
465 3506 517 3587 Q.
563 3507 783 3572 Eccentricitas
810 3509 948 3572 estsere
977 3509 1043 3572 loco
1071 3509 1168 3573 medio
1196 3513 1428 3595 proportionalis
1450 3515 1530 3578 inter

181 3599 302 3663 radium
324 3607 356 3662 et
377 3599 566 3662 latitudinem
594 3598 713 3660 1555155
735 3598 816 3662 circa
845 3600 972 3662 evalem.
1019 3596 1053 3662 Si
1086 3597 1215 3665 100000
1244 3603 1298 3665 dat
1327 3599 1427 3680 1800,
1460 3603 1530 3685 qaid

187 3681 545 3771 18501555551320,
574 3687 610 3748 de
637 3685 978 3770 incondemnatus
1005 3688 1165 3753 millesima
1192 3693 1350 3773 particula.
1397 3691 1445 3757 Sit
1463 3694 1528 3774 jam

183 3778 335 3840 distantia
357 3786 382 3848 ο·
406 3774 446 3855 Q
473 3774 654 3839 brevissima
685 3773 829 3852 13854ος
859 3778 934 3840 haec
960 3797 1068 3841 secans
1099 3789 1146 3842 551
1168 3781 1269 3862 anguli
1291 3778 1354 3846 43ο
1374 3779 1430 3846 47’
1452 3777 1528 3848 45”.

184 3868 232 3930 Ut
273 3876 373 3932 autem
416 3861 545 3930 100000
575 3865 614 3928 ad
646 3862 775 3930 138540
812 3866 857 3929 515
896 3859 1062 3951 10003211,
1099 3868 1139 3932 ad
1172 3867 1314 3945 138585,
1355 3881 1531 3938 accrescunt

103 4015 107 4019 ,
183 3951 241 4029 45,
263 3975 341 4038 quae
362 3955 453 4038 paulo
474 3955 542 4039 plus
572 3951 602 4016 1‘
631 3955 816 4018 subtenduut
841 3963 873 4018 ot
900 3955 1018 4037 quidem
1046 3967 1116 4020 tunc
1138 3959 1248 4034 solum,
1275 3978 1342 4024 cnm
1368 3969 1402 4025 51
1428 3959 1469 4040 Q
1497 3961 1529 4026 iu

182 4045 370 4126 longitndine
392 4043 491 4108 media
513 4044 644 4107 55555111
667 4053 698 4107 51
720 4044 791 4114 din
812 4044 953 4126 perigseo
967 4053 999 4108 et
1012 4047 1292 4129 proathaphaeresis
1315 4058 1365 4113 551
1385 4049 1526 4114 mamma.

183 4135 233 4197 At
252 4133 321 4216 pius
345 4133 375 4198 1¹
398 4141 516 4197 erratur
538 4130 569 4194 in
592 4133 863 4198 observationibus.

274 4225 310 4288 Iu
332 4223 413 4289 oveii
434 4221 610 4303 compendia
631 4225 727 4286 multe
743 4220 850 4299 habeo,
874 4241 951 4306 quae
969 4241 1060 4306 propo
1078 4242 1180 4290 vorum
1193 4226 1316 4292 veniunt
1329 4229 1368 4292 ad
1382 4227 1414 4294 8⁴
1429 4233 1461 4293 51
1479 4225 1528 4306 6⁴3

185 4331 265 4394 quae
295 4313 416 4394 penitus
447 4329 570 4394 scopum
600 4313 766 4394 attingeret
796 4312 873 4376 ratio
907 4333 926 4376 a
957 4332 1005 4376 me
1037 4316 1167 4380 nondum
1196 4324 1245 4380 est
1273 4317 1405 4384 inventa.
1452 4317 1529 4385 Utor

183 4402 304 4468 interea
324 4401 437 4466 vicaria
438 4448 512 4468 .....

275 4491 443 4555 Biaeetio
474 4489 779 4554 eccentricitatis
802 4497 828 4562 d
850 4491 895 4553 sic
916 4489 1064 4555 habetur:
1096 4493 1191 4575 primo
1214 4494 1328 4561 vicarie
1350 4495 1526 4581 hypothesis

185 4581 321 4645 ostendit
343 4581 553 4662 aequationem
568 4579 737 4656 maximam,
760 4581 985 4663 sequentisque,
1010 4580 1066 4662 hoc
1084 4589 1134 4645 est
1152 4589 1249 4648 totam
1272 4587 1526 4650 occentricitatem

183 4671 330 4751 proxime.
376 4670 490 4734 Postea
518 4668 568 4732 ubi
600 4669 662 4732 ΑΚ
690 4669 836 4750 superiori
857 4669 998 4739 methodo
1021 4682 1055 4732 et
1075 4672 1107 4734 in
1134 4671 1251 4754 aphalio
1276 4675 1359 4738 5115
1381 4675 1526 4758 peribolio

183 4759 278 4823 fuerit
297 4759 450 4844 inquisita,
472 4757 610 4842 jungitur
631 4766 757 4840 utraque
780 4766 814 4822 51
827 4759 984 4824 dimidium¹
1001 4779 1134 4824 summae
1156 4772 1346 4847 comparatur
1368 4783 1434 4828 cum
1457 4765 1523 4828 eia-

182 4848 296 4913 mentia
305 4868 317 4927 3
337 4850 407 4934 hine
424 4849 530 4913 existit
542 4865 615 4912 vera
632 4847 841 4913 aecentricitaa
863 4849 1068 4932 inveniturqua
1082 4851 1178 4916 minor
1190 4853 1279 4934 paulo
1293 4871 1382 4935 quam
1400 4852 1526 4922 dimidia

181 4932 313 5026 prioris.¹
342 4940 508 5024 Utrumque
529 4945 638 5021 postca
655 4937 875 5004 demonstratur
892 4939 1063 5006 necessario
1076 4941 1151 5018 fieri,
1174 4940 1338 5025 siquidem
1361 4942 1548 5015 distantiae·
