3517 5525
251 385 316 456 334
732 385 772 438 Da
789 385 899 439 Motibus
916 385 1010 440 Stellas
1026 385 1115 440 uaros

249 570 315 651 Jam
337 583 404 649 sap.
426 564 512 630 XLI.
536 583 590 628 ιιι
613 563 650 626 de
674 583 709 628 eo
737 565 831 646 jussit
854 565 1002 631 dubitare.
1042 565 1145 639 Quare
1166 565 1197 628 in
1217 563 1368 629 anomalia
1388 562 1521 628 ιιιιιιιί
1537 559 1600 628 900

180 685 183 690 ·
252 655 476 731 aocentricitas,
499 653 598 734 capite
617 653 716 716 XLII.
741 655 864 718 iuventa
880 653 978 730 9264,
1001 657 1059 720 erit
1077 665 1217 738 tangens,
1241 675 1318 737 qnae
1332 655 1600 733 ostandetpartam

254 745 443 828 aequatiouis
466 743 597 826 opticam
620 736 658 806 50
684 742 734 808 170
759 741 833 808 3400.
884 745 927 808 Ει
953 746 1024 826 quia
1045 746 1076 808 in
1099 745 1250 808 anomalia
1276 743 1408 808 eccentri
1438 737 1501 807 900
1526 761 1600 804 area

252 835 396 915 trianguli
422 841 469 896 est
483 832 667 913 rectangula,
692 834 780 897 ducto
799 834 892 916 igitur
905 835 989 899 radio
1003 836 1033 896 in
1047 835 1201 898 dimidium
1214 833 1461 908 eccentricitatis,
1480 831 1600 894 scilicet

252 922 349 1000 4632,
367 923 507 1005 provenit
516 941 588 984 area
601 922 744 1004 trianguli
755 920 962 990 463200000.
991 926 1035 988 Ut
1047 933 1148 988 autem
1162 943 1235 988 area
1244 923 1345 986 circuli
1357 914 1599 987 31415926536

253 1015 292 1078 ad
315 1009 397 1077 360⁰
420 1013 483 1075 sive
510 1007 692 1084 1296011000,
716 1013 759 1074 sic
782 1013 856 1075 haec
874 1013 939 1094 jam
957 1014 1086 1077 iuventa
1109 1033 1182 1076 area
1199 1008 1398 1077 463200000
1412 1011 1452 1073 ad
1470 1007 1600 1075 1910800

252 1124 306 1168 ιιι
326 1099 364 1167 50
383 1099 433 1166 180
452 1099 517 1165 2800
530 1108 647 1180 partem
663 1101 850 1184 aequationie
865 1103 1029 1183 physicam.
1053 1104 1159 1184 Itaque
1171 1111 1236 1164 tota
1246 1102 1386 1182 aequatio
1403 1094 1462 1164 100
1476 1095 1531 1164 360
1545 1096 1598 1174 200,

253 1201 287 1258 ιι
317 1194 363 1256 ita
385 1191 551 1255 anomaliae
575 1190 691 1254 mediae
720 1188 780 1255 950
806 1190 856 1255 180
880 1190 1150 1272 280οἰιιιιιιιιιι
1171 1199 1340 1271 coaequata
1361 1185 1423 1254 840
1444 1186 1498 1253 420
1521 1183 1597 1271 2800.

252 1283 298 1348 At
320 1282 481 1346 secundum
503 1279 676 1342 methodum
699 1280 807 1363 capitis
830 1280 949 1346 XVIII.
972 1281 1087 1346 vicaria
1109 1280 1299 1364 hypothesis,
1323 1288 1373 1345 sat
1394 1279 1456 1342 lida
1477 1279 1508 1340 in
1531 1279 1599 1341 lon-

254 1372 404 1454 gitudine,
436 1368 572 1442 ostendit
601 1369 701 1442 nobis,
734 1373 813 1450 quod
843 1371 941 1434 eidem
968 1371 1136 1434 anomaliae
1159 1371 1276 1433 mediae
1299 1365 1360 1433 950
1386 1365 1436 1432 180
1459 1363 1524 1432 2800
1547 1385 1599 1429 re·

255 1461 403 1544 spondere
425 1461 537 1522 debeat
559 1465 727 1539 coaequata
748 1456 809 1524 840
832 1459 887 1524 420
909 1459 960 1524 200.
1006 1460 1186 1565 Differentia
1207 1457 1283 1524 2400.

347 1549 491 1613 Sumatur
518 1549 584 1630 jam
614 1549 764 1612 anomalia
787 1551 917 1614 eocentri
944 1551 1041 1612 nostri
1063 1544 1125 1612 450
1145 1557 1179 1611 ec
1203 1547 1292 1614 1350.
1336 1547 1380 1609 Ει
1400 1553 1435 1644 ιιι
1456 1552 1540 1608 ιοιιι
1562 1545 1603 1606 ad

258 1640 342 1704 einos
372 1639 476 1702 horum
503 1637 691 1718 angulorum,
730 1639 775 1700 ita
807 1661 878 1704 area
910 1636 1038 1703 1910800
1063 1637 1184 1701 maximi
1207 1635 1348 1717 trianguli
1372 1633 1539 1718 aequatorIi
1561 1635 1603 1696 ad

142 1797 145 1804 ,
256 1747 356 1792 aream
388 1729 476 1808 hujus
508 1727 567 1789 loci
607 1723 736 1790 1351200
768 1729 831 1791 sive
864 1725 904 1792 30
933 1723 987 1792 450
1023 1725 1103 1804 1200,
1141 1737 1174 1792 ιι
1206 1727 1358 1788 additione
1390 1724 1477 1805 hujus
1504 1723 1603 1805 partis

255 1815 672 1973 {eequassqnibp‘hystioqeagql
693 1817 874 1971 qqqrqzli'am
891 1818 1029 1969 {detentui
1052 1817 1274 1968 sonstitqqntur
1296 1814 1472 1965 anqrnualiaed
1484 1812 1602 1965 ubqediae

524 1925 541 1966 ι
838 1955 845 1972 .
922 1927 982 1969 ιιι
1005 1925 1076 1969 vero
1099 1926 1176 1968 cmrr
1198 1927 1233 1968 us
1256 1924 1293 1968 an
1348 1922 1430 1966 orum
1475 1923 1494 1964 a
1527 1921 1602 1977 rom,

256 1998 405 2078 prodeunt
433 1993 533 2076 auguli
570 1993 737 2058 anomaliae
770 2005 953 2078 coaequatae
985 1997 1032 2058 his
1064 1995 1170 2058 mediis
1199 1922 1356 2056 anomagllis
1384 1992 1602 2074 respondentes

256 2083 317 2152 410
330 2083 383 2150 280
398 2081 473 2162 5400,
501 2079 580 2148 1800
593 2081 646 2148 590
661 2080 726 2146 2500
737 2079 790 2162 00).
824 2087 869 2150 At
882 2105 936 2167 per
951 2086 1095 2148 vinariam
1108 2083 1300 2166 hypothesin,
1321 2091 1356 2144 ut
1370 2082 1470 2161 capite
1478 2080 1603 2144 XVIII.

260 2175 368 2258 operis,
394 2173 537 2237 assumtis
556 2172 660 2254 iisdem
676 2176 832 2238 anomaliis
848 2174 1033 2257 simplicibus
1046 2170 1108 2238 480
1130 2170 1183 2238 450
1210 2171 1271 2236 1200
1294 2179 1326 2234 et
1350 2165 1507 2234 1380450
1530 2167 1604 2244 1200,

255 2266 415 2348 prodeunt
433 2269 617 2342 coaequatae
649 2262 710 2326 illio
737 2260 798 2328 410
825 2263 879 2329 200
903 2262 985 2337 3300,
1016 2263 1113 2328 miuus
1137 2283 1225 2345 quam
1246 2281 1302 2343 per
1324 2278 1426 2323 aream
1448 2259 1603 2340 trianguli,

257 2373 398 2427 excessus
430 2350 462 2417 80
495 2349 576 2427 2100,
608 2350 656 2414 hic
688 2348 769 2416 1310
798 2353 829 2418 'l‘
852 2351 932 2431 2800,
960 2355 1029 2434 plns
1051 2371 1139 2436 qnam
1161 2371 1216 2435 per
1238 2369 1342 2414 aream
1362 2347 1522 2430 trianguli,
1546 2349 1606 2410 de·

257 2445 356 2507 fectus
379 2439 420 2506 80.
467 2441 574 2523 Itaque
597 2460 664 2504 cum
685 2449 799 2505 certum
823 2443 880 2514 sit,
914 2442 1044 2506 vicariae
1072 2449 1194 2505 nostrae
1222 2448 1341 2504 motum
1364 2456 1493 2502 errorem
1514 2435 1606 2502 tribui

257 2553 316 2597 uon
339 2550 439 2614 posse,
462 2549 587 2594 necesse
610 2530 683 2593 mihi
705 2531 762 2594 luit
777 2533 910 2608 credere,
933 2533 1010 2594 hanc
1028 2532 1177 2595 radonem
1191 2527 1340 2614 aequandi
1359 2527 1521 2591 etiamnum
1536 2545 1605 2590 csse

258 2621 474 2703 imperfectam.
520 2619 562 2683 Et
585 2619 685 2699 capite
708 2621 827 2702 quidem
849 2622 938 2686 XIX.
961 2639 1027 2684 cnm
1050 2619 1245 2684 bisentiooem
1268 2619 1299 2682 in
1323 2619 1423 2681 Marte
1445 2621 1606 2690 tantamm,

260 2719 293 2775 et
313 2729 368 2793 par
391 2708 541 2773 immobile
564 2711 883 2795 punctnmnequantis
906 2731 989 2775 more
1011 2710 1196 2774 Ptolemaioo
1226 2707 1423 2791 aequationes
1446 2711 1606 2789 compnta-

260 2821 336 2878 rem,
368 2800 493 2863 inventa
520 2804 567 2862 est
600 2798 770 2864 differentia
801 2803 882 2865 circa
912 2796 973 2866 450
994 2800 1174 2863 anomaliam
1197 2799 1325 2863 eccentri
1347 2816 1424 2879 pens
1444 2803 1549 2869 tanta,
1574 2796 1606 2858 in

261 2898 366 2975 partes
402 2896 503 2951 ιιιιιιι
536 2888 713 2953 contrarias.
769 2890 847 2954 Nam
874 2892 905 2955 in
937 2889 1081 2972 superiori
1104 2890 1270 2971 quadrante
1292 2888 1418 2969 planeta
1441 2882 1605 2966 appropin-

260 2979 373 3065 quabat
404 2978 539 3060 aphelio,
582 2979 612 3041 in
643 2978 778 3043 infcriori
800 2980 957 3060 perihelio,
994 2980 1063 3060 plus
1093 2998 1182 3061 quam
1210 2996 1267 3058 par
1298 2984 1380 3052 erat;
1421 2974 1523 3048 hicin
1551 2994 1606 3036 au·

258 3069 368 3153 periuri
393 3068 557 3151 quadrante
581 3067 711 3131 discedit
733 3069 851 3149 lougius
875 3071 913 3132 ab
936 3069 1067 3150 aphelio,
1090 3069 1119 3131 in
1143 3067 1318 3131 interioria
1339 3064 1493 3147 perihelio,·
1518 3082 1607 3145 qnam

259 3178 317 3241 par
339 3163 395 3223 eat.
441 3156 548 3239 ltaque
571 3176 663 3239 supra
685 3158 724 3220 ab
748 3160 867 3241 aphalio
890 3166 940 3223 est
960 3158 1048 3220 nimis
1072 3158 1170 3229 velox,
1194 3156 1273 3219 infra
1291 3178 1310 3217 a
1328 3153 1471 3236 perihelio
1492 3152 1607 3217 itidem.

262 3246 363 3324 Quare
386 3246 501 3311 tardior
519 3246 604 3327 justo
627 3247 737 3311 aritio
760 3247 996 3329 longitudinibus
1019 3247 1137 3311 mediis.
1468 3299 1473 3307 ,

348 3336 445 3403 uredo
473 3334 538 3417 jam
569 3336 673 3399 lectori
705 3337 860 3413 incidisse,
898 3357 937 3399 an
965 3337 1042 3399 forte
1071 3354 1205 3399 erromm
1227 3354 1320 3397 cansa
1342 3332 1412 3394 iude
1435 3330 1492 3407 sit,
1527 3330 1607 3411 qnod

261 3427 360 3510 capite
382 3426 449 3491 XL.
470 3424 582 3488 dictum
605 3432 668 3502 est,
691 3424 795 3488 vitium
818 3422 951 3504 subesse*
965 3425 1033 3487 hnic
1057 3424 1224 3507 operationi
1251 3442 1306 3505 per
1329 3440 1432 3496 areas,
1464 3439 1500 3481 eo
1525 3420 1606 3500 quod

261 3508 358 3583 areae'
381 3533 439 3579 uon
472 3513 694 3597 aequipolleant
716 3514 886 3591 distantiis,
919 3514 1086 3581 celeritatis
1118 3521 1149 3577 et
1171 3531 1322 3577 morarum
1343 3509 1605 3573 moderatricibus.

260 3602 355 3689 Atqui
377 3623 436 3667 uon
459 3603 527 3666 hinc
550 3622 617 3667 esse
640 3610 742 3685 potest
763 3622 907 3685 praeseus
930 3622 1022 3668 error.
1067 3603 1200 3666 Primum
1215 3602 1294 3665 enim
1312 3618 1455 3663 excessus
1471 3616 1606 3662 sommae

261 3696 470 3759 distantiarum
492 3712 583 3773 supra
605 3712 704 3755 aream
727 3692 829 3757 circuli
851 3712 963 3774 parvus
986 3701 1043 3770 est,
1066 3691 1228 3775 spatiolum
1250 3709 1356 3771 nempe
1372 3687 1606 3751 intercoochoi-

260 3788 324 3863 des,
348 3802 471 3867 parvum
495 3781 672 3845 admodum:
696 3780 802 3847 deinde
826 3802 899 3845 area
921 3783 1043 3845 exhibet
1071 3782 1235 3846 distantias
1249 3779 1360 3842 'bmas
1384 3778 1503 3859 quidem
1521 3776 1607 3857 justo

260 3874 433 3951 breviores,
455 3871 582 3935 mamma
596 3890 676 3935 raro
700 3892 767 3949 eas,
794 3892 869 3976 quae
892 3880 962 3935 sunt
984 3873 1015 3935 in
1037 3870 1271 3953 longitudinibus
1292 3866 1408 3932 mediis.
1454 3865 1556 3947 Ergo,
1580 3865 1608 3931 si

262 3964 434 4045 quis.error
456 3961 525 4025 hinc
546 3966 659 4037 manat,
682 3961 709 4023 ia
731 3963 762 4025 lu
785 3962 841 4024 hoc
865 3968 929 4039 est,
953 3961 1031 4043 qnod
1052 3980 1111 4025 noo
1130 3960 1206 4023 satis
1225 3960 1330 4040 longas
1343 3974 1445 4019 moras
1464 3955 1606 4037 planetae

262 4053 387 4117 iacimus
409 4052 441 4115 in
463 4050 698 4132 longitudinibus
720 4051 836 4117 mediis.
881 4050 927 4115 At
948 4069 1082 4127 errores,
1112 4068 1187 4132 qnos
1206 4050 1272 4130 jam
1294 4044 1551 4128 deprehendimus,
1575 4045 1607 4108 iu

262 4140 444 4205 contrarium
466 4141 596 4204 abeunt:
619 4138 714 4203 nimis·
731 4142 809 4205 enim
832 4140 939 4223 longas
953 4158 1053 4203 moras
1068 4140 1193 4204 lecimus
1204 4139 1345 4220 planetae
1362 4135 1393 4197 iu
1411 4133 1607 4214 longitndioi-

262 4233 319 4296 bus
341 4230 457 4295 mediis.
503 4230 586 4293 Idam
609 4228 652 4293 illi
677 4248 793 4312 quoque
813 4238 916 4312 potest
938 4228 1039 4310 objici,
1064 4229 1113 4311 qui
1136 4226 1337 4309 suspicionem
1358 4225 1427 4306 inde
1450 4222 1607 4305 concipere

265 4320 410 4396 voluerit,
440 4321 534 4402 quod,
565 4318 655 4383 inleso
680 4318 839 4401 Ooperuici
870 4327 901 4382 et
923 4318 1072 4403 vI'yobonis
1095 4317 1204 4400 duplici
1228 4316 1375 4399 epicyclo,
1407 4312 1457 4397 qui
1479 4312 1609 4377 orbitam

263 4412 405 4494 planetae
439 4409 513 4472 iacit
544 4410 679 4483 evalem,
713 4428 768 4471 uos
799 4408 1016 4473 Ptolemaicum
1042 4407 1209 4489 perfectum
1235 4405 1375 4470 circulum
1404 4403 1435 4465 in
1462 4420 1608 4484 praesens

263 4498 491 4581 susceperimus.
547 4498 625 4562 Nam
649 4497 760 4563 dictum
783 4506 832 4561 est
853 4498 884 4561 in
906 4499 962 4562 flue
985 4498 1095 4578 capitis
1116 4496 1233 4577 quarti,
1265 4496 1349 4559 illam
1371 4490 1609 4573 Copernicanam

264 4590 395 4657 orbitarn
418 4606 476 4650 non
500 4586 650 4653 incurrere
673 4588 713 4650 ad
735 4595 879 4662 neutrum,
903 4588 982 4669 quod
1003 4587 1053 4649 hic
1074 4585 1161 4649 nobis
1183 4592 1267 4651 esset
1281 4584 1358 4662 naui,
1382 4583 1437 4649 sed
1450 4600 1609 4645 excurrere

264 4702 283 4745 a
306 4687 409 4745 couno
431 4676 588 4759 particulis
611 4672 686 4753 246,
711 4678 789 4758 qnod
811 4676 859 4739 hic
882 4677 981 4759 potins
1004 4684 1129 4759 augeret
1150 4694 1293 4751 errorem,
1318 4673 1368 4758 qui
1391 4672 1448 4735 boo
1465 4672 1531 4753 jam
1553 4690 1607 4734 se·

265 4771 389 4855 quimur,
413 4784 515 4831 moras
539 4774 664 4829 esseut
686 4765 858 4829 distantias.

351 4859 396 4924 Ut
418 4863 519 4922 autem
537 4856 576 4918 ad
590 4856 706 4920 oculum
719 4860 833 4937 pateat,
857 4873 983 4936 parrum
1006 4854 1165 4918 admodum
1184 4850 1262 4917 effici
1284 4852 1415 4933 spatium
1437 4848 1611 4915 conchoidis

261 4966 332 5033 cap.
353 4948 428 5027 XL,
464 4945 632 5030 perpendes
670 4946 748 5029 quod
785 4958 894 5010 secans
931 4944 1034 5026 anguli
1070 4938 1186 5009 50190
1220 4942 1385 5018 (maximae
1422 4939 1610 5022 aequationin
