3517 5525
612 401 674 461 rsa
694 402 785 461 rema
823 399 906 477 capa
924 402 970 461 rr.
1404 401 1465 477 197
1531 395 1537 411 ’

115 586 303 663 continuata,
328 595 363 650 ut
380 595 464 651 secet
487 595 642 671 utmmqne
667 588 864 651 acceutricum
887 590 917 651 in
936 589 1051 650 duobus
1073 586 1202 667 punctis¹
1216 588 1294 649 inira
1316 593 1348 647 et
1366 604 1466 666 supra,

115 677 282 741 constituet
296 678 384 754 ‚infra
412 678 573 740 maximam
602 678 856 756 intercapedinem
880 702 919 757 ep
944 677 1099 758 aequalem
1128 676 1187 757 ipsi
1211 680 1266 753 ιμ.
1314 674 1376 739 Sed
1399 676 1482 756 quia.

114 785 175 829 non
199 767 299 827 lineae
323 787 360 829 ex
383 768 400 827 l
423 767 475 827 sed
499 768 597 829 lineae
620 786 658 828 ex
681 772 699 828 d
721 767 883 845 designant
913 777 996 828 certa
1020 775 1051 829 et
1074 766 1178 829 eadem
1211 772 1363 827 momenta
1386 774 1466 827 tem-

114 856 210 935 pnris,
234 856 343 940 qnibus
365 856 414 917 hic
430 874 504 935 opus
527 856 682 930 babemus,
705 856 831 918 ducatur
845 856 937 935 igitur
953 862 1005 933 dp,
1030 874 1136 917 secans
1151 854 1336 917 eccentricos
1352 854 1381 916 in
1397 877 1421 929 a,
1439 877 1466 933 ρ,

112 952 149 1005 ιιι
170 964 231 1006 nno
256 955 288 1006 et
310 944 414 1007 eodem
437 954 587 1007 momento
610 947 733 1025 planeta
753 945 805 1005 bio
828 944 858 1006 in
883 969 906 1019 ι,
931 945 993 1006 illic
1017 944 1045 1005 in
1065 966 1082 1025 ρ
1106 953 1188 1007 certo
1213 944 1334 1007 incidat.
1373 943 1468 1005 Terra

112 1034 208 1113 igitur
231 1034 260 1095 in
286 1033 367 1096 linea
390 1039 431 1113 dp
455 1042 605 1110 versante,
630 1034 747 1096 scilicet
769 1033 799 1094 iu
822 1055 851 1107 rc,
877 1035 1003 1115 planeta
1031 1034 1094 1095 sive
1118 1034 1147 1094 in
1171 1056 1185 1094 a
1209 1033 1326 1095 sivein
1350 1054 1367 1113 ρ
1393 1050 1466 1093 con-

112 1123 223 1196 sistat,
257 1123 394 1204 utrinque
425 1124 529 1185 endem
560 1124 591 1185 in
623 1125 687 1201 lpco
720 1123 836 1184 zodiaci
868 1122 1038 1185 videbitur:
1071 1142 1140 1183 narn
1174 1121 1254 1184 linea
1277 1144 1317 1203 ap
1350 1121 1466 1183 ratione

113 1212 219 1291 optica
242 1211 339 1273 instar
361 1214 464 1292 puncti
487 1220 634 1293 apparet:
659 1221 692 1275 at
715 1212 808 1273 Terra
831 1212 869 1272 ad
894 1212 979 1291 hujus
1005 1212 1101 1273 lineae
1125 1212 1223 1273 latera
1245 1212 1383 1290 utrinque
1408 1228 1463 1271 ex-

113 1303 259 1376 cedente,
291 1303 453 1382 quantitas.
473 1303 569 1363 lineae
593 1323 631 1380 ap
655 1308 781 1381 apparet
807 1301 903 1380 major
927 1309 1016 1381 atque
1045 1300 1157 1381 major,
1180 1301 1251 1381 quia
1274 1320 1313 1362 ex
1336 1299 1465 1379 obliquo.

113 1388 281 1460 Quaeritur
303 1399 443 1469 punctum
466 1391 547 1463 orbis
561 1390 699 1465 Telluris,
726 1409 763 1451 ax
785 1408 842 1471 qno
866 1390 998 1451 visurine
1020 1408 1104 1470 pers
1128 1398 1159 1451 et
1175 1407 1266 1471 perp
1290 1389 1466 1450 incedentes
1516 1382 1523 1393 “

114 1480 247 1540 omnium
277 1479 406 1541 maxime
445 1480 604 1543 discedant
642 1479 859 1560 maximumque
901 1480 1040 1558 angulum
1073 1480 1112 1539 ad
1145 1480 1241 1541 visum
1278 1477 1467 1539 constituant

115 1587 257 1649 errorque
282 1568 324 1630 sit
345 1570 506 1644 maximus,
540 1570 567 1629 si
595 1569 718 1649 plancta
740 1568 771 1630 iu
795 1590 813 1647 ρ
841 1576 989 1647 ponatur,
1024 1568 1141 1649 quaudo
1166 1567 1270 1629 debuit
1291 1566 1363 1647 poni
1386 1566 1415 1626 in
1440 1588 1463 1628 a.

114 1658 248 1719 Primum
272 1658 299 1719 is
322 1658 448 1739 angulus
479 1658 576 1738 major
606 1658 664 1720 erit
692 1658 771 1719 iufra
793 1657 823 1719 in
847 1680 861 1718 a
885 1676 973 1737 quam
1002 1674 1094 1737 supra
1124 1657 1204 1720 circa
1226 1676 1259 1731 r,
1293 1654 1362 1736 quia
1385 1654 1466 1717 orbis

114 1747 229 1807 Terrae
253 1764 292 1808 ex
313 1749 334 1826 β
357 1746 524 1826 descriptus
547 1746 643 1808 visum
666 1746 787 1827 propius
811 1747 850 1807 ad
874 1768 912 1827 sp
938 1766 1025 1827 quam
1049 1746 1087 1809 ad
1111 1768 1128 1808 a
1151 1747 1301 1826 admovet.
1347 1743 1463 1807 Deinde

114 1854 182 1897 cum
207 1840 250 1914 dp
273 1836 314 1898 sit
335 1837 416 1898 ultra
430 1838 483 1914 τβ,
507 1854 578 1916 ergo
593 1859 632 1915 sp
655 1833 801 1916 obliquius
825 1834 983 1915 inspicitur
1007 1836 1196 1917 expertibus
1220 1834 1352 1897 sinistris
1376 1850 1465 1915 quam

114 1944 152 1985 ex
174 1924 304 1986 dextris.
343 1926 442 1988 Minor
465 1926 556 2007 igitur
580 1926 738 2006 apparebit
760 1924 822 1985 illic
836 1944 925 2005 quam
940 1924 997 1999 hic,
1022 1926 1113 1987 etiam
1132 1924 1297 2005 inaequali
1317 1922 1465 1985 distantia

114 2013 246 2075 Telluris
270 2020 352 2094 adp
375 2015 464 2077 linea'.
509 2015 592 2095 Ergo
623 2022 765 2095 punctum
797 2022 931 2075 nostrum
965 2014 1166 2093 quaerendum
1198 2013 1299 2075 estin
1326 2011 1467 2091 partibus

115 2102 243 2165 dextris.
286 2104 372 2179 Dico,
398 2126 435 2184 sp
459 2104 618 2166 maximum
641 2102 820 2165 subtendere
843 2101 970 2164 visionis
994 2104 1134 2184 angulum
1157 2102 1224 2165 visu
1247 2102 1412 2164 constituto
1435 2100 1467 2161 iu

114 2210 150 2252 eo
172 2200 296 2271 puncto,
317 2192 369 2254 ubi
392 2193 520 2256 circulus
543 2194 654 2255 Terrae
679 2212 698 2253 a
721 2191 830 2253 circulo
859 2210 913 2272 per
936 2214 976 2272 sp
1005 2192 1095 2254 ducto
1124 2192 1267 2272 tangitur.
1315 2190 1364 2252 Sit
1387 2187 1466 2251 enim
1510 2222 1514 2245 .

113 2281 188 2342 talis
211 2282 340 2343 circulus
358 2300 412 2363 per
427 2306 467 2362 ep
490 2282 667 2363 descriptus,
692 2281 742 2363 qui
759 2281 900 2343 circulum
914 2304 958 2343 υσ
980 2281 1010 2343 in
1029 2281 1166 2361 partibus
1180 2299 1285 2342 versus
1302 2300 1323 2342 a
1340 2284 1465 2359 tangat:

114 2378 217 2431 tactus
242 2371 296 2432 fiat
317 2370 346 2432 in
370 2382 482 2453 puncto
505 2395 521 2433 r
543 2380 575 2433 et
597 2373 637 2433 ab
660 2394 684 2440 a,
708 2392 726 2449 ρ
750 2370 846 2431 lineae
870 2378 981 2432 exeant
1004 2389 1070 2433 cum
1094 2371 1123 2432 in
1151 2378 1324 2435 contactum
1346 2391 1375 2443 r,
1403 2376 1464 2428 tum

114 2459 144 2520 in
168 2460 258 2539 plura
281 2460 343 2522 alia
365 2468 478 2540 puncta
506 2460 607 2524 circuli
630 2480 675 2522 oc
701 2466 772 2522 aute
797 2468 828 2521 et
854 2468 926 2538 post
957 2467 1138 2523 contactum.
1187 2458 1263 2523 (lum
1286 2458 1378 2539 igitur
1401 2456 1462 2517 cir·

116 2548 202 2610 culus
224 2549 367 2611 circulum
391 2551 420 2611 in
443 2570 501 2613 uno
524 2553 589 2613 solo
612 2557 723 2631 puncto
755 2556 878 2628 tangat,
912 2568 981 2629 ergo
1010 2549 1139 2611 omnium
1172 2549 1345 2629 angulorum
1377 2565 1464 2608 crura

117 2656 154 2698 ex
178 2660 202 2712 e,
229 2660 247 2718 ρ
270 2640 412 2703 exeuntia
434 2639 517 2701 etin
540 2640 661 2724 punctis
684 2638 786 2701 circuli
809 2660 855 2700 oo
877 2639 1086 2701 concurrentia
1109 2638 1289 2701 secabuntur
1313 2657 1332 2699 a
1354 2634 1463 2699 circulo

114 2746 168 2808 per
192 2750 240 2809 ep,
263 2735 474 2811 praeterquam
491 2750 538 2806 ea,
639 2766 641 2769 ·

114 2835 193 2897 quae
248 2817 278 2879 in
314 2841 330 2879 r
369 2827 539 2882 conmotam
717 2825 723 2838 ’
944 2817 998 2884 rig.
1018 2815 1059 2866 59-

115 2906 292 2971 circulomm
332 2909 539 2972 terminantur.

54 3001 60 3012 ’
113 2992 201 3066 Quae
226 3005 326 3058 autem
350 3017 437 3060 cmra
458 3017 495 3060 ex
515 3021 539 3069 a,
1040 3023 1090 3093 Ι

112 3107 131 3163 ρ
153 3091 298 3146 secantur
322 3106 340 3147 a
363 3087 473 3150 circulo
499 3111 538 3167 ap

112 3181 183 3235 ante
197 3193 285 3236 snum
300 3193 485 3252 concursum,
503 3196 540 3238 ea

111 3261 138 3323 si
152 3261 183 3324 in
198 3263 346 3328 altemtro
360 3275 537 3346 punctorum
680 3222 777 3431 l

111 3351 257 3413 sectionis
280 3353 408 3441 coirent,
430 3354 536 3435 majori
655 3389 672 3431 q

111 3442 222 3520 angulo
248 3442 363 3505 coirent
385 3442 486 3517 (Eucl.
511 3445 535 3519 I,

111 3527 191 3604 20:
216 3538 249 3592 et
271 3539 343 3594 sunt
356 3548 459 3594 omnes
479 3553 536 3595 an·
1002 3490 1035 3697 Α

110 3619 173 3698 guli
199 3619 252 3680 'in
297 3620 538 3684 circumferentia

622 3753 623 3757 ,
959 3667 1087 3925 W!

903 3764 1038 3923 A»

599 3862 609 3907 ι
1019 3868 1034 3913 ι

994 3928 1073 3980 ,Γ

111 3727 201 3788 super
219 3730 259 3787 sp
282 3718 438 3790 segmento
461 3731 535 3772 con·
621 3760 623 3763 s

109 3798 212 3858 stituti
250 3801 392 3880 aequales
434 3799 535 3874 OEucl.
632 3822 635 3828 ’

110 3885 166 3961 111,
192 3884 263 3963 21),
287 3907 358 3970 ergo
387 3889 435 3968 qni
459 3890 538 3950 adr
618 3944 620 3964 ,

110 3976 314 4052 (cannetum)
350 3978 447 4057 mator
487 3987 537 4041 est
600 3977 628 4067 l
744 4059 803 4066 ,,,
874 3932 1120 4076 11187

109 4065 221 4126 ceteris
246 4066 390 4130 omnibus.
411 4085 439 4148 q.
456 4087 482 4128 e.
505 4067 533 4129 d.

110 4154 152 4217 Ut
176 4155 269 4234 igitur
287 4157 486 4238 quantitatem
505 4157 535 4218 in

111 4243 309 4308 familiaribus
331 4246 462 4309 numeris
486 4247 535 4306 in-

110 4334 314 4414 vestigemus,
345 4353 418 4416 opus
448 4334 533 4396 nobis

111 4431 158 4484 est
180 4423 353 4502 cognitione
377 4423 472 4504 ipsius
495 4445 534 4502 ep

111 4519 142 4572 et
163 4512 421 4598 perpendicularis
451 4531 489 4574 ex
516 4515 535 4591 β

111 4598 215 4679 indo.

181 4691 352 4774 coramque
378 4691 535 4754 decanus

111 4795 150 4840 ea·
171 4778 362 4844 resultatione
387 4782 533 4862 Mango-

111 4865 214 4929 lornm
237 4871 309 4948 ttp,
334 4874 407 4945 dna.
447 4871 535 4934 Nam

111 4957 147 5018 in
159 4960 222 5038 dlp
232 4976 334 5041 supro
346 4963 384 5031 (p.
395 4964 458 5029 188)
478 4977 532 5020 as·
