3517 5525
318 378 362 450 rs
533 344 540 358 ’
738 382 1246 450 maerensmaerens

318 563 450 646 pendet3
472 562 606 643 cogitari
624 562 726 642 igitur,
749 564 898 645 quomode
920 562 1088 645 parallasis
1106 560 1171 628 sine
1187 560 1357 641 cognitione
1379 558 1548 623 latitudinis
1562 562 1665 625 obser·-

318 653 420 719 raudo
442 652 622 732 invesh'gari
643 660 758 733 posset
803 652 890 716 Medi
912 654 972 717 duo
996 652 1172 715 inciderunt.
1218 650 1316 725 Alter,
1341 651 1367 712 si
1391 649 1494 713 eodem
1517 649 1565 712 die
1582 651 1666 715 Luna

318 741 413 805 semel
435 740 501 805 alta
522 740 615 804 semel
637 741 779 805 humilior
801 749 889 819 extra
910 750 1012 805 tamen
1034 742 1194 805 terminum
1221 740 1434 805 retractionem
1458 738 1666 803 observaretur

221 880 226 890 .
318 830 438 911 quaudo
465 837 516 893 eat
541 830 624 894 circa
642 830 783 905 limites,
814 830 864 894 ubi
892 831 973 895 intra
1002 832 1078 895 duas
1107 830 1200 893 horas
1230 846 1335 910 pamm
1365 836 1497 893 mutetur
1528 829 1673 893 latitudo·

317 920 451 1001 Expedit
472 927 573 983 autem
595 919 627 982 id
650 920 742 983 etiam
764 920 796 983 iu
817 919 965 1001 principio
990 920 1100 984 Gaucri
1121 918 1196 993 lieri,
1220 918 1270 981 ubi
1291 937 1398 999 pamm
1421 918 1513 981 etiam
1535 924 1666 981 mutatur

318 1008 490 1073 declinatio.
537 1010 651 1071 Verum
683 1009 800 1091 quando
822 1010 911 1073 Luna
942 1010 1048 1072 eodem
1070 1008 1119 1071 die
1148 1015 1220 1089 post
1251 1007 1447 1069 meridianam
1479 1006 1667 1071 altitudinem

317 1100 353 1161 tt
365 1097 550 1161 ssusrluiiter
565 1098 716 1172 humilior,
735 1098 865 1180 acquirit
878 1098 1050 1179 parallarin
1065 1098 1096 1161 iu
1111 1096 1337 1177 longitudinem,
1355 1096 1666 1177 praecognoscentiam

320 1206 388 1249 cum
409 1206 448 1249 ea
468 1186 645 1269 inquiratur.
690 1186 781 1251 Alter
803 1188 921 1263 modus,
944 1195 978 1250 ut
996 1186 1149 1250 distinctis
1171 1186 1356 1267 temporibus
1379 1185 1557 1249 observetur
1571 1186 1666 1261 Luna,

319 1296 388 1341 cum
409 1276 511 1340 estin
524 1276 620 1356 gradu
642 1276 848 1357 nonagesimo,
872 1277 903 1339 in
925 1276 1022 1339 limite
1049 1276 1165 1349 eodem,
1188 1276 1218 1338 in
1237 1275 1345 1337 eadem
1366 1274 1531 1337 remotione
1550 1295 1570 1335 a
1584 1273 1665 1349 Sole,

320 1365 414 1427 semel
437 1366 528 1428 altior
551 1365 644 1427 semel
666 1364 815 1428 humilior.
850 1366 898 1428 At
911 1366 968 1427 hae
984 1373 1048 1429 tres
1066 1363 1254 1429 conditiones
1278 1383 1346 1427 raro
1370 1370 1566 1439 concurrunt3
1591 1362 1666 1425 adde

318 1455 399 1535 qued
431 1453 559 1535 singolis
591 1453 741 1534 scropulis
767 1454 798 1517 in
824 1455 883 1517 hac
914 1454 1084 1517 altitudinis
1117 1454 1328 1518 observatione
1360 1452 1558 1517 committitur
1587 1470 1667 1514 error

318 1544 406 1607 unius
434 1542 651 1606 semidiametri
682 1544 813 1618 Terrae,
850 1562 976 1625 quarum
1004 1544 1035 1607 in
1067 1543 1291 1607 eccentricitate
1320 1542 1389 1604 viae
1418 1542 1523 1605 Lunae
1553 1560 1666 1623 paucae

318 1632 517 1696 continentur.
554 1633 660 1714 ltaque
682 1632 773 1695 tertio
795 1633 853 1696 huc
876 1632 1015 1713 confligio
1034 1640 1069 1695 ut
1082 1641 1113 1694 te
1133 1651 1224 1706 orem,
1248 1631 1393 1695 observes
1410 1631 1528 1693 Lunam
1550 1629 1666 1712 quoties

296 1729 405 1803 -potes
417 1722 449 1784 iu
463 1723 659 1803 nonagesimo
681 1722 777 1800 gradu
790 1730 824 1784 et
843 1720 1070 1785 observationes
1091 1742 1151 1785 una
1168 1740 1234 1785 cnm
1256 1720 1453 1783 exactissima
1466 1719 1666 1783 Bononiensis

316 1811 380 1893 poli
400 1809 560 1873 altitudine
588 1810 747 1874 nobiscum
768 1810 800 1873 in
824 1810 989 1875 Germania
1017 1810 1225 1875 communices.
1265 1808 1383 1875 cnseo
1407 1828 1475 1889 ego,
1498 1817 1533 1872 ut
1546 1816 1665 1871 nostras

320 1899 550 1963 observationes
571 1908 605 1962 tu
624 1898 763 1963 uicissim
784 1899 909 1963 habeas.
945 1900 995 1962 Ita
1016 1901 1078 1979 fiet,
1101 1908 1136 1961 ut
1151 1900 1239 1963 Luna
1259 1899 1409 1961 interdum
1432 1898 1520 1961 simul
1542 1905 1666 1979 utroque

319 1988 352 2051 iu
374 1988 441 2052 leco
465 1988 641 2052 observetur
663 1989 765 2070 sicque
788 1989 854 2068 ejus
877 1989 908 2051 in
931 1988 1024 2051 variis
1047 1988 1214 2052 anomaliae
1233 1987 1309 2051 locis
1332 1987 1507 2051 altitudines
1530 1986 1665 2051 mantes·

320 2086 400 2142 cant
445 2079 527 2141 Nam
547 2076 696 2143 Bobemia
718 2073 757 2141 et'
770 2078 880 2141 Italiae
902 2078 983 2141 bona
1003 2098 1075 2161 pars
1098 2078 1129 2141 in
1152 2078 1257 2140 eodem
1279 2075 1445 2139 meridiano
1468 2084 1549 2139 sunt

410 2167 502 2243 Vale,
525 2167 788 2249 praestantissime
810 2166 857 2229 vir
878 2186 985 2249 meque
1007 2166 1063 2229 tibi
1086 2166 1325 2229 commendatum
1347 2166 1434 2229 habe.

708 2255 832 2323 Graecii
853 2255 976 2339 Styriae
1000 2255 1068 2321 Gal.
1090 2257 1161 2320 Jun.
1189 2250 1283 2319 1501.

955 2345 1072 2409 Excell.
1096 2346 1179 2407 Tuae

1251 2430 1491 2495 seuerissimus

1112 2522 1165 2587 Jo.
1189 2518 1358 2604 Keplerue,
1382 2518 1625 2583 Mathematicus.

411 2698 548 2764 Kspiersrm
575 2713 632 2751 cum
658 2704 816 2764 praeceptore
843 2712 888 2747 suo
913 2697 949 2749 hi.
968 2697 1149 2751 liaestlino
1174 2699 1205 2751 de
1226 2696 1411 2759 „nomnium
1438 2697 1489 2749 suis
1516 2696 1604 2749 studiis
1627 2710 1667 2760 psr

323 2773 409 2825 literas
428 2773 508 2837 egisse
526 2772 579 2835 quis
597 2771 721 2821 dubitabit
737 2771 852 2835 perlectis
870 2771 956 2826 literis.
974 2786 1044 2838 quaa,
1067 2771 1124 2822 dum
1141 2771 1265 2836 Keplems
1278 2771 1411 2822 sditionem
1422 2769 1548 2820 Prcdronri
1567 2769 1665 2820 medita·

321 2843 404 2901 batur,
431 2849 516 2892 mutuo
535 2841 656 2893 dederant
681 2848 886 2906 acceperuntque.
930 2841 1052 2906 Ksplerus
1080 2849 1242 2896 consueverat
1259 2841 1419 2892 Maestilnum
1441 2840 1471 2891 de
1489 2842 1601 2891 omnibus
1618 2840 1665 2892 rere

323 2914 453 2966 corderam
471 2911 563 2970 iacere,
582 2927 647 2980 quas
664 2914 731 2963 bona
741 2913 780 2962 rel
792 2913 863 2962 mala
878 2913 924 2976 ipsi
943 2915 1093 2966 aesiderant.
1113 2927 1177 2978 quae
1195 2927 1260 2963 nora
1277 2913 1303 2962 in
1316 2913 1392 2963 literis
1409 2919 1455 2962 aut
1471 2911 1525 2976 ipse
1543 2913 1667 2962 invenerat

320 2993 367 3037 aut
383 2986 417 3036 ab
435 2985 490 3034 aliis
507 2985 610 3034 mrsnta
627 2990 769 3048 maperat.
786 2999 837 3034 nou
853 2985 987 3048 respiciens
1000 2983 1126 3036 Msssttini
1143 2987 1170 3036 in
1188 2985 1343 3036 resorlbsndo
1360 2985 1501 3048 ssgmtiam.
1530 2983 1573 3034 Sie
1589 2982 1668 3036 retulit

319 3057 533 3124 praeceptorias,
558 3070 623 3121 quas
640 3057 668 3106 iu
686 3054 817 3119 Optleis
838 3057 978 3120 proiecmat
1001 3055 1166 3121 (Vol.11‚p.
1187 3053 1246 3118 12),
1271 3069 1382 3120 quaeque
1401 3055 1433 3106 de
1451 3054 1564 3107 Stella
1581 3054 1667 3106 liora

322 3128 434 3180 nonnus
452 3127 484 3178 ab
503 3126 557 3176 aliis
576 3133 708 3192 acceperat
727 3128 841 3190 antipae
860 3127 1079 3185 observationibus.
1098 3127 1199 3178 calculis
1219 3133 1244 3178 et
1262 3127 1453 3179 ratiocinatione
1476 3125 1670 3190 deprehenderat

322 3196 391 3261 (Vol.
408 3197 442 3258 11,
461 3213 485 3262 p.
506 3195 566 3247 582.
585 3193 660 3260 ibt),
686 3211 835 3262 quemqnam
854 3198 886 3247 ab
911 3199 980 3250 initio
1006 3200 1065 3248 anni
1086 3195 1160 3248 tete.
1181 3198 1214 3250 ad
1232 3213 1324 3250 aunum
1345 3195 1421 3248 1505.
1440 3197 1501 3247 nihil
1527 3198 1667 3262 responsis

319 3269 454 3320 ilaendno
482 3269 598 3333 accepitr
626 3275 701 3334 atque
719 3267 756 3318 sio
778 3271 868 3325 etium⁹
893 3283 967 3334 quum
986 3269 1019 3320 ad
1037 3269 1179 3334 Tycheuem
1198 3271 1299 3322 (irretio
1322 3267 1431 3334 Pragam
1457 3270 1663 3336 transmigrasset

319 3343 396 3394 retest
412 3341 449 3391 iiii
465 3353 507 3398 ss,
524 3354 590 3406 quas
606 3341 661 3405 ipse
677 3340 744 3403 apud
762 3339 905 3402 'l'yohoneur
923 3347 993 3407 agat.
1012 3355 1125 3406 quaeqae
1141 3343 1167 3392 in
1185 3341 1271 3392 studia
1289 3341 1437 3404 Tyohonioia
1459 3341 1540 3391 relatu
1558 3339 1666 3406 digniora

319 3412 524 3479 deprshssderit‚
552 3426 599 3464 nee
616 3427 666 3462 non
684 3426 717 3463 ea
740 3425 819 3476 qaas.
846 3411 935 3462 Martis
963 3413 1145 3464 observationes
1170 3427 1319 3480 ammaus,
1346 3413 1503 3466 emendanda
1520 3413 1546 3462 iu
1573 3410 1666 3464 rdiam

324 3491 519 3538 uhouomomm
537 3484 672 3549 rationibus
689 3488 747 3532 rata
763 3481 864 3532 habeat.

410 3555 481 3606 Prior
498 3553 656 3617 epistolarum
675 3552 882 3618 Keplerianarmn
900 3553 948 3603 huc
965 3554 1091 3618 pertinens
1107 3553 1214 3606 Martem
1232 3553 1311 3620 ipsum
1330 3553 1428 3620 quidem
1446 3554 1555 3605 nondum
1574 3553 1666 3608 attinet.

319 3628 364 3678 aed
381 3629 443 3678 satis
461 3625 613 3677 medentum
630 3625 735 3689 praebet
751 3625 877 3688 spsdmen
902 3623 1038 3676 studiorum
1055 3624 1177 3690 Tyehonis
1204 3628 1306 3691 eiusque
1332 3623 1520 3691 diselpmmnm,
1548 3639 1620 3692 quam
1637 3623 1665 3674 ob

316 3713 375 3800 'rem
393 3697 464 3750 blan
480 3697 645 3748 mmmm
662 3709 792 3748 emamus
807 3695 850 3748 hie
866 3697 1000 3832 ingeras?
1054 3771 1084 3832 D

409 3856 494 3922 Nihil
516 3857 574 3920 hac
596 3857 662 3920 viee
686 3855 743 3918 init
763 3813 933 3933 dicendum:
946 3814 1131 3940 Praeceptor
1153 3859 1368 3934 amantissime,
1393 3877 1482 3941 quam
1495 3865 1530 3920 ut
1542 3876 1664 3938 respon·

321 3949 410 4012 deres
432 3947 578 4027 proximis
599 3945 676 4008 meis
698 3945 798 4010 literis
820 3953 852 4007 et
872 3949 912 4011 rt
936 3949 974 4011 D.
998 3950 1037 4011 Ι).
1061 3949 1299 4036 Ηιῇιιιιῖιιιιιι
1322 3955 1354 4012 et
1374 3951 1413 4012 Ι).
1436 3947 1475 4011 Ι).
1500 3946 1664 4027 Zieglemur

322 4038 363 4102 ad
376 4035 566 4100 scribendum
584 4035 763 4110 hortareris,
785 4035 1033 4118 mitterenturque
1051 4037 1157 4100 literae
1172 4037 1381 4102 Stuccardiam
1395 4038 1435 4100 ad
1447 4040 1486 4102 D.
1499 4037 1540 4100 Ι).
1554 4033 1664 4116 Eugei-

321 4126 458 4202 tardum,
482 4125 531 4188 rel
552 4123 654 4205 potius
676 4123 865 4204 leobergam
889 4126 928 4188 sd
950 4144 1046 4190 meam
1069 4135 1205 4190 matrem.
1244 4127 1461 4194 Consolatione
1484 4125 1563 4188 eninr
1586 4141 1665 4204 egea

321 4216 374 4297 qui
395 4223 543 4296 quartana
564 4213 727 4277 etiamnum
741 4214 848 4276 laboro
863 4221 897 4278 et
909 4213 1031 4296 insuper
1052 4216 1223 4297 periculosa
1237 4216 1325 4292 tussi,
1348 4237 1408 4280 non
1421 4215 1486 4278 siue
1501 4214 1664 4296 suspicione

321 4304 472 4378 hectices,
504 4304 562 4366 hoc
584 4310 634 4368 est
662 4302 758 4383 ipsios
786 4302 867 4366 vitae
891 4323 957 4368 cum
986 4303 1137 4385 pericuio;
1166 4306 1231 4386 jam
1253 4313 1286 4368 et
1316 4325 1392 4368 uxor
1421 4311 1577 4386 aegrotat3
1604 4301 1664 4382 jam

321 4393 454 4458 nondum
476 4401 584 4475 quarto
605 4392 726 4474 peritus
756 4391 922 4474 praeterito
953 4411 1055 4456 mense
1079 4402 1198 4458 centum
1227 4395 1362 4460 thaleros
1384 4396 1502 4475 Praqae
1525 4389 1664 4474 expeudi3

323 4483 401 4546 adde
423 4483 575 4557 viaticum,
599 4501 704 4561 parom
726 4489 809 4544 certe
831 4481 906 4543 mihi
928 4490 1074 4563 superest
1120 4483 1220 4547 Multa
1238 4485 1340 4565 Tycha
1362 4483 1522 4566 promittit,
1544 4498 1619 4564 quse
1639 4477 1674 4578 si·

322 4573 494 4636 assentite
515 4571 547 4634 in
570 4570 666 4652 ipsius
688 4578 853 4651 potestate,
875 4587 964 4634 nemo
987 4579 1070 4634 esset
1091 4593 1140 4636 me
1162 4573 1338 4636 contentior.
1385 4573 1491 4655 Itaque
1513 4569 1574 4634 uisi
1595 4571 1664 4632 haec

323 4681 392 4725 mea
423 4660 580 4725 festinatio
610 4668 643 4722 et
672 4659 827 4740 paschalis
862 4659 1007 4741 temporis
1041 4661 1204 4726 destinatio
1238 4662 1344 4725 mertis
1376 4662 1458 4725 circa
1488 4661 1519 4724 id
1552 4667 1664 4740 ampo

325 4750 492 4831 ingruentis
514 4768 602 4813 emen
625 4757 689 4823 est,
713 4749 901 4830 migrandum
923 4748 982 4812 erit
1003 4751 1122 4814 omniuo
1145 4753 1184 4814 ad
1203 4749 1326 4833 pascha.
1371 4751 1423 4816 Ad
1445 4771 1500 4814 vos
1522 4767 1569 4813 me
1590 4746 1665 4829 rapit

324 4858 410 4904 amor
431 4839 570 4921 patriae,
600 4853 792 4920 quaecuuque
815 4838 857 4900 sit
877 4838 944 4917 ejus
968 4839 1069 4903 lutura
1094 4841 1223 4906 iomuns.
1269 4839 1372 4906 Rebus
1395 4840 1587 4921 pereuntibus
1604 4838 1664 4919 jan

324 4931 420 4994 semel
440 4928 573 5003 interlui,
595 4927 747 5010 inpavido
771 4945 838 4992 euru
857 4927 969 4992 animo.
