3517 5525
255 392 296 465 14
687 398 717 451 10
736 398 921 452 0000001000
937 400 969 453 dt
985 406 1054 451 motu
1071 399 1160 452 Martis

1368 522 1386 551 Ι

251 590 294 643 per
312 588 403 629 00000
431 576 512 629 011011
537 576 645 641 illudque
664 584 782 643 exparte
804 578 904 643 quidem
929 578 1068 643 deacdprit,
1089 577 1235 635 olentium,
1262 576 1367 644 padre
1391 577 1609 643 professorem

250 648 434 700 matheseos
451 650 478 699 iu
496 650 628 701 academia
644 649 775 709 11100100,
794 651 835 715 001
848 648 907 703 dum
923 666 1024 701 munere
1041 649 1088 701 hoc
1105 651 1263 717 fungebatur.
1282 646 1438 701 00001023.
1455 649 1520 701 baec
1532 650 1611 701 dedit

250 720 374 785 Keplero:
395 720 454 771 suni
472 725 530 771 0001
550 716 592 777 18,
610 736 641 771 ex
659 736 706 785 qno
724 726 833 787 tempore
852 737 899 789 ego
911 722 1009 789 Ptagse
1027 722 1120 788 degens
1137 720 1285 774 11000000
1303 736 1402 787 operam
1420 735 1502 773 msam
1520 721 1611 773 locavi

250 793 276 842 in
294 790 449 857 perficiendis
467 793 692 856 supputationibus,
710 799 811 849 motum,
830 794 855 842 ni
873 793 954 853 fallor,
973 794 1060 844 Martis
1079 795 1290 845 concernentibus.
1324 792 1436 858 Siquam
1453 798 1549 857 partem
1567 792 1609 843 sd

251 862 461 915 elucubrationem
479 864 559 927 operis
576 864 641 913 illius
664 864 769 919 contub.
795 864 860 929 quod
876 872 934 928 port
951 866 1044 916 abituro
1061 880 1143 915 mcum
1167 866 1319 931 paulopost
1340 864 1454 929 publicas
1472 864 1521 915 luci
1539 878 1609 914 corr-

253 949 351 987 ccrsnru
370 935 467 993 audiri.
487 940 526 985 art
543 935 684 999 quod‘mibi
707 937 831 1001 gaudeam
856 938 945 1003 iusque
967 952 1094 1001 superans
1111 944 1209 1003 putem,
1234 937 1267 987 ab
1284 942 1370 989 autore
1387 936 1453 987 illius
1477 935 1611 1000 exemplar

251 1006 352 1073 petendi
370 1006 435 1056 dono
452 1006 513 1057 mibi
531 1007 648 1057 oblatum.
675 1006 775 1059 Librum
793 1009 892 1073 quidem
909 1007 978 1060 illum
1005 1008 1113 1060 00101100
1140 1022 1222 1058 emera
1241 1010 1337 1060 animur
1354 1008 1510 1071 fuit·rsrum
1526 1021 1607 1072 praa·
1644 1032 1653 1053 ι

251 1079 359 1129 sendum
382 1084 518 1142 temporum
544 1078 635 1143 injuris
657 1086 739 1138 rotat,
763 1094 810 1143 quo
832 1079 913 1130 minus
936 1079 1057 1131 tolerabili
1080 1080 1160 1144 aliquo
1183 1080 1261 1144 pretio
1279 1086 1371 1130 emtum
1393 1079 1484 1130 babere
1502 1092 1606 1145 queam.

250 1150 306 1199 Alio
324 1155 433 1213 temporo
465 1150 563 1199 dabitur
592 1151 655 1200 forta
678 1151 743 1199 illius
766 1153 913 1215 procurandi
937 1152 1041 1203 occario.
1061 1174 1096 1185 -
1131 1151 1253 1215 chlerus
1271 1152 1366 1217 ipsein
1388 1150 1516 1215 „Epitcms
1534 1151 1605 1200 0010.

252 1227 329 1293 top*
348 1228 412 1280 baec
430 1229 505 1280 dicit:
528 1222 712 1284 Undecimus
736 1230 783 1284 est
806 1242 912 1299 annus,
935 1244 973 1285 er
996 1242 1054 1305 quc
1074 1223 1298 1288 commentaria
1319 1242 1387 1285 mea
1410 1223 1447 1283 de
1469 1221 1607 1284 motibus

253 1308 361 1372 stellae
385 1309 496 1371 Martis
519 1310 609 1372 edidi.
656 1310 716 1383 Qui
739 1310 833 1386 liber,
867 1332 934 1375 cum
956 1312 987 1375 in
1009 1332 1106 1393 pauca
1133 1312 1352 1395 multiplicatus
1384 1318 1468 1374 00001
1496 1330 1606 1372 exem-

251 1398 359 1480 plaria,
382 1396 606 1480 doctrinamque
630 1400 783 1462 decausis
807 1402 982 1465 coelestium
1003 1402 1083 1464 inter
1096 1400 1214 1483 spineta
1237 1420 1424 1464 numerorum
1447 1408 1480 1463 et
1493 1399 1606 1480 reliqui

251 1493 415 1568 apparatus
448 1489 642 1552 astronomici
678 1490 762 1551 velut
798 1490 1022 1566 abscondisset,
1055 1510 1122 1554 curu
1154 1501 1186 1552 et
1217 1492 1317 1571 pretio
1348 1490 1418 1553 libri
1449 1490 1605 1552 tenuiores

251 1576 501 1653 absterrerentur,
517 1576 616 1640 visum
637 1578 815 1653 satanicis,
839 1588 920 1643 recte
933 1599 981 1642 me
996 1587 1028 1643 et
1041 1600 1079 1642 ex
1097 1580 1193 1643 cilicio
1217 1581 1374 1656 factumm,
1398 1580 1424 1641 si
1438 1579 1610 1659 Epitomen‘

252 1665 471 1729 conscriberem
494 1667 549 1728 110.

339 1748 436 1804 literae
455 1754 559 1820 dacique
579 1756 610 1807 ab
623 1754 749 1806 Hanscbic
769 1756 889 1809 collectae
906 1763 1031 1809 testamur
1046 1758 1113 1809 banc
1125 1757 1227 1822 Koplcri
1242 1758 1402 1814 0001001100,
1421 1770 1481 1807 oum
1490 1757 1516 1806 tn
1529 1754 1603 1807 sulh

253 1838 339 1875 001000
358 1827 455 1889 propius
474 1826 507 1876 ad
524 1842 576 1893 rem
596 1828 737 1879 0000110101.

338 1894 562 1961 11000000010100
583 1898 820 1962 Petropolitauorum
843 1900 955 1952 volumen
972 1899 1038 1951 xiv.
1057 1901 1125 1951 foliis
1146 1901 1201 1965 plur
1225 1914 1299 1965 quam
1324 1896 1393 1947 1000
1417 1900 1501 1949 studia
1522 1898 1601 1949 refert

251 1966 353 2031 Koplsri
371 1967 404 2018 ad
421 1966 511 2019 Martia
528 1976 609 2019 motus
627 1970 790 2035 indagandos.
816 1970 883 2035 Opus
902 1974 980 2037 ipsum
998 1974 1096 2037 saepius
1115 1972 1269 2022 cesssionem
1293 1970 1375 2027 dabit,
1393 1986 1425 2021 ex
1441 1971 1489 2021 bac
1508 1969 1598 2020 001100-

251 2040 318 2089 11000
345 2040 467 2105 quaedam
494 2041 649 2105 excerpendi.
686 2042 742 2091 Janr
762 2046 901 2106 praemissis
928 2044 1040 2095 addimus
1058 2056 1103 2101 aa,
1131 2044 1218 2108 quibus
1243 2042 1367 2093 exorditur
1392 2040 1452 2091 illud
1475 2041 1598 2091 columen.

251 2110 335 2160 Prima
351 2111 430 2161 facias
454 2110 527 2162 affert
551 2112 669 2176 epistolae
687 2114 789 2177 Kepleri
814 2115 992 2180 fragmentum,
1017 2116 1049 2165 ad
1072 2114 1212 2180 theologiae
1236 2114 1360 2179 quandam
1382 2113 1557 2176 professorem.
1579 2114 1602 2162 ri

252 2180 377 2233 milleris
396 2177 644 2243 Rferareudirsime)
666 2182 806 2245 D(omine)
824 2183 934 2247 Plater)
956 2186 1019 2237 baec
1037 2186 1182 2237 0000101010
1209 2186 1275 2235 ticet
1311 2183 1449 2249 Sequentia
1464 2184 1604 2236 10110000-

252 2258 363 2319 spectum
383 2268 467 2303 eorum
486 2254 615 2317 praebent.
635 2268 698 2319 quas
717 2263 800 2307 mente
819 2257 941 2321 Keplcrus
960 2258 1074 2325 agitabat
1091 2258 1271 2321 comeripturur
1289 2271 1350 2321 opus
1367 2270 1446 2307 suum

341 2322 451 2388 Epistola
469 2324 532 2375 haee
552 2331 606 2375 est:

828 2400 861 2463 S.
907 2402 942 2462 P.
986 2400 1025 2462 D.

342 2482 476 2549 Obsecro
499 2485 644 2565 majorem
666 2484 697 2549 10
723 2487 856 2564 modum,
880 2496 915 2551 nt
935 2490 976 2552 R.
998 2489 1037 2551 D.
1060 2489 1095 2551 P.
1121 2507 1172 2559 00,
1203 2506 1278 2569 0000
1300 2486 1350 2548 bic
1372 2485 1475 2549 insunt
1496 2486 1601 2568 philo-

253 2572 378 2655 sophica
400 2592 467 2637 cum
488 2573 715 2657 metaphysicis,
739 2585 773 2638 ut
785 2576 839 2640 illa
856 2579 1000 2641 docentur
1015 2576 1127 2641 0011010
1143 2576 1175 2641 10
1190 2575 1303 2639 scholis
1317 2576 1438 2651 vestris,
1463 2576 1602 2640 conferat

252 2672 284 2727 et
305 2682 353 2725 me
376 2672 497 2725 moueat
518 2663 614 2726 sicubi
636 2664 777 2746 impingo.

339 2754 443 2816 Mente
474 2771 576 2816 carere
609 2764 738 2834 possunt
769 2755 931 2819 coelestia:
962 2755 1000 2817 de
1028 2764 1128 2817 mente
1157 2752 1249 2834 igitur
1278 2752 1401 2833 disputo
1427 2760 1545 2816 tantum
1567 2754 1601 2818 in

253 2861 319 2905 eum
348 2843 452 2918 finem,
485 2842 512 2906 si
541 2841 673 2906 fortasse
705 2842 867 2908 facultates
896 2845 1085 2926 magneticae
1108 2851 1140 2906 01
1168 2843 1329 2906 facultates
1362 2842 1507 2905 animales
1539 2863 1600 2905 non

254 2931 390 2996 sufficere
413 2931 503 2996 alicui
526 2932 695 2996 videantur.

339 3022 529 3084 Facultatem
550 3021 749 3102 magneticam
773 3041 852 3104 pono
876 3022 907 3084 in
930 3022 1017 3096 Sole,
1045 3042 1105 3104 qua
1126 3021 1171 3084 sio
1199 3019 1265 3101 agit
1286 3019 1316 3083 in
1340 3038 1467 3100 corpora
1492 3019 1600 3099 plane-

252 3119 360 3184 tarum,
383 3116 419 3173 ut
442 3111 506 3191 agit
527 3129 652 3190 magnes
675 3112 706 3173 iu
730 3113 857 3175 ferrum:
882 3113 940 3174 hoc
957 3119 1059 3173 tamen
1081 3109 1263 3184 discrimine,
1286 3110 1366 3191 quod
1389 3125 1513 3188 magnes
1536 3109 1600 3170 fer-

253 3219 318 3264 rum
340 3199 437 3282 magis
460 3199 615 3282 magisque
645 3201 772 3264 attrahit
793 3221 847 3284 per
875 3220 1030 3281 egressam
1056 3200 1178 3262 virtutis
1202 3218 1272 3261 0000
1301 3196 1468 3279 corporalis
1492 3198 1599 3259 imma-

251 3289 393 3352 teriatam
425 3290 572 3370 speciem:
604 3291 658 3354 Sol
687 3291 826 3371 planetas
853 3311 908 3372 per
940 3291 1064 3353 eandem
1097 3291 1145 3362 (ut
1173 3289 1216 3350 sic
1249 3287 1362 3362 dicam)
1391 3305 1511 3350 manum
1540 3307 1600 3350 non

253 3379 382 3442 attrahit
403 3378 539 3454 ulterius,
564 3381 618 3442 sed
648 3380 777 3443 retinere
806 3397 965 3462 secumque
988 3379 1208 3442 circumducere
1230 3377 1345 3440 nititur.

340 3468 374 3530 ln
398 3467 529 3546 planetis
551 3487 630 3548 ponc
654 3469 826 3552 facultates,
850 3468 1028 3547 magneticis
1051 3467 1222 3528 similiores.
1268 3466 1391 3528 Habent
1412 3463 1491 3526 enim
1512 3464 1601 3527 binos

251 3558 348 3640 00100,
373 3575 497 3638 quorum
512 3557 608 3618 altero
623 3557 741 3635 fugiunt
754 3577 773 3618 0
789 3556 871 3630 Sole,
890 3557 986 3618 altero
1000 3562 1145 3636 appetunt
1160 3555 1278 3629 Solem;
1293 3553 1364 3616 binc
1379 3552 1598 3615 eccentricitas.

339 3646 406 3707 Nec
423 3665 483 3706 una
496 3643 669 3724 hujusmodi
685 3645 814 3708 facultas
837 3644 945 3708 sufficit
966 3645 1115 3726 planetae.
1155 3642 1284 3724 Oportet
1298 3652 1328 3704 et
1343 3643 1471 3707 alteram
1487 3643 1598 3706 addere

252 3754 307 3816 pro
330 3733 556 3796 latitudinibus:
582 3733 630 3796 ubi
654 3734 743 3797 valde
772 3735 900 3808 haereo,
931 3754 969 3800 au
992 3742 1024 3796 et
1045 3733 1191 3818 quomode
1223 3733 1345 3796 sedibus
1377 3731 1600 3811 distinguantur

252 3825 283 3886 in
305 3842 365 3886 uno
388 3829 419 3884 01
435 3823 539 3885 eodem
561 3824 702 3904 planetae
721 3843 854 3906 corpore.
892 3825 977 3886 Haec
998 3821 1128 3886 facultas
1142 3831 1191 3884 est
1205 3821 1250 3883 illi
1267 3821 1456 3901 magneticae
1479 3818 1599 3896 similis,

252 3933 311 3996 000
333 3931 458 3991 magnes
481 3913 520 3974 ad
542 3913 644 3994 polum
667 3911 815 3993 dirigitur.

341 4000 474 4065 Cuilibet
496 4001 635 4064 facultati
657 4001 844 4082 magneticae
868 4002 997 4082 adjungo
1021 3999 1196 4064 facultatem
1213 3999 1381 4074 animalem,
1406 3997 1601 4061 convertendi

254 4107 362 4170 corpus
381 4109 465 4152 sunm
480 4089 561 4153 circs
574 4111 661 4154 axem
677 4093 824 4173 corporis,
846 4091 929 4154 nulla
943 4089 1140 4172 repugnantia
1156 4089 1322 4169 supposita,
1352 4086 1600 4168 aequabilisoima

253 4178 445 4242 contentione
467 4180 584 4244 virium.
630 4181 715 4243 Haec
738 4181 865 4261 derogat
887 4177 1083 4260 magneticae,
1106 4178 1248 4260 illamque
1270 4177 1372 4239 vincit.

343 4267 419 4332 Cum
447 4275 546 4332 autem
577 4277 723 4350 repugnet
750 4270 804 4332 illa
831 4269 909 4332 alias
941 4270 1067 4343 fortius,
1098 4267 1176 4329 alias
1207 4265 1402 4338 imbecillius,
1433 4264 1503 4326 binc
1526 4264 1597 4327 mibi

253 4358 386 4422 nascitur
410 4359 541 4438 suspicio
564 4359 684 4434 mentis,
708 4377 783 4441 quae
804 4359 908 4432 dictet,
932 4357 1004 4439 qnid
1026 4363 1166 4438 spectans
1189 4355 1329 4418 animalis
1360 4353 1490 4418 facultas
1518 4362 1598 4417 recte

252 4455 384 4530 pugnet:
408 4451 478 4528 quia
500 4447 699 4530 inaequaliter
722 4449 750 4510 ei
772 4454 964 4529 repugnatur.

342 4537 486 4610 Mentem,
510 4557 563 4599 seu
585 4537 733 4600 rationem
756 4537 823 4599 dico
842 4557 901 4600 non
923 4534 1163 4609 ratiocinantem,
1185 4532 1403 4595 discurrentem
1419 4531 1598 4612 (undsputo

256 4625 328 4690 oriri
350 4626 525 4688 numerandi
548 4626 753 4702 facultatem),
783 4625 838 4687 sed
858 4625 1034 4687 instinctam
1057 4623 1087 4685 in
1110 4621 1277 4696 creatione,
1302 4621 1398 4703 qualis
1420 4620 1452 4682 in
1473 4619 1598 4701 plantis,

254 4717 286 4780 in
308 4715 461 4778 01010110.
499 4715 598 4797 Saepe
614 4716 679 4797 quis
696 4714 848 4778 commode
866 4713 967 4788 sentit,
992 4721 1025 4775 at
1043 4711 1227 4774 incommode
1250 4717 1303 4776 aut
1320 4709 1473 4785 100οἰ1010,
1498 4715 1529 4770 01
1551 4709 1595 4773 010

256 4807 382 4870 01000010
404 4803 544 4886 loquitur.
592 4804 708 4868 Contra
730 4823 822 4885 saepe
844 4803 912 4885 quis
934 4821 1030 4864 novas
1052 4799 1219 4863 sententias
1247 4797 1369 4862 usitatis
1392 4807 1424 4862 et
1445 4798 1597 4863 000εο0110

253 4895 377 4960 0001100
400 4893 537 4967 efferens,
560 4913 618 4958 uon
639 4893 781 4975 exprimit
807 4901 937 4954 autnon
959 4890 1103 4971 imprimit
1124 4886 1288 4952 lectoribus
1311 4888 1401 4949 animi
1425 4887 1473 4950 sui
1495 4907 1595 4951 sensa.
1629 4891 1633 4900 '

341 4983 407 5063 Ego
423 4982 450 5047 si
463 5003 585 5066 possem
599 4983 650 5048 via
663 4982 801 5047 incedere
816 4980 926 5057 media,
944 4999 1004 5044 non
1017 4979 1209 5061 negligerem,
1230 4977 1332 5060 itaque
1346 4976 1432 5059 cupio
1443 4976 1543 5068 jurari
1555 5005 1596 5026 -··

256 5068 447 5139 (0000001101).
