3517 5525
589 410 652 471 Part
669 414 760 473 Prima
802 414 883 487 Caput
900 414 945 471 VI-
1035 376 1040 400 Ι

95 3021 156 3085 per
177 2994 299 3064 tineam
320 2999 389 3064 VC.
434 3003 485 3068 Ac
506 3005 565 3068 etsi
584 3003 670 3067 nno
689 2999 773 3065 erc
799 3001 904 3064 Terra
927 3009 980 3074 eet,
999 3001 1135 3084 perinde
1156 3009 1261 3065 tamen
1285 3011 1339 3076 est,
1353 3004 1447 3066 *cori

99 3097 180 3153 earet
200 3090 237 3152 in
259 3090 442 3174 liparem,
473 3093 557 3156 node
587 3093 738 3176 dependet
763 3091 872 3173 prium
901 3087 1119 3173 inaequalitas.
1169 3091 1326 3174 Captatur·
1348 3093 1447 3174 tpitnr

98 3181 317 3244 irate-remeatis
339 3177 426 3244 locun
445 3181 593 3262 planctae
613 3184 670 3244 cub
684 3181 774 3264 fleis,
798 3181 918 3261 quoties
940 3180 976 3240 in
997 3178 1099 3244 lineae
1122 3176 1179 3240 OV
1199 3182 1313 3260 puncto
1337 3181 1444 3260 aliquo

99 3271 267 3351 ereptore
284 3267 316 3329 V
337 3267 425 3333 ultro
441 3269 466 3333 Ο
483 3271 587 3352 suerit
608 3271 694 3333 crium
718 3269 800 3350 (esto
822 3269 857 3329 in
878 3265 974 3329 lineis
996 3265 1062 3341 GV,
1089 3265 1146 3328 OG
1169 3275 1199 3329 et
1220 3263 1387 3352 opponitis)
1411 3277 1459 3352 ut,

98 3359 200 3438 sumt
223 3363 363 3421 cote-nm
385 3361 565 3442 matanatis
579 3358 757 3443 planetarii
776 3357 812 3419 ire
827 3353 944 3419 circulo
960 3355 1026 3430 VP,
1043 3353 1110 3418 aiot
1131 3355 1166 3418 ire
1181 3355 1215 3419 S·¹
1228 3366 1257 3422 et
1272 3355 1310 3433 G,
1334 3377 1447 3441 corpus

95 3447 249 3532 planetae
272 3468 288 3508 e
309 3448 436 3530 repiocc
457 3451 493 3512 in
517 3447 555 3520 0,
575 3450 615 3522 F;
640 3447 697 3510 etsi
719 3447 748 3508 in
771 3445 890 3516 theutin
904 3443 1013 3505 Martis
1037 3445 1219 3508 eoeeutricus
1242 3447 1382 3526 planetae
1408 3446 1447 3507 ad

100 3534 409 3622 ecceutricumqsolis
432 3538 461 3599 iu
485 3537 591 3599 minori
614 3536 804 3617 proportione
828 3541 890 3610 est,
919 3535 994 3595 adeo
1018 3540 1050 3597 ut
1074 3535 1257 3598 ecceutricus
1281 3534 1390 3598 Martia
1415 3541 1447 3596 et

101 3631 218 3706 puncta
239 3621 283 3697 0,
304 3625 337 3690 F
370 3625 444 3688 liant
470 3625 526 3707 ipsi
552 3625 577 3689 Ο
601 3627 712 3688 Terrae
743 3625 882 3706 propiora
906 3643 993 3704 quarn
1017 3621 1039 3686 S
1063 3620 1136 3686 Sol:
1168 3643 1244 3706 quae
1277 3645 1337 3688 uua
1367 3623 1446 3686 inter

100 3734 218 3801 causas
235 3710 301 3788 fuit,
336 3731 388 3776 cur
409 3717 544 3778 Braheus
569 3715 683 3778 orbium
714 3715 899 3777 soliditatem
930 3721 1066 3792 negaret.
1113 3713 1159 3775 Ex
1188 3713 1324 3794 pluribus
1356 3713 1447 3794 igitur

99 3803 175 3867 locis
199 3800 368 3883 hujusmodi
383 3812 423 3889 pt
446 3806 563 3867 omuino
587 3825 625 3867 ex
648 3804 792 3878 totidem,
823 3810 897 3883 quot
924 3801 1027 3864 haberi
1054 3808 1196 3882 potuere,
1221 3803 1321 3886 Tycho
1345 3804 1444 3865 Braho

100 3894 210 3956 solitus
233 3897 283 3954 est
304 3893 487 3973 inuestigare
515 3893 741 3976 inaequalitatis
767 3893 880 3974 primae
908 3890 1101 3973 hypothesin,
1135 3892 1270 3972 seposita
1302 3892 1445 3971 amplitu-

103 3984 172 4044 dine
195 3980 278 4042 orbis
292 3981 360 4058 VP,
385 4002 478 4064 eaque
501 4001 555 4064 pro
578 3985 664 4046 unico
682 3989 793 4065 puncto
817 3979 987 4054 aestimata,
1012 3979 1097 4060 qnasi
1113 3979 1169 4042 VP
1187 3989 1319 4043 centrum
1344 3991 1442 4066 syste-

102 4071 194 4132 matis
210 4069 382 4152 planetarii,
402 4092 454 4134 seu
469 4081 611 4154 punctum
628 4071 786 4146 affixlouis,
806 4069 924 4132 interim
935 4068 1108 4149 quievisset.
1132 4071 1180 4143 Ita
1194 4071 1446 4149 comparationem

102 4158 236 4222 institnit
263 4161 408 4240 temporis
436 4161 592 4242 interlapsi
617 4171 648 4224 et
671 4163 859 4241 angulorum,
890 4177 962 4238 quos
987 4156 1046 4219 VO
1071 4167 1101 4219 et
1124 4159 1174 4220 PF
1197 4179 1232 4220 ex
1256 4179 1314 4220 uuo
1337 4167 1447 4240 puuoto

101 4251 230 4312 eductae
254 4248 507 4321 (coincidentibus
530 4252 569 4327 V,
593 4250 643 4326 P),
668 4251 908 4320 conformaraut,
943 4248 991 4329 qui
1022 4247 1139 4327 quidem
1167 4256 1236 4309 suut
1265 4249 1355 4311 iidem
1380 4269 1446 4312 cum
1521 4277 1526 4288 ·

104 4339 222 4419 augulis
246 4334 330 4400 OOF
350 4339 399 4401 vel
422 4337 517 4402 VOP.

189 4425 268 4488 Esto
287 4426 352 4507 jam
376 4429 515 4491 coniecta
537 4428 707 4509 pragmatio
730 4435 761 4489 et
783 4427 910 4506 prodeat
933 4425 1012 4487 linea
1033 4423 1169 4504 apsidum
1190 4426 1349 4489 ecceutrici
1364 4423 1447 4489 VLD
1475 4498 1478 4504 ¹

103 4517 152 4578 vel
174 4515 274 4586 ΡΗ),
305 4516 498 4602 Dpunctum
529 4518 734 4597 aequaturium
762 4525 792 4578 et
814 4516 841 4577 L
871 4522 1006 4576 centrum
1035 4514 1195 4576 ecceutrici
1222 4515 1253 4577 iu
1276 4516 1334 4578 hac
1357 4517 1446 4592 linea,

102 4614 134 4668 et
167 4605 355 4669 ecceutricus
377 4605 441 4669 ΗΟ
474 4616 505 4669 et
527 4608 602 4681 ΕΗ,
627 4612 658 4667 et
680 4605 862 4685 respoudeat
894 4605 969 4666 haec
1001 4602 1175 4684 hypothesis
1209 4605 1342 4667 omuibus
1372 4605 1446 4665 locis

102 4697 247 4776 planetae
282 4695 450 4758 observatis
491 4697 547 4759 sub
585 4694 728 4759 articulos
760 4694 957 4774 oppositionis
981 4692 1131 4772 'planetae
1170 4713 1234 4756 cum
1269 4694 1349 4757 Solis
1381 4694 1447 4755 luco

101 4784 208 4847 medio.
307 4793 310 4796 ’

192 4871 287 4935 Mitto
310 4873 340 4934 iu
364 4891 510 4953 praeseus
534 4873 706 4953 diligentius
726 4880 874 4948 excutere,
899 4881 998 4936 utrum
1011 4867 1086 4931 haec
1100 4870 1275 4953 hypothesis
1294 4870 1322 4930 iu
1338 4887 1447 4948 genere

102 4962 239 5047 physicis
265 4961 421 5044 principiis
449 4963 491 5026 sit
514 4971 732 5038 consentanea,
756 4963 785 5024 iu
810 4982 868 5043 qua
891 4961 944 5026 Sol
967 4963 1091 5024 Terram
1115 4961 1251 5024 circumit
1272 4966 1370 5022 mente
1393 4977 1449 5024 sun
