3517 5525
552 397 755 455 ransom
791 400 956 471 capam.
1359 400 1425 471 243

83 579 178 664 (11111,
199 586 236 643 nt
250 578 322 657 0111,
339 587 481 647 10111111
497 588 622 659 certum,
635 582 758 665 duplam
772 584 855 660 esse)
869 580 1109 666 cognoscendam
1121 514 1307 665 perducebat
1332 578 1425 647 cum.
1439 638 1442 647 ,

84 689 140 754 que
161 669 403 735 Ptolemaeus
432 669 531 735 tribus
560 669 742 755 ἀιροννχιοις
774 674 1035 739 observationibus
1063 679 1095 735 et
1121 672 1179 737 hac
1209 680 1429 755 praeconcepta

84 758 226 841 opinione
249 760 286 823 de
308 758 499 842 proportione
526 752 788 825 eccentricitatum'
809 765 963 827 educeret
985 770 1017 827 et
1038 761 1164 843 apogaei
1186 762 1284 826 locum
1306 769 1337 825 et
1359 782 1428 825 coru·

83 848 250 933 rectionem
271 848 467 931 longitudinis
487 851 613 926 mediae,
641 850 767 933 deniquo
788 861 820 915 et
841 854 1039 936 quantitatem
1066 850 1337 915 eccentricitatnm:
1366 851 1430 913 vidi

85 957 165 1019 ego,
189 938 219 1001 si
232 937 387 1019 problema
401 930 466 1003 'hoc
488 946 681 1003 enervaretur
706 940 858 1023 (surrepto
880 942 1030 1005 axiomata
1053 941 1089 1003 de
1104 939 1297 1021 proportione
1320 958 1428 1003 eccen-

83 1026 278 1103 tn'citatum),
302 1045 411 1109 vagum
428 1028 559 1093 futurum
577 1036 610 1091 et
622 1048 713 1093 casus
734 1050 793 1094 non
807 1031 905 1106 nnius,
929 1030 1029 1115 itaque
1052 1036 1159 1111 quarta
1180 1030 1301 1110 insuper
1324 1028 1430 1093 obser-

84 1117 206 1180 vatione
228 1112 392 1199 ἀκρωιχιφ
414 1116 549 1181 vicissim
570 1119 755 1181 firmandum
792 1120 860 1185 Hac
874 1120 967 1201 igitur
984 1125 1049 1184 arte
1072 1119 1235 1182 instructus
1249 1138 1327 1183 anno
1346 1114 1430 1183 1600

85 1208 122 1271 nd
143 1204 357 1287 Tychonem
386 1205 457 1271 veni
487 1206 644 1290 laetusque
675 1208 783 1286 didici,
815 1210 853 1273 ab
886 1209 952 1291 ipso
981 1226 1098 1292 quoque
1128 1206 1342 1289 investigatam
1369 1226 1430 1271 non

85 1301 254 1360 assumtam
276 1294 354 1358 hanc
376 1295 615 1377 proportionem,
637 1303 672 1360 ut
693 1299 809 1361 numeri
831 1299 896 1379 ejus
923 1298 1065 1363 indicant.
1110 1296 1199 1359 Facit
1221 1296 1299 1361 enim
1322 1314 1430 1361 eccen-

85 1383 151 1448 trici
165 1382 403 1465 (copemieani,
431 1394 510 1465 enjus
530 1393 651 1451 dotmtio
671 1402 716 1453 ert
735 1396 814 1453 inito
834 1412 896 1469 sap.
917 1398 953 1454 v.
973 1397 1057 1469 hujus
1077 1390 1154 1466 libri)
1169 1392 1303 1449 centrum
1316 1385 1429 1449 dismre

86 1473 196 1537 avisu
222 1467 332 1537 13680
352 1472 525 1554 particulis,
556 1494 680 1559 quarum
709 1475 779 1539 aliis
806 1474 893 1542 3780
923 1485 1066 1558 punctum
1096 1474 1289 1556 aequalitatis
1312 1474 1350 1537 ab
1372 1474 1430 1537 hoc

85 1562 222 1625 uicissim
244 1560 348 1639 distet,
371 1562 451 1645 quod
473 1570 556 1626 esset
577 1564 608 1625 in
630 1564 727 1627 forma
747 1565 943 1642 Ptolemaica,
968 1585 1004 1628 ac
1025 1565 1053 1629 si
1074 1562 1249 1628 distantiam
1262 1570 1431 1627 centorum

85 1652 166 1716 risus
182 1658 217 1713 et
230 1650 391 1714 eccentrici
404 1652 520 1716 laceret
542 1648 641 1729 9900,
662 1653 807 1735 reliquam
823 1656 903 1719 inter
917 1662 1053 1719 caunum
1071 1653 1230 1719 eccentrioi
1245 1660 1277 1717 et
1288 1658 1429 1734 puuctum

86 1740 283 1825 aequalitatis
306 1736 402 1805 7560.
740 1799 743 1812 ,
941 1776 945 1787 ·

168 1830 265 1893 Potui
294 1828 413 1915 quidem
434 1836 467 1893 et
487 1828 554 1915 ipse
576 1830 621 1894 uti
652 1830 859 1897 dimidiatione
885 1851 942 1915 pro
974 1839 1070 1909 certa,
1099 1832 1188 1913 idque
1219 1829 1336 1895 meliori
1362 1828 1430 1911 jure

84 1940 171 2006 quam
184 1918 393 1995 Ptolemaeus,
416 1918 487 2002 quia
502 1919 534 1981 in
549 1919 698 2003 Mysterio
711 1940 777 1983 meo
793 1941 859 2003 cap.
874 1922 977 1985 xxm.
993 1940 1116 1985 cansam
1134 1920 1199 2000 ejus
1213 1918 1430 1985 dimidiationis

84 2010 244 2096 physicam
266 2008 446 2085 attuleram
469 2027 573 2071 verum
595 2008 633 2071 ob
655 2009 687 2072 id
708 2010 807 2091 ipsum
828 2011 869 2073 ad
885 2012 1055 2097 Tyohenem
1076 2028 1226 2079 veneram,
1249 2016 1283 2074 nt
1305 2009 1430 2089 exejus

87 2097 349 2164 observationibus
376 2098 407 2160 in
433 2117 501 2161 mea
528 2097 642 2178 placita
672 2098 775 2162 libello
809 2100 891 2163 dicto
922 2100 1112 2181 promulgata
1140 2098 1251 2163 certine
1282 2097 1430 2179 inquirere

85 2207 227 2272 possem:
258 2186 338 2271 quod
368 2187 487 2269 quidem
515 2186 575 2249 feci
603 2188 668 2250 sine
699 2187 883 2268 praejudicio
913 2196 947 2252 et
971 2189 1133 2253 etiamnum
1163 2187 1251 2251 facio.
1313 2185 1432 2259 Quodsi

85 2277 297 2361 supervixero,
321 2277 420 2357 quoad
442 2275 628 2339 astronomia
651 2297 736 2341 suam
756 2278 919 2359 puritatem
942 2285 974 2342 et
994 2278 1208 2360 perfectionem
1230 2276 1430 2353 nanciscatur,

86 2377 118 2430 ut
145 2368 178 2429 in
211 2385 305 2428 causa
336 2366 442 2447 (qnam
469 2366 501 2428 in
529 2365 581 2428 illo
614 2365 718 2430 libello
750 2366 789 2430 ad
820 2368 886 2448 ejus
914 2367 1045 2431 tribuual
1077 2366 1212 2441 devolvi)
1240 2362 1431 2447 pronunciari

84 2456 193 2539 possit,
215 2454 362 2536 polliceor
382 2454 499 2531 lectori,
521 2474 568 2517 me
591 2453 725 2519 libellum
746 2457 832 2524 illum
852 2464 1083 2521 retractaturum
1100 2463 1132 2519 et
1149 2454 1339 2531 confirmatis,
1354 2470 1430 2537 quae

87 2544 385 2695 {effideprssilffdi'
416 2543 534 2626 reliqna
563 2563 641 2627 quae
669 2564 757 2609 secus
786 2545 901 2609 habeut
922 2546 1057 2613 fideliter
1087 2546 1285 2609 donaturum.
1333 2548 1430 2617 (camp.

111 2650 127 2685 o
203 2648 229 2699 p.

176 2704 242 2770 Sed
263 2705 304 2768 ad
324 2721 397 2770 rem.
438 2703 549 2772 Gentro
568 2704 595 2768 B
614 2708 680 2782 (th-
699 2708 745 2778 ιι)
769 2704 918 2774 scribatur
941 2706 1124 2772 eccentricus
1137 2702 1195 2770 FG
1206 2725 1214 2769 ι
1227 2705 1270 2770 ‘in
1283 2722 1319 2768 eo
1332 2704 1431 2792 perB

88 2795 235 2860 diameter
253 2795 389 2878 apsidum
407 2794 463 2872 HL
484 2813 539 2877 per
556 2793 672 2878 aliquot
685 2815 782 2860 annos
795 2799 882 2880 quasi
896 2795 1100 2862 immutabilis.
1137 2796 1204 2859 Hoc
1224 2796 1251 2860 si
1267 2794 1432 2877 periculum

88 2886 201 2949 erroris
217 2885 352 2963 haberet,
371 2904 430 2948 non
446 2885 589 2948 deessent
601 2883 687 2947 nobis
705 2886 805 2950 media
816 2886 874 2950 hoc
889 2907 1005 2970 quoque
1021 2885 1155 2950 cavendi.
1187 2885 1223 2948 In
1235 2884 1293 2948 hac
1307 2884 1387 2948 iufra
1404 2884 1430 2947 B

87 2979 130 3043 sit
149 2979 183 3042 A
205 2977 300 3054 visus,
331 2993 422 3056 supra
443 2975 470 3037 B
494 2974 536 3038 sit
558 2971 583 3038 C
606 2981 742 3041 centrum
768 2976 862 3053 illud,
894 2977 973 3058 apud
996 2976 1075 3059 qnod
1097 2975 1199 3055 anguli
1222 2972 1330 3055 spatiis
1352 2980 1431 3035 tem-

85 3087 193 3150 porum
214 3067 497 3151 proportionantur,
520 3081 587 3126 cum
615 3061 694 3125 circa
716 3064 746 3128 A
770 3065 818 3138 (ut
837 3065 930 3146 paulo
953 3084 1044 3146 supra
1074 3063 1200 3138 dictum)
1221 3081 1282 3126 non
1302 3080 1431 3144 propor-

86 3157 251 3220 tionentur.
300 3154 371 3219 Sint
398 3162 500 3217 autem
527 3153 567 3226 F,
592 3148 638 3226 G,
662 3150 758 3230 D,E
792 3154 1019 3218 observationes
1051 3161 1177 3236 quatuor
1205 3169 1259 3232 per
1288 3149 1432 3214 ambitum

85 3246 191 3310 circuli
214 3245 402 3327 dispositae,
425 3241 610 3323 sicquidem
631 3247 665 3303 ut
685 3242 818 3322 planeta,
841 3251 951 3307 exutus
972 3241 1186 3326 inaequalitate
1209 3239 1358 3315 secunda,
1387 3239 1433 3302 sio

86 3343 248 3422 appareat,
279 3333 364 3418 quasi
387 3333 471 3396 visus
493 3331 524 3393 in
545 3331 577 3395 A
603 3329 722 3394 fnisset.
766 3331 847 3396 Nam
878 3333 957 3414 apud
979 3331 1230 3397 Ptolemaeum
1261 3328 1381 3412 quidem
1401 3327 1432 3391 A

86 3448 157 3493 vere
180 3427 265 3490 locus
288 3433 338 3488 eet
359 3425 444 3486 visus
458 3439 511 3484 seu
534 3426 668 3484 centrum
681 3422 803 3497 Terrae,
826 3423 906 3504 apud
922 3423 1133 3506 Tychauem
1154 3438 1226 3483 vero
1246 3426 1278 3482 et
1293 3417 1432 3501 (loper-

86 3519 208 3583 nicum
235 3515 319 3579 visus
341 3521 391 3577 est
411 3512 442 3574 in
469 3509 549 3574 linea
569 3510 642 3586 FA,
666 3509 742 3587 GA,
767 3510 838 3588 DA,
861 3511 929 3589 EA,
953 3519 984 3575 et
1005 3513 1036 3578 A
1058 3509 1113 3575 Sol
1136 3517 1192 3574 est
1239 3508 1338 3589 Supra
1359 3527 1431 3570 vero

86 3609 286 3682 dictumest,
318 3611 443 3685 utraque
465 3599 582 3666 ratione
610 3598 764 3679 planetam
792 3599 1009 3684 inaequalitate
1041 3598 1172 3664 secunda
1201 3598 1325 3682 perinde
1352 3597 1430 3660 exui.

88 3699 317 3764 Connectantur
337 3700 438 3758 autem
460 3696 573 3770 puncta
595 3687 695 3751 omnia
717 3709 783 3752 cum
806 3691 963 3754 omuibus:
987 3698 1020 3753 et
1041 3690 1082 3753 sit
1103 3690 1159 3754 AF
1180 3687 1212 3751 in
1234 3682 1296 3752 25⁶
1317 3681 1373 3750 43‘
1387 3697 1430 3774 tp,

85 3771 1103 3861 160261431010101211610,0130171310μὸ
1127 3781 1431 3857 (compensare.)

85 3865 165 3939 Hinc
189 3875 299 3937 dantur
322 3879 448 3954 quatuor
470 3866 572 3949 anguli
594 3868 675 3930 circa
695 3870 742 3944 A,
765 3888 871 3951 nempe
893 3869 981 3933 FAG
1005 3863 1065 3932 91⁰
1086 3865 1120 3932 0‘
1130 3915 1138 3944 ,
1173 3863 1262 3932 GAD
1285 3861 1344 3928 750
1367 3861 1430 3942 33⁴,

86 3966 175 4032 ΒΔΕ
195 3961 256 4028 650
280 3957 481 4042 15²1„EAF
504 3953 584 4020 1280
608 3950 713 4041 11010.
759 3957 820 4032 Qui
842 3965 914 4021 sunt
935 3955 1102 4038 corrigendi
1123 3955 1257 4019 nonnihil
1280 3954 1318 4016 ob
1340 3972 1431 4035 prae-

87 4057 256 4120 cessionem
278 4048 542 4134 aequinoctiorum.
580 4045 642 4110 Sub
665 4046 733 4110 fixis
755 4047 834 4109 euim
855 4047 979 4126 planeta
1000 4066 1061 4110 non
1082 4051 1145 4108 tam
1165 4044 1254 4126 longe
1276 4051 1431 4125 promotus

87 4153 136 4210 eet
156 4145 190 4208 in
204 4142 242 4206 E*
254 4141 361 4205 ultima
383 4134 603 4209 observatione,
626 4155 714 4216 quam
735 4135 885 4200 indicatur
906 4155 961 4217 per
973 4135 1031 4199 hoe
1043 4153 1192 4199 numeros.
1232 4133 1332 4206 Quare
1347 4131 1430 4196 Fae

86 4235 178 4318 paulo
202 4239 251 4296 est
271 4231 378 4312 major,
400 4225 508 4308 reliqui
522 4231 607 4287 tanto
630 4224 769 4288 minores.
807 4224 923 4288 Eodem
945 4226 1033 4288 modo
1052 4245 1090 4288 ex
1104 4221 1307 4289 subtractione
1330 4222 1431 4306 longi·

87 4326 226 4390 tudinum
247 4320 395 4385 habentur
417 4325 450 4381 et
471 4313 573 4395 anguli
597 4314 678 4376 circa
701 4313 735 4380 0.
803 4341 809 4354 ·

174 4406 409 4493 Propositio.
456 4405 587 4488 Oportet
613 4402 678 4484 jam
709 4403 836 4485 angulos
858 4403 946 4468 FAH
973 4409 1005 4466 et
1024 4401 1108 4468 FGH
1136 4407 1239 4464 tantos
1267 4420 1428 4478 assumere,

88 4513 123 4569 ιιι
150 4504 191 4567 iis
221 4501 331 4583 positis
354 4507 385 4563 et
414 4502 526 4578 puncta
546 4493 583 4570 F,
607 4491 646 4568 G,
669 4494 707 4568 D,
730 4492 758 4554 Ε
789 4499 874 4556 stent
894 4493 927 4558 iu
953 4512 1011 4556 uno
1041 4492 1167 4566 circulo,
1196 4497 1227 4553 et
1247 4492 1274 4555 B
1296 4499 1431 4564 centrum

88 4595 172 4657 illius
194 4591 300 4655 circuli
322 4586 364 4652 sit
385 4589 464 4651 inter
486 4583 523 4660 0,
546 4581 578 4645 A
597 4588 709 4662 puncta
731 4581 762 4643 iu
784 4582 864 4646 linea
887 4581 954 4646 CA.

176 4697 336 4764 Solutio
357 4715 418 4758 non
439 4700 489 4756 est
519 4688 717 4771 geometrica,
747 4688 895 4770 siquidem
925 4689 1050 4771 algebra
1079 4686 1261 4768 geometrica
1282 4707 1342 4754 non
1364 4692 1428 4749 ast:

1 4838 2 4847 ι
89 4793 144 4856 sed
161 4791 197 4854 lit
213 4807 269 4871 per
290 4785 441 4869 duplicem
462 4780 572 4845 falsam
593 4777 781 4860 positionem.
796 4774 840 4854 00)
875 4780 955 4844 Nam
972 4787 1004 4842 et
1025 4777 1149 4858 algebra
1166 4777 1215 4840 hic
1230 4796 1286 4842 uos
1307 4774 1429 4852 deserit,

0 4939 1 4962 ,
89 4879 161 4966 quia
182 4878 307 4945 nomina
327 4874 403 4940 artie
425 4870 518 4936 rectis
540 4866 758 4936 communicata
778 4886 833 4951 per
853 4877 955 4934 rectas
973 4887 1032 4934 non
1054 4865 1227 4932 derivantur
1249 4864 1429 4948 inaugulos,

1161 4969 1220 5030 tt*
