3517 5525
496 404 1088 467 acamnwmumnnsmsunm
1257 466 1260 471 ,
1397 406 1459 477 105

119 585 145 649 in
174 583 211 664 Υ
241 583 373 649 volvitur
404 584 488 648 circa
517 604 606 649 axem
637 607 657 649 a
688 584 894 668 septentrione
925 606 979 668 per
998 578 1163 668 'regionem
1187 583 1226 663 Θ
1250 586 1280 649 in
1314 595 1459 663 austrum,

119 682 218 738 confla
239 676 270 737 iu
292 685 350 743 a
395 674 517 756 Ergone
539 675 616 737 haec
647 695 741 739 causa
771 694 925 752 recessus,
957 677 1011 739 illa
1043 694 1136 739 causa
1163 694 1303 739 accessus
1333 677 1371 739 ad
1396 674 1459 754 (92²

118 766 188 829 Iteuu
208 764 242 827 iu
264 764 301 843 Υ
323 772 355 827 et
377 774 427 831 a
448 763 514 828 dies
536 772 702 845 aequantur
724 764 862 829 noctibus
886 767 915 829 in
947 772 1011 828 toto
1039 765 1145 851 globo,
1180 766 1209 828 in
1233 780 1276 839 m,
1301 771 1333 841 ᾖ
1357 780 1460 846 partes

118 853 192 933 globi
222 862 330 917 carnut
359 854 436 919 luce.
480 854 531 917 Au
554 852 645 933 igitur
676 855 750 917 baec
781 872 876 917 causa
899 854 1060 919 accessus?
1092 854 1358 931 (inmergtmnNB.
1382 857 1461 919 roier

32 1003 33 1010 ,
116 942 144 1005 iu
164 940 417 1017 commentaria)

197 1030 262 1095 Sed
283 1028 380 1097 missa
401 1031 433 1095 iu
454 1049 599 1113 praeseus
621 1030 678 1093 bac
700 1029 892 1111 inquisitione
916 1032 1072 1095 redeamus
1104 1030 1143 1093 ad
1172 1031 1295 1095 schema
1325 1034 1459 1112 corporis

117 1119 223 1184 uarat
270 1120 338 1184 Duo
370 1119 447 1183 dixi:
488 1120 521 1194 1)
553 1119 649 1183 sinum
680 1138 799 1183 versum
826 1120 870 1183 IN
898 1121 996 1183 metiri
1027 1120 1244 1201 portiunculam
1279 1121 1458 1207 librationis,

117 1217 245 1273 testante
266 1210 323 1273 boc
337 1210 524 1291 experientia
537 1208 787 1274 obseruationum.
825 1206 860 1284 2)
880 1206 986 1273 Sinum
1000 1218 1112 1273 rectum
1129 1208 1194 1283 ΟΝ,
1209 1210 1312 1291 vigore
1328 1211 1454 1273 demun-

117 1298 266 1363 strationis
287 1300 319 1364 iu
343 1296 464 1380 Optiois
490 1298 624 1379 positae,
657 1298 755 1360 metiri
787 1298 992 1361 fortitudinem
1024 1317 1164 1361 accessus
1196 1298 1245 1361 vel
1279 1298 1457 1365 librationis.

118 1388 195 1451 Haec
217 1388 276 1452 duo
299 1387 406 1469 putavi
429 1387 574 1451 hacteuus
597 1406 665 1449 esse
687 1388 854 1461 contraria,
883 1396 916 1449 st
937 1388 1056 1451 videtur
1078 1387 1157 1469 quod
1180 1407 1248 1449 uon.
1293 1390 1374 1452 Nam
1398 1390 1460 1453 elia

119 1486 160 1540 eat
180 1496 323 1541 mensura
345 1476 529 1540 tortitudinis
553 1475 737 1549 librationis,
770 1476 832 1539 elia
860 1496 1002 1541 mensura
1020 1476 1084 1559 jam
1115 1476 1270 1538 coniectae
1294 1478 1459 1557 particulae

119 1566 293 1630 bbratoriae.
330 1566 398 1631 Illic
411 1566 678 1647 IFrepraeaeutat
695 1564 885 1629 librationem
908 1573 1015 1639 totam,
1038 1566 1084 1629 IN
1098 1574 1216 1647 partem
1238 1576 1458 1649 competentem

118 1656 280 1719 anomaliae
315 1656 446 1719 eoccutri
475 1673 530 1737 per
560 1652 604 1719 ΙΟ
636 1654 784 1735 signatae.
837 1653 895 1717 Hic
927 1655 983 1719 DB
1015 1662 1226 1736 repraesentat
1253 1655 1457 1719 fortitudinem

118 1745 282 1821 mximam,
305 1742 361 1809 ΟΝ
385 1744 589 1808 fortitudinem
617 1742 648 1807 iu
680 1744 782 1825 angeli
806 1742 876 1807 ΟΒΙ
899 1753 1061 1807 momento.
1106 1746 1153 1808 At
1174 1752 1205 1805 ut
1230 1744 1285 1807 DB
1309 1764 1367 1807 uon
1391 1745 1456 1827 sig-

118 1834 210 1897 nificat
231 1854 336 1899 omnes
360 1832 551 1897 fortitudines
569 1832 705 1913 junctim,
729 1834 774 1895 ita
796 1852 850 1895 nec
867 1831 923 1897 ΟΝ
942 1833 1134 1897 fortitudines
1158 1852 1261 1895 omues
1283 1853 1338 1916 per
1360 1842 1457 1899 totum

119 1942 210 1987 mcum
224 1922 394 1987 anomaliae
410 1920 461 1986 cl.
494 1923 540 1984 At
553 1923 579 1985 si
594 1922 721 2003 colligas
734 1941 880 1985 summam
895 1923 1011 1985 sinuum
1025 1918 1078 1998 90,
1097 1940 1173 2004 quae
1188 1931 1235 1985 eet
1249 1918 1456 1997 578913110,
1544 1958 1546 1964 v

118 2013 183 2075 baso
205 2022 256 2076 est
277 2031 418 2077 mensura
441 2011 656 2084 fortitudinum,
680 2030 802 2093 quarum
826 2010 945 2093 quidem
968 2013 1092 2073 effectus
1116 2011 1279 2074 communis
1300 2021 1348 2076 est
1361 2012 1456 2076 lion-

119 2100 198 2166 tiouis
216 2102 374 2167 dimidium
391 2103 440 2165 vel
454 2101 507 2165 ΒΙ.
533 2102 584 2165 Ita
597 2119 669 2181 ergo
684 2100 777 2163 etiam
795 2100 821 2163 si
835 2100 961 2181 colligas
985 2119 1131 2165 summam
1154 2098 1268 2162 sinuum
1293 2101 1331 2164 ad
1354 2120 1456 2165 omues

119 2191 220 2270 gradus
242 2192 274 2254 iu
298 2188 357 2268 ΟΙ,
390 2191 464 2253 haec
496 2191 636 2253 metietur
667 2190 885 2270 portiunculam
916 2190 1072 2253 coniectae
1105 2189 1287 2266 librationis,
1320 2209 1396 2272 quse
1430 2192 1457 2254 si

118 2288 227 2345 mom
248 2280 359 2361 prodet
379 2280 506 2356 lineam,
536 2287 650 2361 quauta
671 2286 719 2341 cst
741 2278 787 2343 NI
810 2298 915 2343 versus
939 2280 1033 2352 sinus,
1055 2297 1149 2361 aquo
1172 2286 1236 2341 stat
1259 2280 1456 2361 experientia,

120 2377 179 2431 tuuc
206 2368 432 2433 conciliavimus
454 2368 671 2451 experientiam
693 2386 760 2430 cum
783 2368 1037 2431 demonstratione
1061 2368 1166 2431 librae.
1203 2368 1378 2433 Videamus.
1408 2368 1458 2433 Sil

118 2454 153 2521 10
172 2459 299 2539 primum
323 2456 392 2523 ³0⁰.
440 2456 565 2521 Summe
587 2459 704 2521 sinuum
727 2454 771 2521 30
793 2458 953 2537 primorum
982 2465 1030 2519 est
1053 2452 1246 2533 73253831;
1269 2454 1456 2523 578.....;

123 2542 613 2613 1000002192....;13091.
659 2550 704 2609 At
732 2548 814 2609 sinus
843 2565 949 2609 versus
982 2542 1107 2612 30⁰est
1138 2542 1253 2622 13397,
1287 2546 1458 2610 differentia

30 2641 31 2650 ’
120 2636 283 2720 perexigua.
312 2636 380 2701 'Sit
411 2637 542 2700 secundo
573 2632 615 2699 ΙΟ
646 2630 715 2711 60⁰,
749 2634 807 2698 erit
837 2635 893 2699 siu.
927 2656 1006 2699 vers.
1035 2634 1079 2699 IN
1102 2632 1221 2711 50000,
1254 2636 1309 2699 sed
1341 2654 1457 2701 summa

121 2725 224 2791 sinuum
257 2722 302 2794 00
332 2733 381 2790 est
411 2721 624 2802 230801713,
662 2725 751 2807 paulo
779 2724 847 2807 plus
876 2724 999 2790 dimidio
1033 2725 1069 2788 de
1101 2721 1167 2790 578
1177 2771 1266 2803 .....
1299 2728 1379 2809 quod
1409 2736 1458 2792 est

122 2812 318 2882 ἳ33471570.
365 2823 463 2889 (Gomp.
483 2823 546 2889 cap.
564 2819 658 2886 nvn.)

196 2907 276 2970 Rem
298 2907 389 2987 igitur
412 2907 492 2970 iutra
514 2925 621 2970 seusus
647 2904 901 2988 propinquitatem
930 2903 1107 2968 adduximus
1130 2903 1252 2985 optimis
1281 2904 1455 2982 rationibus,

121 2991 333 3061 concludamus
355 2996 461 3077 igitur,
494 3015 603 3077 corpus
634 2995 776 3077 planetae
803 2995 848 3057 sic
876 3011 946 3055 ease
969 2994 1232 3070 considerandum,
1266 3013 1302 3056 ac
1325 2993 1351 3056 si
1375 3005 1458 3058 esset

120 3086 319 3166 uagueticum,
343 3086 423 3166 quod
445 3086 574 3148 accedat
594 3085 644 3146 vel
668 3083 764 3164 fugiat
788 3084 854 3163 lege
876 3091 1022 3158 staterae,
1047 3090 1079 3145 et
1096 3083 1273 3146 diametrum
1291 3083 1456 3148 virtuosam

119 3175 219 3256 porrigi
242 3174 274 3238 iu
296 3174 499 3256 longitudines
522 3173 647 3237 medias.
692 3173 781 3236 Illam
802 3190 875 3233 vero
898 3171 1097 3253 objectionem
1120 3172 1157 3234 de
1180 3171 1309 3236 Telluris
1337 3193 1393 3236 aue
1425 3173 1456 3236 in

121 3264 247 3342 apsidum
264 3264 375 3328 lineam
388 3265 596 3327 mccnstauter
609 3271 710 3324 temen
728 3268 868 3341 porrecto
882 3260 998 3341 superis
1014 3259 1231 3323 discutiendam
1245 3261 1454 3343 relinquemus.

121 3353 230 3416 Addam
254 3361 355 3417 autem
378 3362 412 3415 et
439 3353 496 3416 hoo
524 3351 747 3434 geometricum.
794 3349 829 3412 Iu
861 3349 1023 3431 principio,
1055 3368 1122 3412 cum
1155 3349 1237 3411 sinus
1252 3360 1340 3434 ,sunt
1370 3351 1456 3430 parvi

119 3457 272 3525 parumque
296 3443 334 3504 de
356 3441 516 3506 libratione
539 3443 711 3522 decerpunt,
736 3458 840 3502 versus
863 3439 947 3502 sinus
969 3447 1018 3504 est
1040 3437 1162 3501 dimidio
1186 3437 1281 3502 minor
1310 3440 1456 3503 summula

120 3529 277 3596 lbratiorns
299 3550 338 3595 ex
360 3533 485 3595 summis
507 3532 623 3593 sinuum
646 3529 802 3605 collectae,
832 3538 867 3592 ut
889 3547 1005 3592 summa
1025 3526 1142 3592 sinuum
1163 3523 1207 3592 90
1221 3549 1229 3590 :
1243 3525 1309 3592 578
1401 3529 1456 3594 dat

122 3617 253 3695 100000,
277 3620 348 3702 quid
365 3621 412 3684 siu
429 3615 621 3685 1⁰-1rnsr
644 3617 787 3700 Sequitur
809 3615 861 3682 30.
910 3617 1025 3682 Contra
1047 3617 1130 3680 sinus
1153 3636 1258 3680 versus
1277 3611 1313 3680 1⁰
1331 3625 1378 3680 est
1402 3616 1453 3696 15,

121 3707 273 3774 dimidium.
319 3709 370 3772 Ex
392 3729 449 3792 quo
472 3710 566 3785 disco,
589 3709 668 3790 quod
691 3707 763 3772 alibi
781 3708 845 3789 jani
867 3707 958 3771 habui
982 3707 1183 3790 exploratum,
1206 3725 1265 3770 nou
1288 3724 1363 3788 opus
1387 3727 1455 3770 ease

119 3805 147 3860 ut
166 3819 296 3862 summas
318 3799 435 3862 sinuum
458 3799 599 3880 colligam
622 3808 655 3860 et
677 3796 784 3860 deinde
806 3815 862 3878 per
883 3797 1018 3878 regulam
1040 3798 1078 3860 dc
1105 3799 1145 3860 tri
1176 3815 1295 3877 operer,
1318 3805 1454 3860 tautum-

119 3889 194 3951 uodo
218 3890 319 3952 &uda
337 3897 386 3951 est
403 3907 504 3972 opera,
528 3897 562 3951 ut
576 3888 675 3970 aliquo
689 3885 815 3949 artificio
830 3886 988 3949 nanciscar
1003 3887 1151 3968 quadrata
1164 3895 1312 3948 rectomm
1326 3887 1452 3952 sinuum.

119 3973 187 4040 Nem
210 3997 313 4041 eorum
336 3979 441 4042 eedem
464 3985 513 4040 est
534 3977 697 4059 proportio,
721 3995 797 4057 quae
820 3995 1000 4039 summarum
1015 3976 1127 4039 barum.
1166 3975 1221 4050 Aa,
1245 3975 1353 4058 inquis,
1377 3995 1453 4058 quo-

121 4068 196 4130 uodo
219 4067 378 4131 nanciscar
400 4066 549 4150 quadrata
570 4065 743 4130 rectorum?
787 4065 853 4128 Hoc
875 4073 907 4127 te
932 4065 1044 4128 docebo
1073 4083 1110 4127 ex
1131 4063 1293 4148 Byrgiauis
1322 4065 1454 4130 sontibus

121 4153 248 4221 derivato
262 4157 368 4221 riuulo.
401 4155 492 4220 Sinus
505 4175 611 4219 versus
626 4155 751 4235 alicqjus
767 4173 854 4217 srous
871 4162 920 4216 est
939 4155 1090 4218 dimidium
1104 4154 1243 4235 quadrati
1257 4155 1295 4217 de
1309 4156 1454 4221 subteusa

120 4247 318 4328 complemeuti
340 4243 361 4310 5
383 4246 496 4310 ultimis
518 4245 651 4325 rejectis.
688 4243 737 4308 Sit
751 4263 838 4306 arcus
851 4238 921 4319 60⁰,
946 4245 1001 4308 siu.
1022 4239 1142 4314 80003,
1166 4243 1221 4306 siu.
1236 4257 1315 4307 vers.
1334 4241 1453 4324 13337,

120 4337 216 4418 nupt.
233 4331 302 4411 30⁰,
319 4335 473 4399 dimidium
492 4330 560 4410 152
585 4335 640 4398 siu.
656 4328 776 4407 25882,
800 4333 920 4414 duplum
939 4329 1048 4398 51104
1067 4341 1115 4395 est
1131 4333 1243 4397 chorda
1265 4353 1353 4398 arom
1377 4329 1452 4410 30⁰;

29 4456 30 4461 ¹
121 4427 231 4503 quadra,
255 4425 387 4506 reperies
408 4420 519 4488 20704
542 4425 663 4505 duplum
685 4443 728 4487 sc.
753 4423 847 4503 ipsius
873 4419 990 4488 13397.
1028 4431 1125 4496 (comp.
1138 4443 1189 4482 ann
1210 4427 1268 4492 ab.)

194 4513 281 4596 Ego,
303 4513 345 4578 rui
365 4514 501 4590 Fabrici,
526 4533 584 4577 uou
606 4512 712 4575 literas
734 4512 774 4574 ed
796 4519 828 4574 te
851 4513 949 4576 scribo
973 4513 1026 4577 sed
1049 4513 1271 4578 commentaria.
1316 4511 1364 4574 Ex
1394 4527 1452 4594 quo

121 4604 228 4667 cessavi
254 4603 401 4682 scribere,
428 4611 547 4667 tautum
578 4601 723 4684 temporis
756 4608 804 4664 est
835 4601 985 4682 elapsum,
1013 4611 1048 4666 ut
1072 4603 1136 4684 jam
1163 4603 1216 4667 vix
1244 4604 1308 4688 ipse
1331 4617 1453 4666 sensum

125 4693 232 4775 capiam
253 4693 430 4777 scriptorum
453 4692 512 4758 uisi
533 4699 684 4756 accurate·
700 4690 843 4772 relegam.
888 4691 958 4756 Nou
989 4692 1071 4756 lubet
1095 4711 1165 4774 ergo
1195 4711 1250 4756 uec
1280 4697 1452 4773 pertexam;

122 4798 180 4846 uam
200 4803 305 4848 rerum
326 4791 376 4848 est
398 4785 478 4867 quod
504 4783 550 4846 ais
573 4781 684 4857 (literis
708 4777 738 4844 3.
760 4781 835 4862 Apr.
857 4781 948 4858 datis,
973 4799 1047 4863 quas
1068 4781 1157 4860 hodie
1173 4779 1204 4846 4.
1219 4779 1300 4844 Juuii
1323 4779 1451 4860 accepi),

123 4873 278 4940 nnulnm
297 4872 372 4938 mibi
392 4871 596 4956 respondendi
611 4870 706 4950 labor,
728 4889 789 4934 uon
807 4870 957 4947 minuitur,
981 4873 1051 4936 dum
1065 4873 1144 4937 aliae
1169 4879 1260 4953 atque
1282 4867 1360 4934 aliae
1379 4877 1451 4934 tuae

1724 4837 1727 4924 l

122 4957 215 5030 literae
236 4962 460 5048 mperreuiuut,
482 4963 588 5047 quibus
611 4960 700 5025 bodio
722 4959 857 5045 acceptis
878 4961 920 5027 ad
942 4967 1077 5026 tenorem
1098 4958 1298 5044 respondendi
1319 4957 1406 5027 redii.
1653 4955 1727 5476 ]
