3517 5525
282 356 327 433 36
698 356 801 416 unias
819 358 926 427 uepres
943 360 1095 427 altorumque
1110 366 1213 416 muas

285 564 319 609 se
341 543 409 627 ipso
430 540 559 607 libratur
580 540 612 605 iu
634 540 781 607 &ametro
805 540 950 625 epinycli;
972 540 1090 623 rapitur
1109 560 1130 601 a
1150 540 1263 603 virtute
1285 558 1323 605 en
1346 540 1421 605 Sole
1440 540 1473 605 in
1494 541 1640 606 mundam

282 652 407 717 sparsa3
430 638 557 715 utreque
580 632 673 695 motio
696 637 746 693 est
767 630 953 715 inaequalis3
986 629 1110 692 libratio
1139 630 1305 695 intenditur
1336 640 1370 695 et
1390 630 1554 695 remittitur
1572 652 1639 697 nou

281 730 400 787 tautum
422 722 488 803 lege
513 722 637 785 duomm
661 720 850 796 circulorum,
872 727 908 782 nt
930 721 960 783 in
984 718 1164 801 Oopemioo,
1188 720 1242 785 sed
1264 720 1310 783 illi
1332 721 1391 803 ipsi
1409 721 1514 784 airardi
1535 722 1640 785 inteu-

282 812 393 875 duntur
415 819 447 874 et
469 812 661 875 remittuntur
684 810 723 872 sd
745 829 919 875 mensnram
932 809 1097 874 crescentis
1115 817 1148 872 at
1164 810 1369 873 decrescentis
1382 810 1522 876 diametri
1537 808 1641 887 Solis3

283 908 396 985 quanto
418 902 516 982 major
538 899 716 983 apparentia
742 898 822 962 disci
846 898 965 963 Solaria
986 898 1019 961 in
1040 898 1187 981 perihelio
1215 918 1306 981 quam
1327 900 1359 961 iu
1381 900 1518 982 aphelio,
1550 906 1642 965 muto

284 990 380 1071 major
402 988 466 1053 illic
489 990 612 1053 diumns
635 1008 724 1072 quam
746 989 806 1065 hio,
828 989 879 1052 vel
901 1007 1009 1051 eversa
1025 988 1230 1071 proportione,
1252 996 1339 1051 tanto
1353 989 1481 1054 -dintius
1503 996 1643 1053 moratur

283 1080 408 1161 planeta
429 1078 460 1142 in
483 1096 542 1143 nno
566 1080 661 1160 gradu
683 1078 852 1143 anomaliae
880 1084 1074 1160 coaequatae·
1087 1078 1118 1139 in
1132 1144 1135 1151 ,
1148 1078 1285 1159 ephebo,
1316 1094 1406 1160 qnam
1427 1079 1459 1141 iu
1480 1077 1641 1160 perihelio.

284 1170 404 1249 Raptus
435 1188 507 1231 vero
539 1188 680 1234 mensura
711 1166 761 1231 est
792 1167 880 1249 copia
910 1166 1033 1230 luminis
1057 1176 1103 1229 'ex
1125 1168 1198 1231 Sole
1220 1167 1252 1230 in
1272 1168 1428 1249 planetam
1449 1169 1481 1229 in
1503 1168 1646 1249 qualibet

285 1257 432 1321 distantia
454 1256 580 1341 allapsi,
611 1276 716 1339 nempe
748 1256 904 1340 quantitas
934 1256 1012 1319 disci
1043 1257 1179 1339 corporis
1201 1257 1331 1321 Solaria.
1377 1256 1569 1330 Quomodo
1591 1258 1643 1319 sd

286 1346 391 1409 mille
422 1348 590 1427 parietes
622 1346 833 1428 impingens
865 1346 960 1409 hauc
993 1346 1113 1409 solam
1143 1346 1241 1409 viam
1272 1347 1332 1409 ire
1363 1354 1523 1410 coactns
1550 1366 1641 1421 auur,

286 1435 478 1518 capitibus
502 1436 588 1500 illis
611 1434 652 1500 51
678 1436 917 1519 descriptum.

374 1526 440 1588 Hoc
463 1525 641 1607 simpliciter
663 1533 791 1601 certum,
816 1544 860 1587 ex
884 1525 971 1589 Sole
994 1524 1200 1606 propagari
1223 1522 1308 1598 vim,
1338 1541 1435 1605 qnae
1455 1523 1642 1604 planetas

286 1611 407 1695 rapit;
430 1621 533 1676 cetera
556 1614 600 1677 sic
623 1614 742 1697 quidem
765 1614 870 1690 dubia,
893 1622 929 1677 nt
949 1621 1051 1677 tamen
1073 1612 1236 1676 identidem
1259 1610 1358 1675 simile
1381 1612 1534 1695 quippiam
1556 1614 1644 1677 alind

285 1711 358 1785 post
369 1702 452 1766 alind
470 1704 510 1765 ad
526 1706 648 1785 scopum
663 1705 856 1787 me·propins
878 1704 1017 1766 adducat
1055 1704 1159 1765 Habes
1173 1703 1211 1765 de
1229 1721 1296 1765 meo
1312 1703 1458 1782 proiectu.
1498 1702 1643 1767 Ceterum

288 1791 513 1856 Commentaria
534 1792 610 1855 hseo
633 1794 763 1865 sortasse
786 1814 875 1857 nemo
898 1792 958 1856 nisi
980 1791 1062 1874 apud
1083 1811 1130 1855 me
1152 1791 1273 1855 viderit
1309 1792 1415 1854 Habes
1438 1792 1642 1855 strationem

272 1880 432 1965 ‘temporis
454 1881 613 1963 prolixam.
660 1882 742 1955 Quid
763 1902 835 1945 vero
858 1891 893 1947 tn
911 1884 977 1963 jam
998 1881 1085 1963 agia
1108 1888 1269 1963 postquam
1290 1899 1337 1943 me
1360 1898 1428 1943 cnm
1450 1900 1516 1945 mec
1538 1880 1665 1963 narse,

288 1969 448 2033 delusisti?
492 1972 607 2053 Nempe
640 1973 810 2052 catalogum
841 1990 982 2036 recenses
1010 1990 1129 2046 eorum,
1159 1988 1235 2053 qnae
1262 1968 1295 2031 in
1317 1970 1405 2032 Luna
1426 1970 1531 2053 l⁸ycho
1553 1978 1584 2033 et
1606 1980 1644 2033 tn

288 2058 519 2141 praestiteritis,
544 2068 577 2122 et
596 2070 705 2140 postea
729 2062 903 2142 subjungis,
934 2080 983 2124 me
1004 2062 1081 2125 haec
1102 2059 1203 2122 omnia
1225 2058 1421 2141 aequiparare
1444 2057 1640 2141 sterquilineo

287 2148 416 2229 Augias.
462 2151 550 2211 Bona
572 2150 673 2212 rerba.
720 2149 801 2222 Quin
833 2158 866 2213 tn
898 2151 1000 2233 potins
1022 2149 1208 2231 exspectasti
1230 2148 1359 2211 reditum
1380 2155 1464 2211 tunm
1485 2148 1642 2226 Haiuiam,

287 2245 322 2300 nt
343 2236 489 2317 inspectis
511 2238 611 2301 literis
633 2239 709 2301 meis
732 2258 886 2315 cerneres,
914 2260 955 2303 an
983 2240 1046 2301 tals
1077 2238 1230 2322 quippiam
1258 2237 1458 2302 contineant'
1481 2236 1645 2301 'Adhaesit

288 2324 450 2389 memoriae
473 2334 543 2389 tuse
566 2328 686 2408 Augias
709 2348 777 2392 vox.
823 2330 871 2392 Ne
895 2327 966 2411 quid
993 2347 1105 2411 quaeso
1137 2346 1192 2407 per
1221 2327 1421 2404 calumniam,
1454 2346 1529 2412 qnae
1561 2328 1646 2390 solet

287 2416 461 2498 plemmqus
486 2419 625 2497 occupari
648 2417 729 2481 cirea
750 2416 911 2481 invidiosa.
957 2418 1060 2501 Atque
1081 2425 1118 2481 ut
1137 2416 1259 2492 videas,
1289 2434 1337 2479 me
1360 2421 1464 2478 tenere
1485 2416 1643 2493 memoris,

286 2504 336 2567 cui
358 2503 403 2567 rei
426 2504 499 2566 mihi
521 2504 624 2587 Angla
646 2506 796 2583 servierit,
821 2508 958 2590 quamvis
980 2507 1011 2569 id
1032 2514 1066 2570 tn
1090 2526 1127 2569 ex
1147 2505 1360 2587 praesentibus
1374 2504 1430 2567 tibi
1448 2505 1547 2571 literis
1564 2506 1644 2569 meis

288 2593 401 2657 rectius
423 2594 577 2675 percipere
600 2603 701 2677 potes,
733 2596 824 2672 scito,
857 2616 904 2659 me
932 2618 991 2659 non
1014 2597 1232 2659 dehonestasse
1254 2594 1472 2658 astronomiam
1494 2595 1643 2670 convicio,

107 2763 112 2776 ι
289 2700 379 2766 qnam
401 2682 525 2745 maximi
544 2684 613 2766 jure
636 2686 730 2764 facio,
763 2686 817 2749 sed
849 2706 935 2749 nsmn
969 2706 1037 2749 esse
1061 2684 1254 2749 similitudine
1278 2702 1372 2767 eaque
1394 2685 1515 2747 minime
1537 2684 1568 2747 in
1591 2682 1643 2762 iis,

214 2829 217 2839 .
289 2789 366 2854 quae
389 2778 422 2834 tn
444 2772 494 2834 vel
516 2774 620 2855 Tyoho
643 2775 861 2856 praestitistis,
884 2776 1055 2852 elevandis,
1084 2775 1164 2858 quod
1185 2775 1259 2838 mihi
1282 2782 1336 2836 aut
1356 2774 1404 2836 ira
1425 2782 1566 2837 caecatus
1588 2782 1647 2840 sut

289 2858 409 2924 malitia
430 2871 589 2944 corruptus
612 2883 679 2926 oum
702 2857 814 2946 insigni
836 2865 945 2946 injuria
966 2865 1089 2941 tribuis,
1114 2865 1168 2927 sed
1190 2865 1222 2928 in
1245 2863 1467 2945 comparatione
1488 2864 1645 2947 hypothe-

291 2949 368 3012 sium
390 2950 579 3033 antiqusmm
603 2971 669 3016 cnm
690 2972 757 3016 meo
780 2955 889 3018 itinere
912 2955 1002 3019 ovali.
1040 2957 1087 3018 Τιι
1109 2973 1208 3016 meum
1233 2953 1322 3018 orale
1340 2953 1401 3015 iter
1423 2953 1643 3027 dehonestasti,

294 3057 351 3119 ego
373 3038 429 3101 tibi
452 3043 592 3123 centuplo
616 3043 808 3107 absurdiores
831 3045 931 3126 spiras
953 3043 1143 3127 antiqnomm
1165 3045 1257 3125 (qnos
1270 3041 1433 3106 etiamnum
1447 3043 1551 3126 Tyoho
1571 3041 1644 3104 imi-

292 3135 377 3191 tatus
399 3137 456 3206 est,
479 3149 540 3192 non
562 3151 641 3194 nova
657 3133 807 3214 fingendo,
831 3135 887 3198 sed
904 3142 1009 3197 vetera
1022 3133 1233 3217 relinquendo)
1248 3131 1383 3216 opposui.
1421 3132 1457 3196 Si
1472 3149 1644 3212 succenses,

293 3235 382 3282 ame
405 3237 465 3282 non
486 3239 577 3300 posse
599 3221 667 3284 tolli
690 3223 749 3287 iter
765 3224 863 3296 orale,
886 3231 997 3307 quanto
1012 3224 1110 3305 magis
1126 3241 1303 3286 succensere
1325 3219 1419 3284 debes
1434 3221 1543 3303 spiras,
1566 3240 1645 3303 quas

291 3306 411 3369 sustuli.
458 3307 555 3380 Quasi
577 3313 766 3392 peccaverim
789 3313 819 3374 in
843 3313 924 3375 ovali
946 3313 1068 3388 relicta,
1092 3331 1160 3375 oum
1182 3313 1276 3374 ceteri
1297 3311 1413 3392 antiqui
1435 3330 1495 3374 uon
1517 3317 1647 3393 peccent

291 3395 401 3476 tibiin
423 3404 471 3460 tot
493 3399 593 3481 spiris.
639 3401 705 3463 Hoc
728 3409 777 3464 est
796 3401 920 3464 multari
942 3401 981 3464 ob
1002 3421 1094 3466 uuum
1124 3421 1242 3464 carrum
1268 3400 1362 3464 timeti
1389 3400 1544 3482 relictum,
1577 3418 1648 3463 cunr
1757 3460 1758 3463 ,

293 3484 440 3566 reliquam
462 3487 595 3568 Angiam
617 3489 848 3570 expurgaveris3
881 3498 933 3552 tuo
957 3509 1064 3566 seusu,
1092 3491 1143 3572 qui
1164 3491 1306 3571 repudias
1328 3507 1426 3551 meam
1449 3489 1568 3551 evalem
1589 3508 1648 3552 oen

292 3591 383 3636 unum
405 3594 523 3638 carrum
545 3577 648 3652 limati,
673 3597 740 3640 curn
759 3577 875 3640 toleres
895 3578 1004 3660 spiras,
1027 3597 1104 3661 quse
1118 3587 1216 3642 totum
1229 3579 1381 3642 stabulum
1395 3586 1474 3653 sunt,
1499 3577 1648 3660 siquidem

293 3680 362 3726 mes
385 3663 482 3728 oralia
505 3664 546 3726 sit
560 3683 638 3728 unns
658 3685 771 3729 carrus.
788 3695 830 3709 —-
845 3667 909 3730 Sed
922 3667 1016 3748 piget,
1031 3669 1064 3730 in
1076 3668 1325 3732 manifestissima
1339 3667 1490 3730 calumnia
1504 3667 1650 3730 diluenda

294 3751 534 3819 immorari....
580 3755 641 3818 Pro
662 3757 774 3818 Deum!
797 3755 976 3822 Nondnmue
1000 3757 1077 3820 sads
1097 3756 1235 3840 probasti
1256 3757 1344 3832 mihi,
1371 3765 1403 3819 te
1425 3774 1493 3818 mss
1514 3756 1650 3838 epistola

294 3838 449 3904 caruisse?
467 3843 591 3908 dudae
615 3843 722 3908 iterum
745 3845 776 3907 in
805 3845 916 3909 itinera
936 3845 1039 3910 oralia
1060 3846 1217 3930 insultare,
1240 3865 1308 3910 oum
1331 3845 1421 3920 scias,
1446 3845 1524 3927 apud
1537 3845 1648 3910 Ptole·

294 3947 413 3992 ruscum
436 3931 653 4015 etTychonem
676 3952 744 3998 esse
767 3935 902 4018 spiralia.
947 3936 1058 4000 Annon
1075 3935 1133 3998 tibi
1155 3935 1302 4018 descripsi
1324 3938 1355 4001 in
1377 3935 1488 3998 scheda
1504 3936 1648 3999 modum?

296 4019 409 4082 Annon
430 4020 504 4097 dixi,
525 4021 559 4084 in
580 4021 648 4104 ipso
671 4023 763 4086 etism
782 4023 951 4105 Ooperuieo
972 4045 1043 4089 esse
1065 4026 1180 4100 orales,
1204 4032 1316 4108 easque
1338 4023 1440 4088 studio
1462 4046 1482 4086 a
1504 4022 1649 4107 lychnus

297 4107 453 4171 traductas
475 4110 507 4172 in
530 4131 602 4174 snas
620 4111 829 4195 hypotheses?
869 4115 980 4178 Anum
1003 4114 1077 4191 dixi,
1100 4115 1219 4178 ovslsm
1240 4134 1339 4180 meam
1360 4131 1399 4176 ex
1419 4113 1537 4178 duobus
1559 4113 1649 4195 prin-

296 4195 384 4278 cipiis
406 4198 641 4279 regularissimis
664 4203 821 4283 componi?
857 4203 953 4268 Jubes
975 4223 1023 4266 me
1045 4204 1145 4267 omnis
1163 4204 1378 4269 adcheulsre's
1390 4203 1540 4266 motiones
1554 4221 1649 4266 revo-

295 4303 384 4362 oars;
416 4286 548 4351 nondum
570 4289 664 4371 igitur
684 4291 846 4372 intelligis,
882 4293 989 4375 quales
1012 4293 1116 4358 orales
1138 4293 1292 4356 fabricem.
1336 4295 1462 4359 Revoca
1482 4301 1515 4354 tu
1529 4300 1593 4364 ,tas
1613 4302 1658 4363 et,

175 4393 180 4408 ’
295 4375 485 4440 Ptolemaios
515 4387 548 4441 et
579 4379 787 4461 Oopemioaua
818 4383 858 4444 ad
888 4383 1027 4446 circulos.
1079 4383 1287 4447 Praestitisti?
1328 4381 1474 4447 Praestiti
1515 4390 1548 4446 et
1577 4401 1648 4463 ego.

297 4464 401 4528 Nolito
422 4475 544 4546 putare,
575 4487 623 4531 me
654 4470 805 4532 mentibus
836 4471 1034 4535 divinissimis
1065 4472 1197 4536 tribuere
1224 4472 1457 4538 destinationem
1488 4471 1552 4548 ovi,
1585 4471 1648 4539 imc

295 4561 445 4634 appetunt
466 4555 604 4647 circulos,
629 4558 684 4620 sed
706 4575 760 4640 per
783 4559 924 4622 accidens
947 4560 1129 4637 exorbitant,
1150 4568 1187 4624 ut
1198 4561 1373 4626 Ptolemaeo
1386 4561 1529 4642 planetae
1549 4579 1648 4643 appe·

298 4647 367 4705 tunt
389 4644 568 4731 epioyclicos
591 4655 623 4708 et
644 4647 828 4712 eceeutricos
851 4657 966 4727 motus,
998 4649 1054 4711 sed
1085 4669 1139 4732 per
1166 4651 1308 4713 accidens
1329 4651 1361 4714 in
1384 4649 1483 4730 spiras
1505 4659 1648 4732 aguntur.

298 4733 393 4798 Raso
416 4741 466 4796 est
486 4732 575 4814 plane
598 4736 713 4799 eadem.
760 4736 821 4809 Qni
849 4757 935 4800 meas
965 4739 1069 4801 ossles
1100 4740 1213 4822 carpit,
1244 4747 1351 4821 carpat
1380 4747 1414 4802 et
1441 4739 1649 4818 contusionem

301 4830 476 4904 aspectuum
506 4823 537 4886 in
572 4821 751 4890 Celenderis
783 4845 837 4889 seu
866 4827 1076 4910 Ephemeride.
1129 4831 1252 4904 Mones,
1288 4827 1333 4891 sio
1363 4829 1505 4911 physicas
1537 4849 1649 4894 canisae

229 4993 234 5010 Ι
301 4931 453 5000 quaeram,
476 4929 513 4975 ne
536 4913 656 4976 interim
680 4917 794 4978 coelum
817 4937 837 4978 s
858 4935 907 4978 me
929 4915 991 4980 vim
1012 4917 1155 4998 patiatur.
1193 4919 1271 5000 Ego,
1293 4918 1334 4981 mi
1356 4917 1541 4994 Christiane,
1564 4919 1591 4982 si
1614 4915 1649 4984 8¹
