3517 5525
685 419 768 478 Nosse
786 422 900 480 adimas
1284 505 1287 511 Ι
1398 423 1465 504 453

209 598 254 667 lt)
273 621 297 671 p.
318 595 377 654 131.
406 600 437 655 10
455 595 560 656 editione
574 595 735 656 „scholarem
751 607 999 659 mathematicorum⁸¹
1019 615 1083 675 qute'
1100 600 1170 659 nobis
1188 616 1286 674 praesto
1298 619 1344 670 est,
1363 627 1465 668 curante

120 671 218 728 Lazaro
230 675 354 726 Schonero
365 676 520 726 Franholnrii
533 692 598 728 anno
615 674 678 726 1599
691 679 756 740 typis
769 692 868 737 excusa.
880 681 957 730 rerba
967 681 1030 732 haec
1043 680 1117 730 Rami
1129 680 1332 746 deprehendimus
1344 701 1401 752 pag.
1419 685 1464 740 11.

97 768 100 774 ·
120 747 192 810 Quae
209 749 336 798 utmellns
354 749 523 814 intelligantur
540 748 603 798 base
622 748 746 798 addimus:
765 748 859 799 Ramus
876 752 902 800 in
920 752 979 802 libro
998 751 1017 802 1.
1039 753 1093 817 agit
1105 755 1135 801 de
1155 753 1362 810 „mathematicae
1380 761 1464 822 primis

120 819 312 880 inventoribus‚“
326 819 391 869 nnde
406 821 484 877 „artis
502 819 609 884 dignitas
626 820 804 883 1010110010οἕΙ
837 823 898 871 Cum
917 837 973 872 vero
992 822 1182 873 mathematicae
1202 839 1218 873 a
1235 827 1317 877 001110
1335 830 1467 892 obiiciatur

119 889 241 942 inutilitas
260 897 287 940 et
304 892 446 950 obscuritas,
467 889 562 940 Ramus
579 890 640 940 libro
657 890 689 940 11.
709 891 756 943 has
773 894 900 957 opiniones
918 909 948 942 ex
967 895 1055 944 animis
1073 894 1197 946 hominnm
1217 899 1321 948 evellere
1338 901 1422 951 studet
1440 907 1467 952 et

118 963 187 1014 hune
204 963 229 1011 in
249 961 322 1012 linem
341 969 449 1010 veterum
468 962 663 1026 pbilosophorum
685 962 780 1023 placita
797 966 917 1029 congerit.
954 963 1093 1016 Utilitatem
1116 965 1307 1018 mathematicae
1332 973 1357 1020 in
1386 984 1465 1022 astro·

119 1033 223 1084 numicis
242 1025 314 1094 (vocs
340 1035 416 1082 uu'tur
446 1031 624 1097 .astrologia“)
644 1034 867 1092 demonstraturus.
896 1036 962 1099 quid,
981 1037 1074 1100 inquit„
1088 1037 1221 1104 astrologia
1248 1037 1302 1090 1010
1326 1043 1394 1092 alind
1419 1053 1466 1106 est,

121 1119 199 1170 quam
217 1103 374 1154 arithmetica
390 1106 527 1154 numeratio
546 1113 655 1154 motuum
674 1103 824 1160 coelestium,
843 1120 917 1169 quarn
930 1111 1079 1171 geometrica
1096 1107 1222 1172 globorum
1241 1111 1384 1162 coelestium
1401 1115 1465 1180 ign.

119 1177 184 1227 ratio
204 1184 229 1226 et
247 1173 385 1225 dimensio?
421 1177 611 1231 astronomiam.
629 1176 753 1239 queritur,
772 1177 881 1239 plurimis
899 1191 938 1226 ess
957 1179 1105 1228 einrolutam
1123 1186 1150 1229 et
1166 1182 1307 1244 impeditam
1325 1185 1465 1248 hypothesi·

119 1248 193 1304 litus,¹
210 1260 228 1296 0
254 1246 340 1310 quibus
366 1262 409 1310 per
426 1246 628 1296 mathematicam
646 1247 742 1295 liberari
765 1249 849 1310 possit.
888 1247 965 1308 „lude
993 1249 1024 1298 ab
1042 1252 1179 1302 aristotelis
1207 1261 1291 1302 aetate
1318 1255 1356 1304 rel
1384 1259 1465 1320 potius

119 1316 220 1368 mente*
235 1319 418 1374 autonomiam,
431 1333 479 1366 non
493 1325 635 1366 contentam
646 1317 861 1374 observationibus,
875 1333 964 1370 causas
977 1327 1085 1370 motuum
1098 1319 1141 1370 110.
1156 1321 1308 1374 confinxisse.
1339 1326 1466 1378 Eudoxum

120 1389 237 1439 Gnidiam
254 1387 402 1453 hypotheses
413 1386 506 1438 orbium
523 1388 697 1438 resultantium
715 1390 842 1451 reperisse.
860 1405 923 1454 quas
937 1391 1078 1440 annanias
1091 1399 1117 1442 et
1129 1392 1244 1457 Calippns
1263 1399 1464 1456 emendatorium

119 1462 208 1526 quibus
225 1475 252 1510 se
270 1468 421 1524 opponentes
437 1457 622 1524 Pythagorneos
639 1459 762 1522 epicyclos
780 1467 806 1508 et
823 1463 974 1512 ecoentricos
991 1463 1061 1512 orbes
1079 1463 1211 1514 induxisse.
1226 1480 1231 1492 ‘
1248 1471 1355 1522 „aetate
1383 1477 1468 1520 000100

121 1531 280 1597 Ceperuicns,
299 1532 437 1596 astrologus
454 1546 504 1581 non
516 1532 622 1594 antiquis
640 1532 717 1582 solnm
735 1527 914 1594 comparandus
933 1532 1020 1583 sedin
1040 1536 1172 1600 astmlogia
1189 1551 1286 1598 prorsus
1299 1539 1465 1598 admirandus,

120 1611 177 1654 tota
195 1605 342 1668 antiquitate
359 1601 529 1666 hypothesium
547 1604 642 1664 rejecta
657 1602 804 1666 hypotheses
821 1603 877 1653 illas
896 1604 1053 1655 admirandas
1071 1609 1206 1663 resecarit,
1225 1623 1290 1672 quae
1308 1611 1466 1676 astrologiam

120 1689 171 1724 non
184 1689 215 1724 ex
231 1683 352 1723 sstmrum
369 1673 413 1722 sed
425 1689 455 1723 ex
466 1673 558 1722 Terrae
577 1682 644 1722 motu
662 1674 865 1724 demonstrarent.
897 1675 1065 1726 Vemntamen
1085 1675 1201 1744 astrologi
1212 1687 1239 1729 et
1255 1687 1351 1730 veteres
1368 1688 1393 1732 et
1410 1683 1467 1732 neri

122 1745 240 1798 camnis
264 1745 405 1796 tabularum
432 1745 466 1794 ad
491 1741 637 1807 hypotheses
655 1746 793 1807 compositis
812 1746 969 1810 astrologiam
995 1748 1095 1810 perinde
1122 1759 1300 1812 oppresserunt.
1338 1753 1466 1804 Enimvero

120 1819 301 1874 nascentias,
315 1816 472 1882 astrologiam
484 1824 591 1865 retorem
603 1815 802 1878 Babyloniorum.
817 1816 998 1884 Aegyptiomm.
1013 1818 1160 1869 Graecorum
1175 1823 1250 1870 011010
1268 1831 1327 1872 aute
1339 1821 1466 1884 Eudoxum

121 1890 176 1939 sine
193 1886 368 1952 hypothesibus
386 1887 469 1944 101000,
489 1892 514 1935 01
532 1886 564 1936 ab
577 1900 609 1935 ea
620 1886 761 1936 coelestium
774 1899 899 1951 corporum
917 1896 997 1937 motus
1015 1899 1154 1940 numeratos
1167 1903 1197 1940 ac
1211 1894 1349 1956 praedictas
1363 1893 1466 1960 eclipses

122 1974 197 2082 amb
205 1967 233 2008 nt
251 1959 323 2080 01)][1101
313 1973 391 2078 ιίι,000
386 1960 493 2080 Bffisia
510 1957 658 2078 bbgpoghmm
674 1958 730 2042 ideo
748 1961 903 2079 0οο00011010ί
914 1959 966 2044 nlla
982 1960 1095 2081 1οῈοὟ
1114 1963 1194 2096 stry!
1233 1963 1465 2089 00300000οᾞ

198 2045 268 2080 0.-
358 2043 375 2078 a
478 2045 519 2079 rer
587 2043 729 2078 suessione
746 2044 864 2094 regsaep
901 2045 1002 2080 00010οι0
1045 2045 1139 2095 eperus
1167 2047 1207 2084 am
1241 2049 1260 2084 rr
1280 2050 1317 2084 am
1382 2042 1385 2052 '
1427 2041 1468 2088 'o

120 2105 209 2168 lessus
225 2103 323 2164 scripsit
340 2099 431 2164 (comp.
451 2101 508 2150 Vol.
525 2099 547 2157 1,
565 2116 588 2164 p.
610 2096 643 2148 31
659 2097 702 2162 0.).
1225 2050 1240 2098 Ρ

211 2171 252 2224 De
271 2171 418 2222 0siandri
436 2172 588 2234 praelatione
607 2171 639 2220 ad
659 2171 785 2238 copernici
803 2185 862 2235 opus
883 2172 976 2224 dietum
994 2173 1142 2234 ettVol.1,
1160 2191 1184 2238 p.
1204 2174 1255 2227 215
1274 2175 1377 2228 01281.
1418 2183 1425 2192 “
1450 2185 1455 2196 ’

214 2242 258 2305 iti)
277 2259 301 2307 p.
323 2241 381 2292 141.
418 2242 549 2292 Concludit
575 2242 622 2292 boc
649 2250 762 2307 poemate
780 2241 864 2306 Tyeho
888 2245 992 2308 primam
1010 2251 1103 2308 partem
1121 2243 1174 2296 libri
1193 2249 1229 2298 sni
1248 2249 1279 2298 de
1305 2248 1378 2300 stella
1394 2265 1467 2308 nors.

122 2317 296 2381 praemittens:
318 2314 381 2374 „Hic
399 2315 483 2378 prioris
501 2315 577 2377 partis
595 2313 666 2378 hujus
683 2312 746 2372 libri,
764 2315 790 2363 in
802 2316 894 2378 quade
906 2318 1059 2369 restitutione
1072 2312 1162 2368 Solaria
1174 2332 1271 2384 000000
1284 2317 1370 2370 Lunae
1389 2324 1466 2372 curri.

123 2387 173 2438 culi
191 2395 218 2438 et
236 2386 364 2436 aliiuarum
381 2386 506 2435 stellarum
525 2393 644 2435 accurata
662 2383 838 2435 rectificatione
858 2383 954 2435 010110
972 2395 1057 2436 actum
1074 2394 1124 2445 est.
1152 2388 1226 2438 finem
1245 2391 1397 2455 imponimus.
1433 2393 1468 2444 as

123 2459 236 2525 sequenti
264 2458 427 2507 exhortatorio
454 2456 487 2506 'ad
515 2458 574 2506 artis
592 2455 665 2518 buy'us
683 2457 793 2506 alumnos
812 2460 933 2516 carmine,
963 2457 1101 2522 colophonis
1129 2459 1181 2508 loco
1200 2463 1322 2524 00000110,
1351 2464 1383 2514 ad
1402 2479 1466 2525 eam.

124 2543 199 2598 quam
226 2529 256 2580 de
273 2528 345 2580 Nora
363 2527 444 2580 Stella
469 2529 635 2592 proposuimus
659 2529 887 2592 pertractationem,
912 2531 965 2592 jam
991 2529 1092 2578 tandem
1118 2531 1298 2582 transibimus.u
1337 2532 1469 2588 munuera

123 2599 208 2666 'lychc
226 2602 295 2657 seriis
322 2601 373 2649 suis
392 2599 599 2662 speculationibus
616 2601 754 2650 immiscere
770 2601 895 2661 carmina,
923 2614 986 2663 qnae
1015 2602 1104 2664 passim
1123 2609 1253 2654 occununt
1276 2605 1300 2654 in
1327 2605 1394 2656 llbris
1418 2607 1477 2657 suls·

124 2673 303 2728 astronomicis.
323 2671 388 2734 apud
406 2669 562 2720 Gassendum
580 2677 606 2718 et
624 2669 785 2723 Weistritium
798 2667 879 2731 ⁸(Vita
898 2671 1041 2733 Tychcnis).

214 2741 258 2805 17)
277 2759 302 2808 p.
330 2739 388 2792 111.
424 2741 450 2791 10
474 2741 597 2811 100110οἰ0
625 2756 696 2806 opere
722 2743 851 2806 inscriptos
879 2744 1051 2793 astronomiae
1076 2745 1230 2797 instauratae
1247 2747 1469 2813 Progymnssmsta

124 2814 196 2878 (tom.
209 2814 242 2864 11.
255 2815 353 2881 Pragae
367 2812 456 2872 18⁰³),
470 2813 573 2871 infolio,
588 2814 652 2879 quod
665 2814 763 2863 exhibet
773 2815 964 2877 inscriptionem.
977 2816 1067 2879 depicti
1080 2822 1138 2865 sunt
1153 2819 1188 2866 rir
1201 2825 1226 2867 et
1244 2832 1311 2881 puer.
1324 2820 1409 2885 quibus
1421 2822 1466 2871 aa.

123 2890 217 2952 scripta
234 2887 292 2936 0001
309 2887 372 2936 haec
390 2878 480 2946 rerba,
501 2884 678 2948 „Suspiciendo
697 2883 836 2948 Despicio*
873 2884 938 2934 Item
962 2887 988 2935 iu
1014 2887 1166 2949 poematibus
1183 2888 1305 2951 ‘l'yebonis
1323 2892 1468 2955 quibusdam

125 2960 213 3009 eadem
233 2956 435 3023 deprehendimus
453 2958 535 3011 rerba.
555 2964 581 3004 et
596 2954 698 3018 Repleri
725 2956 849 3019 inscriptio
876 2958 997 3017 poematis
1024 2959 1059 3006 sui
1088 2961 1267 3024 10011101,οω
1293 2963 1402 3025 symbolo
1425 2963 1468 3017 ills

125 3032 201 3081 luisse
225 3028 343 3093 Tychoni,
363 3030 428 3077 sicut
452 3027 528 3077 Persii
548 3042 578 3085 „o
598 3042 668 3075 curas
685 3026 825 3075 hominum⁰
848 3022 893 3075 dcc.
917 3026 1024 3091 Keplero
1052 3030 1096 3077 init
1118 3046 1160 3093 pro
1178 3031 1294 3093 symbolo.
1324 3030 1355 3083 In
1379 3033 1467 3083 collec-

124 3102 193 3152 tione
212 3103 378 3164 epistolarnm
397 3114 469 3163 quarn
483 3098 566 3161 Tycha
584 3098 675 3162 publici
689 3100 750 3160 juris
768 3098 835 3152 10011,
854 3100 951 3162 quaerit
962 3098 1115 3149 Rothmauus
1128 3108 1163 3164 (p.
1177 3098 1223 3163 89)
1237 3104 1295 3166 quid
1313 3104 1374 3155 hano
1392 3105 1468 3155 verbs

76 3216 86 3239 ὁ
126 3173 274 3239 significant
313 3173 367 3230 „ab
385 3171 477 3229 altera,
496 3171 585 3234 inquit,
611 3171 719 3233 paginae
736 3175 806 3230 parte
824 3169 905 3218 inveni
923 3170 994 3219 binas
1011 3171 1143 3235 imagines,
1168 3172 1271 3222 alteram
1297 3177 1467 3237 0000000100,

126 3244 231 3294 alteram
250 3247 303 3307 ejus
320 3244 388 3299 artis,
407 3256 480 3307 qnam
499 3244 653 3305 spagyricum
671 3240 788 3305 appellas.
816 3238 885 3300 Quas
904 3254 959 3290 cnm
972 3240 1101 3305 diligenter
1117 3243 1238 3298 intuebar.
1258 3246 1419 3295 animadverti
1437 3247 1470 3297 ab

126 3324 230 3380 utroque
243 3330 328 3365 earum
344 3315 422 3364 latere
440 3314 525 3361 literas
541 3312 669 3375 quasdam.
687 3314 753 3362 circa
776 3313 949 3361 asmonomiam
962 3312 1057 3376 qnidam
1078 3314 1244 3377 „suspiciendo
1263 3316 1384 3379 despicio¹⁴
1403 3319 1472 3368 cirea

127 3388 246 3453 reliquam
264 3401 320 3435 sero
333 3384 509 3448 „despiciendo
527 3383 660 3448 suspiciost*
692 3382 742 3433 Diu
759 3382 822 3434 haec
836 3397 891 3432 cum
910 3384 1071 3435 admiratione
1089 3386 1246 3435 considerans
1258 3390 1372 3453 cogitari.
1389 3387 1469 3439 hiero-

128 3456 245 3525 glyphica
263 3472 316 3507 esse
335 3465 407 3520 teque
426 3456 455 3505 iis
474 3454 536 3503 forte
555 3468 676 3514 annuere,
705 3460 784 3503 artem
800 3456 957 3519 spagyricum
976 3457 1100 3505 0001100ῐο
1119 3457 1193 3505 totius
1210 3466 1314 3507 naturae
1339 3466 1365 3509 et
1386 3458 1470 3512 mundi

129 3525 740 3593 000100010100000100110110000010000010
766 3538 823 3574 suos
849 3526 942 3591 habere
966 3526 1092 3590 planetas,
1120 3541 1150 3577 ac
1168 3542 1231 3592 quae
1249 3536 1339 3591 natura
1357 3534 1410 3597 agit
1426 3545 1470 3595 per

128 3602 212 3652 sidera
230 3600 355 3654 coelestia,
375 3612 406 3649 ea
424 3612 498 3663 agere
517 3596 587 3645 simili
607 3596 719 3645 efficacia
735 3611 779 3660 per
797 3611 845 3645 sua
861 3596 967 3647 sidera“
988 3596 1033 3646 dcc.
1447 3598 1450 3603 “

218 3670 323 3735 Tycho
341 3669 480 3734 respondit:
499 3666 683 3732 hieroglyphice
694 3667 757 3717 haee
770 3682 824 3716 esse
842 3675 910 3717 recte
927 3669 1078 3731 conjectasti.
1103 3666 1168 3719 Nam
1181 3684 1229 3724 non
1241 3670 1330 3721 saltem
1342 3678 1470 3735 utramque

130 3744 305 3796 astronomiam
324 3742 454 3792 coelestem
472 3738 539 3788 illam
557 3741 704 3803 superiorem
721 3744 747 3789 et
764 3740 900 3789 interiorem
919 3746 1057 3792 terrestrem
1075 3742 1215 3804 respiciunt,
1232 3742 1277 3791 sed
1299 3744 1375 3792 etiam
1392 3744 1471 3805 ipsam

130 3816 273 3867 diviniorem
300 3813 447 3877 theologiam
471 3818 496 3860 et
520 3812 594 3859 totius
617 3810 710 3860 ethices
736 3809 908 3874 0000110000.
946 3810 1029 3859 Prima
1053 3825 1108 3861 vero
1132 3810 1211 3861 100010
1237 3812 1363 3876 physicam
1390 3826 1471 3863 rerum

131 3894 270 3939 mattarum
288 3884 508 3935 considerationem
525 3896 585 3945 prae
602 3895 630 3931 se
647 3880 709 3938 lert,
736 3882 761 3930 in
779 3892 829 3945 qua
845 3882 970 3945 superiora
987 3882 1137 3932 interioribus
1155 3884 1191 3931 ite
1208 3896 1320 3935 connexa
1342 3890 1414 3947 sunt,
1440 3890 1472 3935 ut

130 3966 245 4009 0001100
262 3959 316 4007 sine
343 3955 420 4005 altero
445 3958 512 4004 recte
530 3953 621 4017 percipi
639 3960 720 4016 quest
756 3952 822 4003 Nam
849 3966 891 4002 ars
909 3967 952 4008 ea,
977 3966 1051 4017 quam
1075 3954 1229 4018 spagyricum
1247 3966 1378 4014 suemus,
1396 3958 1471 4007 tetius

130 4038 238 4081 naturae
257 4028 487 4094 pervestigationem
507 4025 617 4075 continet
639 4032 665 4073 et
684 4026 846 4074 mtrouomiae
865 4024 992 4087 cujusdam
1010 4027 1129 4075 terresuis
1148 4025 1346 4090 exercitationem
1364 4014 1471 4079 exhibet

129 4100 161 4153 ld
177 4108 237 4151 sunt
253 4106 348 4166 septem
365 4098 482 4163 planetae
500 4097 525 4145 in
543 4096 619 4151 00010,
638 4094 703 4159 qnod
720 4102 777 4145 snut
794 4102 889 4160 reptem
907 4094 1009 4146 metalla
1025 4096 1050 4145 iu
1069 4095 1153 4155 Terra,
1171 4097 1197 4147 in
1214 4096 1311 4146 homine
1330 4098 1363 4149 ad
1380 4100 1471 4149 utrim-

130 4187 179 4239 que
196 4172 279 4223 ideam
296 4171 417 4221 fabricato
435 4174 529 4231 septem
546 4164 692 4230 principalia
707 4167 824 4216 membra.
862 4164 905 4216 Sic
923 4167 971 4216 duo
997 4167 1142 4231 principalia
1165 4166 1259 4218 lumina
1275 4170 1302 4217 iu
1320 4170 1401 4227 00010,
1428 4166 1471 4221 Sol

130 4251 158 4295 01
169 4243 251 4304 Luna,
269 4243 362 4293 dnobus
380 4237 597 4305 praestantioribus
615 4236 722 4287 metallis
741 4250 799 4288 auro
818 4242 843 4287 01
861 4244 972 4302 argento,
990 4238 1015 4287 in
1033 4236 1130 4288 bomine
1144 4238 1209 4289 cordi
1227 4246 1253 4290 et
1270 4241 1369 4293 cerebro
1386 4242 1470 4307 aequi·

130 4322 257 4381 pmantur.
293 4310 351 4364 Duo
377 4310 481 4361 benefici
507 4310 631 4373 planetae.
649 4306 744 4372 Jupiter
771 4315 796 4359 et
814 4308 907 4365 Venus,
934 4308 998 4358 inter
1015 4308 1116 4359 metalla
1133 4316 1247 4361 stannum
1266 4318 1291 4361 et
1308 4326 1408 4376 cuprum
1425 4312 1472 4363 sibl

130 4388 213 4439 10000
231 4386 379 4444 sucessum,
398 4384 424 4431 ln
436 4381 574 4446 corporibus
589 4382 660 4441 iecur
677 4387 704 4429 et
720 4394 800 4430 renes.
831 4378 951 4429 Saturnus
970 4388 996 4429 et
1007 4378 1075 4429 11000
1092 4380 1188 4444 plumbo
1206 4389 1232 4431 01
1256 4384 1317 4433 icrro
1330 4398 1469 4448 correspon-

132 4460 201 4522 01001,
217 4457 244 4508 10
256 4456 394 4521 corporibus
411 4453 536 4505 hominnm
548 4451 595 4500 duo
613 4451 693 4499 minos
710 4451 850 4501 0000000010
862 4456 889 4499 01
905 4450 963 4500 rilia
980 4450 1089 4501 membra
1105 4453 1246 4511 sortiuntur.
1264 4456 1371 4519 splenem
1384 4462 1410 4505 et
1427 4453 1469 4504 101.

131 4530 268 4583 Mercurius
287 4527 401 4578 coelestis
417 4532 446 4575 nt
467 4530 505 4574 est
521 4536 567 4572 sua
585 4526 675 4571 natura
691 4520 831 4571 indifferens
849 4526 875 4570 et
896 4520 984 4572 Proteo
1001 4522 1155 4581 mutabilior,
1173 4525 1209 4573 sic
1231 4528 1307 4577 etiam
1324 4526 1470 4577 mercurium

130 4609 272 4664 1000010000
289 4600 341 4650 sire
359 4602 487 4662 argemnm
506 4596 585 4642 nsum
602 4592 647 4641 sibi
666 4592 797 4657 analogum
815 4592 902 4653 habet,
929 4593 993 4657 qnod
1016 4593 1138 4643 mirabiles
1154 4596 1234 4647 induit
1250 4597 1470 4663 metamorphoseos

132 4676 159 4726 lu
177 4686 277 4739 corpore
295 4677 379 4721 001000
395 4667 576 4717 microcosmico
593 4664 650 4713 huic
668 4669 736 4713 reete
754 4662 902 4715 assimilatur
919 4662 1061 4727 pulmodtc.

220 4758 377 4826 Epitaphium
396 4753 526 4818 Tycbonis‚
545 4752 685 4814 inscriptum
703 4755 860 4801 monumento
877 4750 903 4801 iu
920 4750 1034 4815 pn’mario
1051 4752 1141 4819 templo
1159 4754 1276 4822 Pragensi
1295 4762 1384 4815 erecto,
1402 4756 1468 4807 idem

131 4840 231 4902 0000101
253 4829 405 4895 symbolum:
468 4825 541 4885 „iam
559 4824 648 4873 dudum
667 4834 768 4877 sursum.
787 4835 853 4871 nuuc
870 4823 945 4886 primo
963 4830 1046 4887 specto
1065 4823 1183 4889 deomnm,

464 4896 609 4960 Despiciam
626 4891 745 4942 Mundum
762 4894 941 4958 suspiciensque
959 4894 1065 4946 Deum.¹¹

207 4990 250 5054 18)
267 5008 292 5057 p.
311 4989 371 5042 115.
402 4990 513 5040 Diximus
524 4987 551 5037 ln
568 4984 729 5050 praefatione,
748 4981 868 5033 10000100
878 4982 999 5047 helnonis
1017 4986 1128 5053 interque
1144 4986 1189 5038 hos
1207 4989 1337 5053 praecipue
1348 4988 1466 5057 ‘feugna-
