3517 5525
613 414 675 467 rar·
692 414 783 469 rama
822 414 905 482 capua
921 414 966 467 1v.
1068 424 1074 441 ¹
1122 479 1127 491 ,
1404 413 1466 485 193

111 600 147 657 nt
168 614 239 657 cnm
261 594 387 675 planeta
406 601 512 677 partes
534 594 661 677 epicycli
674 593 831 657 inferiores
845 592 997 676 peragrat,
1022 602 1124 659 centro
1141 596 1266 679 epitycli
1280 602 1419 659 versante
1435 596 1467 659 in

111 684 255 765 opposito
269 682 362 754 Solis,
386 684 600 764 compositione
624 692 755 745 motuum
773 702 806 747 re
829 703 901 745 vera
920 686 961 747 sit
974 686 1176 765 retrogradus.
1213 688 1262 748 lta
1276 686 1466 749 Ptolemaeus

109 773 391 835 sententiamsnam
406 774 537 837 numeris
553 782 585 835 et
594 773 776 853 geometriae
787 776 1004 842 accomodavit,
1025 776 1250 837 admirationem
1265 795 1322 837 nou
1333 775 1464 837 sustulit.

108 862 222 925 Adhuc
245 863 325 926 enim
344 882 437 924 causa
452 864 614 943 quaeritur,
639 882 713 942 qnae
729 882 833 926 ornnes
847 863 1034 944 planetarum
1055 865 1203 947 epicyclos
1218 863 1281 927 So'li
1299 872 1467 939 connectat,

108 961 143 1014 nt
164 952 188 1013 ii
212 970 333 1032 sempor
355 952 386 1014 iu
409 972 572 1033 congressu
595 952 690 1015 centri
713 953 760 1014 sni
783 971 848 1014 cum
871 950 944 1015 Sole
966 954 1119 1033 periodum
1144 974 1228 1015 suam
1251 954 1420 1017 absolvant.

202 1039 443 1120 Cepernicns
483 1062 549 1104 curn
580 1040 796 1122 antiquissimis
828 1042 1027 1124 Pythagoreis
1057 1050 1089 1104 et
1111 1042 1304 1117 Aristarcho,
1341 1061 1463 1123 cumque

110 1130 222 1191 iisdem
250 1148 313 1191 una
340 1148 415 1209 ego
445 1149 588 1211 negamus
618 1131 695 1193 hanc
727 1132 888 1194 secundam
910 1132 1156 1213 inaequalitatem
1179 1131 1208 1193 in
1232 1133 1297 1213 ipso
1320 1132 1464 1213 planetas
1542 1158 1546 1166 =

109 1226 195 1283 motu
218 1218 343 1300 proprio
365 1218 477 1293 inesse,
499 1220 555 1281 sed
577 1220 672 1281 videri
696 1226 823 1295 tantum,
848 1220 985 1283 accidere
1001 1240 1071 1283 vero
1096 1238 1195 1283 annua
1217 1220 1375 1305 gyratione
1391 1220 1463 1281 Tel-

110 1308 187 1371 luris
211 1308 295 1369 circa
317 1306 421 1369 Solem
445 1309 635 1371 immobilem.
682 1310 799 1389 ltaque,
824 1310 1073 1391 quemadmodum
1097 1329 1153 1390 cap
1176 1311 1198 1371 l.
1223 1318 1321 1373 motus
1343 1310 1464 1373 diurnus

110 1418 131 1459 a
161 1397 297 1475 motibus
327 1397 516 1477 planetarum
539 1397 668 1479 propriis
692 1398 750 1459 fnit
771 1407 947 1479 separatus,
972 1400 1014 1461 sic
1034 1400 1099 1480 jam
1122 1400 1254 1461 secunda
1273 1399 1464 1479 planetarum

108 1486 317 1568 inaequalitas
338 1486 445 1547 itidem
468 1509 487 1547 a
508 1488 606 1567 prima
635 1496 794 1567 separatur
816 1509 836 1549 a
855 1486 1021 1569 Coperuico
1046 1496 1077 1549 et
1101 1490 1220 1569 quidem
1244 1488 1348 1549 eodem
1363 1488 1461 1549 modo.

108 1576 189 1638 Nam
217 1572 348 1655 primum
378 1583 490 1637 motum
521 1576 573 1638 alii
607 1576 737 1639 artifices
766 1577 964 1639 adventitium
994 1576 1114 1660 quidem
1141 1578 1172 1639 in
1195 1576 1325 1657 planetis
1348 1594 1462 1655 agnos·
1509 1597 1512 1604 ·

108 1672 197 1739 cunt,
228 1665 284 1725 sed
313 1671 416 1726 tamen
440 1665 583 1740 credunt,
607 1666 690 1727 illurn
714 1684 747 1727 re
779 1684 853 1728 vera
874 1666 1006 1747 planetis
1029 1668 1130 1729 inesse
1154 1675 1185 1728 et
1213 1666 1313 1727 inferri
1341 1666 1400 1739 sic,
1429 1673 1463 1727 ut

108 1754 218 1816 eodem
242 1760 274 1814 et
296 1754 437 1833 planetae
460 1755 617 1815 vehantur.
666 1752 849 1835 Copemicus
873 1774 968 1837 neque
991 1756 1091 1819 inesse
1114 1772 1337 1835 personaque
1359 1753 1462 1817 inferri

109 1842 256 1905 concedit
278 1842 475 1919 extrinsecus,
501 1843 554 1905 sed
578 1843 682 1923 affingi
705 1851 822 1905 tantum
846 1844 906 1907 illis
929 1864 983 1925 per
1006 1845 1158 1907 fallaciam
1181 1843 1279 1905 visus:
1305 1842 1463 1905 dumenim

111 1932 209 1993 Terra
233 1930 374 1994 volvatur
397 1950 487 2011 snper
510 1952 567 1994 axe
591 1952 645 1995 sno
669 1932 707 1994 ab
731 1947 840 1995 occaso
863 1934 892 1995 in
917 1942 1023 2008 ortum,
1049 1933 1126 1996 visui
1144 1942 1247 1994 nostro
1261 1932 1356 1995 videri
1374 1952 1462 1995 mun-

111 2024 182 2083 dum
206 2021 354 2101 reliquum
376 2022 458 2083 volvi
483 2022 520 2083 ab
544 2030 610 2084 ortu
634 2022 663 2083 in
687 2040 837 2085 occasum.
871 2022 996 2099 Eodem,
1021 2022 1150 2103 inquam,
1175 2022 1262 2083 modo
1279 2020 1462 2105 Copemicus

110 2109 246 2184 asserit,
268 2108 411 2190 planetas
434 2129 493 2173 nou
517 2130 549 2173 re
568 2130 640 2172 vera
663 2111 725 2171 fieri
749 2112 946 2175 stationarios
970 2120 1001 2174 et
1025 2112 1230 2192 retrogrados‚
1268 2112 1322 2173 sed
1344 2110 1459 2173 videri:

111 2200 209 2261 Terra
237 2200 317 2260 enim
348 2200 409 2262 alio
438 2200 562 2279 insuper
592 2208 624 2261 et
657 2220 692 2261 eo
720 2220 817 2263 annuo
845 2208 929 2263 motu
957 2201 987 2263 in
1015 2200 1124 2264 circulo
1149 2200 1332 2281 amplissimo
1357 2202 1461 2281 (quem

112 2288 220 2351 orbem
245 2307 385 2368 maguum
401 2291 550 2370 appellat)
569 2290 730 2365 translata,
751 2310 813 2365 eos,
834 2291 882 2370 qni
894 2292 1018 2353 Terram
1033 2291 1158 2353 credunt
1168 2290 1329 2370 quiescere,
1353 2296 1461 2370 putare

111 2378 256 2458 planetas
280 2387 312 2439 et
336 2376 439 2440 Solem
462 2379 493 2441 in
515 2378 696 2441 contrarium
718 2380 885 2450 transferri,
910 2388 942 2441 et
964 2378 1036 2442 Sole
1059 2380 1138 2441 inter
1152 2380 1276 2443 Terram
1299 2388 1330 2441 et
1351 2378 1461 2459 plane-

111 2477 175 2528 tam
204 2466 322 2546 posito,
356 2468 493 2548 componi
524 2468 555 2529 iu
583 2468 699 2531 visione
721 2477 821 2530 motus
843 2470 954 2533 Terrae
978 2476 1009 2530 et
1031 2467 1184 2549 planetae,
1222 2468 1299 2529 unde
1322 2468 1461 2531 videatur

111 2557 240 2636 planeta
269 2555 375 2631 velox,
402 2559 499 2619 Terra
530 2575 600 2619 vero
627 2559 707 2621 inter
729 2558 830 2622 Solem
854 2567 886 2619 et
909 2557 1062 2640 planetam
1085 2559 1195 2637 posita,
1218 2556 1311 2620 videri
1335 2556 1460 2637 relinqui

112 2646 269 2726 planetam
291 2651 325 2707 et
347 2645 392 2708 sic
415 2648 613 2721 retrocadere,
640 2667 674 2708 eo
692 2648 771 2728 qnod
793 2647 1042 2711 Terra'velooior
1064 2647 1104 2709 sit
1126 2648 1259 2727 planeta.

203 2734 331 2816 Tycho
358 2736 482 2802 Brahe
513 2736 611 2799 simile
642 2737 711 2818 qnid
745 2736 837 2800 habet
868 2756 936 2800 cum
958 2736 1094 2813 Latinis,
1126 2736 1311 2800 non·Solem
1342 2732 1461 2817 quidem

113 2825 273 2886 attrahere
295 2825 436 2905 planetas
458 2844 513 2905 per
536 2835 709 2907 aspectum,
743 2828 797 2887 sed
819 2827 960 2906 planetas
985 2827 1101 2890 adulari
1124 2824 1206 2889 Soli:
1230 2827 1286 2889 niti
1309 2826 1400 2899 enim,
1426 2832 1462 2887 ut

113 2914 198 2976 illum
222 2915 376 2994 (quamvis
400 2915 535 2989 euntem)
558 2916 589 2976 iu
612 2916 709 2978 medio
732 2917 795 2978 fere
818 2936 940 2978 snamm
964 2916 1168 2978 circuitionum
1192 2915 1351 2989 retineant,
1375 2915 1459 2995 ipsos

111 3022 183 3064 vero
215 3003 376 3083 genuinam
412 3005 493 3066 viam
523 3005 604 3066 circa
626 3004 730 3066 Solem
759 3005 861 3085 (quasi
893 3013 976 3067 esset
998 3005 1173 3078 immobilis)
1197 3005 1344 3067 ordinare.
1391 3001 1460 3074 Qus

112 3093 231 3154 ratione
255 3091 381 3173 quilibet
402 3095 527 3172 planeta
547 3094 578 3155 in
602 3111 676 3155 aura
690 3094 835 3157 aetherea
851 3102 973 3174 praeter
990 3093 1070 3158 riam
1084 3093 1235 3175 propriam
1253 3095 1351 3174 ipsam
1365 3093 1458 3155 etiam

111 3178 194 3243 Solis
227 3180 309 3242 riam
337 3182 471 3256 conficit,
504 3182 690 3264 efficiturque
720 3202 757 3245 ex
786 3190 869 3245 motu
897 3191 1022 3265 utroque
1055 3182 1238 3263 compositus
1267 3183 1306 3244 ad
1329 3200 1459 3262 unguem

111 3270 204 3331 idem
227 3270 278 3350 qni
302 3271 382 3351 apud
395 3272 603 3334 Ptolemaeum
628 3272 765 3352 (spiralis
780 3274 911 3352 nempe),
935 3279 970 3334 ut
991 3289 1057 3353 cap.
1081 3273 1106 3334 Ῑ.
1124 3271 1246 3333 dictum.
1291 3271 1334 3332 ur
1356 3277 1458 3332 astro-

112 3358 230 3420 nomica
253 3359 449 3423 Ptolemaeus
477 3360 628 3442 epicyclos
658 3363 688 3422 in
711 3361 888 3426 eccentricis
911 3361 1032 3436 statuit,
1061 3361 1197 3424 Braheus
1221 3359 1404 3424 eccentricos
1428 3357 1457 3420 in

73 3447 77 3454 '
113 3447 250 3530 epicyclo
273 3466 347 3523 uno,
373 3449 422 3530 qui
445 3457 495 3510 est
517 3449 583 3529 ipse
605 3449 687 3512 Solis
709 3451 800 3512 orbis.

201 3535 271 3617 Ego
298 3537 330 3598 in
360 3539 554 3620 sequentihus
583 3539 889 3602 demonstrationibus
926 3556 1029 3600 omnes
1061 3546 1124 3600 tres
1157 3545 1311 3602 auctorum
1345 3536 1458 3598 formas

112 3627 302 3708 conjungam.
347 3627 427 3690 Nam
450 3637 482 3690 et
495 3629 608 3711 Tycho,
632 3650 679 3691 me
702 3628 760 3691 hoc
783 3630 958 3710 quandoque
974 3628 1129 3702 suadente,
1149 3629 1180 3691 id
1199 3650 1231 3691 se
1250 3627 1328 3689 ultro
1347 3623 1396 3687 vel
1410 3643 1458 3687 me

113 3723 236 3778 tacente
261 3716 409 3778 facturum
433 3718 526 3780 fnisse
548 3718 704 3799 respondit
726 3718 923 3799 (fecissetque
947 3718 974 3780 si
997 3718 1244 3799 supervixisset),
1273 3723 1306 3779 et
1326 3715 1457 3778 moriens

112 3824 211 3881 arne,
237 3823 327 3884 quem
348 3807 379 3867 in
394 3804 554 3888 Oopernici
576 3808 729 3871 sententia
751 3827 818 3871 esse
843 3807 970 3876 sciebat,
993 3807 1092 3887 petiit,
1115 3809 1160 3870 uti
1177 3807 1207 3869 in
1222 3826 1277 3870 sua
1296 3804 1459 3887 hypothesi

110 3894 213 3958 omnia
236 3894 485 3958 demonstrarem.
503 3891 545 3970 ⁸¹)
1446 3887 1454 3900 ⁸

199 3983 297 4046 Porro
319 3984 409 4048 trium
431 3986 537 4048 harum
561 3987 722 4048 formarum
742 3985 994 4067 perfectissimam
1013 3984 1276 4066 aequipollentiam
1295 3982 1459 4064 geometri-

109 4092 175 4137 cam
199 4079 232 4134 et
250 4073 316 4153 jam
338 4075 443 4137 statim
468 4083 499 4136 et
521 4095 576 4155 per
598 4074 822 4156 totnmljbrnm,
839 4075 922 4136 aliud
940 4074 1011 4137 licet
1025 4083 1160 4154 agentes,
1176 4071 1457 4160 demonstrabimus.

107 4164 141 4225 ln
164 4180 312 4243 praesens
334 4165 571 4246 persequendum
591 4174 640 4227 est
657 4165 826 4227 institutum
841 4173 873 4226 et
886 4165 1160 4239 demonstrandum,
1185 4163 1303 4225 omnino
1319 4181 1460 4242 magnum

108 4252 220 4332 aliquid
243 4253 275 4314 in
295 4254 427 4316 secunda
446 4252 662 4337 inaequalitate
679 4255 808 4338 peccari,
836 4254 862 4316 si
884 4273 939 4334 pro
959 4253 1116 4334 apparenti
1139 4260 1222 4316 motu
1240 4252 1323 4316 Solis
1343 4252 1459 4318 medius

108 4348 269 4421 susceptus
292 4342 395 4420 fuerit,
422 4362 493 4407 „cum
514 4364 571 4427 quo
588 4346 713 4425 planeta
734 4344 765 4406 in
781 4345 926 4426 principio
950 4343 1036 4424 hujus
1061 4343 1208 4405 secundae
1231 4343 1459 4426 inaequalitatis

109 4437 286 4513 opponatur.

195 4522 346 4604 Incipiam
368 4542 389 4583 a
411 4520 668 4605 Gopernicana
690 4522 850 4585 sententia.
901 4522 1013 4588 Oeam
1034 4524 1055 4601 β
1081 4522 1238 4584 ser-ibatur·
1269 4524 1458 4588 assentasse

112 4614 233 4678 Terrae
253 4635 310 4692 ys,
334 4611 458 4694 quolam
481 4613 675 4697 Ooperrsr'c'aa
688 4611 871 4676 Pwlemceo
886 4613 994 4696 sideris
1015 4619 1062 4675 est
1082 4611 1284 4692 imaginatus,
1306 4621 1343 4679 at
1363 4614 1400 4675 ia
1421 4633 1456 4676 eo

109 4707 150 4767 sit
170 4705 211 4784 γβ
233 4700 318 4765 liaeo
340 4703 505 4784 apsidam,
529 4726 546 4765 a
568 4701 655 4766 lomes
678 4701 764 4765 Solis
790 4701 960 4767 immobilis
981 4709 1012 4766 et
1033 4705 1053 4782 β
1072 4709 1224 4785 mactum
1253 4699 1456 4786 mqaalrteeia

110 4801 212 4858 motas
243 4790 394 4856 Teuma.
447 4795 601 4858 Danaa
623 4813 687 4876 per
716 4794 735 4869 β
763 4793 829 4875 ipsi
857 4794 897 4873 βγ
925 4789 1201 4876 perpendicularis
1229 4793 1316 4869 υβσ,
1345 4811 1457 4856 secares

112 4885 400 4967 drmmserentiom
420 4885 457 4947 a'a
474 4883 650 4967 martiae,
674 4899 714 4957 σς
737 4890 1058 4958 commercarere,
1082 4887 1196 4944 c'caoa
1218 4905 1241 4942 κ.

200 4970 385 5053 (lopernicus
415 4971 516 5054 igitur,
538 4971 740 5036 Ptolomeicus
774 4989 911 5035 numeros
935 4973 965 5036 in
989 4991 1074 5035 suam
1098 4969 1222 5033 formam
1255 4967 1454 5055 hypotheseos

162 5079 251 5133 septen
264 5079 340 5130 opera
361 5079 397 5120 111.
1043 5073 1050 5088 “
1209 5075 1240 5130 1³
