3517 5525
478 0 702 61 eomer
752 33 755 40 Δ

481 54 486 63 ι
520 53 528 84 i‘
549 63 551 68 .
572 48 585 69 fr
615 57 620 77 ,
656 60 664 72 ,κ
713 45 722 62 ¹

548 79 626 118 (ἐπ’,
668 86 720 116 fv

578 111 585 172 i
655 109 675 154 o

515 191 519 202 ’
651 201 676 332 i

443 399 459 494 r!
512 429 516 449 '
621 395 768 508 eKeplero
787 443 928 496 emendata.
961 515 967 528 Ι
1062 501 1067 512 ,
1211 415 1216 426 ¹
1386 449 1449 519 709

107 635 183 694 runs,
206 617 250 680 sic
269 618 332 699 jem
358 626 389 682 et
411 617 542 682 calculus
566 620 597 682 in
619 619 798 697 alterorum,
823 641 897 702 quos
921 622 991 698 dixi,
1016 623 1147 702 gratiam
1170 632 1203 686 et
1225 633 1258 689 ut
1280 627 1451 692 mathema·

107 707 214 770 tici‘in
238 708 383 771 communi
406 708 508 770 labore
526 709 748 774 taediosissimo
764 711 972 791 liberarentur,
997 713 1214 775 accommodari
1234 715 1321 778 facile
1343 717 1450 797 potuit,
1508 793 1518 801 ,

108 797 278 877 composita
300 798 405 861 tabula
427 798 742 880 prosthapbaeresinm
758 809 977 864 menstruarum
1001 802 1065 882 ejus
1089 803 1224 884 epieycli,
1249 824 1333 886 quem
1349 808 1451 888 Tycho

108 885 313 950 collocaverat
335 888 374 949 ad
396 887 530 950 Terram:
572 889 637 950 Hae
660 908 769 952 causae
794 890 906 952 laboris
929 890 1019 969 hujus
1040 892 1071 952 in
1094 892 1252 973 publicum,
1276 895 1313 956 de
1336 896 1452 977 quibus,

108 975 189 1054 quod
212 976 295 1056 prius
312 976 466 1050 dicebam,
488 985 523 1038 tn
546 978 712 1040 rectissime
730 977 892 1058 judicabis,
918 980 967 1059 qni
990 979 1050 1042 tuis
1073 978 1242 1043 hortatibus
1264 993 1454 1048 cunctantem

105 1083 155 1126 me
180 1063 324 1146 impulisti
346 1085 413 1128 cum
435 1067 473 1127 ad
495 1066 571 1128 haec
596 1075 660 1130 tum
685 1067 724 1128 ad
747 1067 808 1152 alia
830 1069 1019 1132 incommoda
1041 1069 1068 1132 si
1090 1069 1153 1132 lieri
1174 1080 1281 1150 posset
1304 1072 1451 1138 lenienda.

105 1152 186 1216 Mihi
210 1173 280 1216 vero
304 1155 443 1236 privatim
466 1173 576 1218 causae
600 1155 798 1236 suppetebant
820 1175 878 1219 non
895 1158 1140 1223 contemnendae.
1175 1154 1308 1224 Primum
1329 1163 1366 1223 de
1390 1173 1453 1226 tam

104 1242 321 1324 multiplicibus
343 1245 607 1325 inaequalitatibus
632 1246 736 1310 Lunae
768 1247 863 1308 multa
879 1247 965 1308 mihi
992 1266 1057 1309 cum
1081 1248 1221 1329 Tychone
1245 1251 1314 1313 vivo
1337 1253 1452 1314 disser-

109 1331 187 1394 tatio
212 1333 288 1410 fuit;
311 1332 368 1418 quo
385 1331 540 1396 hortatore
556 1353 675 1414 semper
689 1334 802 1416 aliquid
821 1336 986 1411 tentabam,
1009 1345 1043 1399 nt
1065 1356 1125 1400 una
1147 1339 1224 1418 qnod
1247 1341 1332 1421 ajunt
1354 1341 1455 1404 fidelia

109 1421 198 1508 dnos·
215 1423 347 1502 parietes
378 1423 549 1490 dealbarem
581 1424 805 1506 (unainquam
835 1425 994 1506 hypothesi
1026 1430 1179 1508 utramque
1209 1428 1454 1510 inaequalitatem

1 1511 4 1520 ¹
101 1515 310 1590 excusarem).
344 1511 511 1580 Sescentos
528 1513 643 1574 tentavi
660 1513 761 1575 aditus
784 1511 850 1576 oum
875 1515 993 1595 plurimi
1016 1516 1158 1595 temporis
1178 1517 1318 1596 jactura:
1343 1519 1452 1591 toties-

109 1619 167 1680 que
186 1600 251 1679 jam
274 1601 451 1664 devoratam
479 1603 623 1682 praedam
652 1601 759 1665 iterum
787 1623 803 1662 e
828 1603 963 1668 lancibus
991 1604 1087 1666 amisi.
1134 1606 1212 1667 Nam
1234 1606 1307 1669 mihi
1329 1607 1453 1672 subinde

109 1689 285 1771 imponebat
307 1691 443 1754 circellns
467 1690 519 1754 ille
546 1691 585 1752 ad
608 1691 732 1754 Terram
758 1697 829 1773 post
861 1693 981 1756 dumeta
1012 1693 1207 1774 triangularis
1237 1696 1348 1759 laboris
1373 1693 1451 1760 lati·

107 1786 189 1840 tans.
227 1781 361 1842 Tandem
384 1780 475 1862 igitur
498 1780 526 1842 in
551 1781 684 1861 apricum
699 1781 907 1850 commodioris
928 1782 1132 1863 hypotheseos
1155 1783 1213 1846 luit
1233 1786 1454 1866 protrahendus

108 1874 142 1928 et
163 1874 246 1931 totns
269 1889 335 1934 cnm
359 1869 494 1932 omuibus
517 1871 632 1948 artibus
657 1870 719 1932 suis
743 1870 773 1932 in
795 1871 931 1934 tabulam
954 1871 1167 1950 conjiciendus.

196 1958 232 2020 Iu
256 1970 410 2038 posterum
432 1957 533 2040 itaque
557 1961 634 2020 mihi.
652 1959 710 2022 erit
733 1959 918 2040 expeditius,
949 1960 1063 2023 variam
1087 1961 1175 2042 hujus
1197 1964 1452 2046 prosthapbaere-

108 2064 178 2109 seos
201 2041 427 2131 permistionem
450 2067 515 2110 cum
544 2049 626 2110 dicta
648 2043 782 2129 Tychoni
805 2049 973 2112 variatione
996 2058 1150 2113 menstma
1171 2052 1293 2133 propius
1316 2063 1452 2121 contem·
1566 2081 1577 2094 Χ

1 2209 2 2214 ¹
107 2136 206 2216 plari,
238 2144 270 2198 et
301 2137 403 2199 videre
430 2158 469 2198 an
493 2137 704 2200 sufficientibus
728 2137 969 2200 observationum
992 2139 1212 2202 conditionibus
1242 2143 1382 2220 suffulta,
1414 2163 1453 2208 an

109 2225 206 2306 (quod
219 2225 368 2292 interdum
384 2227 534 2308 suspicor)
557 2226 606 2287 vel
622 2245 688 2289 cum
706 2226 872 2289 variatione
892 2225 1063 2310 Tycbonica
1086 2231 1168 2301 (oum
1187 2229 1343 2313 physicam
1365 2233 1452 2314 plane

109 2323 266 2398 utramque
290 2335 359 2378 esse
387 2335 513 2377 necesse
536 2315 592 2390 sit)
623 2316 671 2377 vel
701 2334 767 2378 oum
788 2317 975 2379 Ptolemaios
1003 2314 1121 2396 σ’ῃιλισει
1148 2326 1302 2382 menstrua
1328 2321 1453 2404 epieycli

109 2422 265 2468 commune
289 2406 359 2488 quid
383 2405 536 2468 obtineat:
561 2406 605 2466 sio
628 2413 661 2467 ut
683 2414 840 2486 susceptus
861 2405 1061 2485 acopernioo
1080 2402 1228 2470 secundus
1248 2411 1399 2492 epicyelus
1422 2418 1454 2472 et

108 2503 314 2557 transsnmtns
338 2495 514 2576 aTychone
538 2494 633 2576 adque
656 2496 780 2556 Terram
804 2495 968 2558 collocatus
991 2514 1050 2558 non
1071 2496 1161 2577 plane
1183 2497 1266 2560 illam
1286 2499 1452 2563 Ptolemai-

1 2663 2 2670 ἵ
108 2602 176 2645 eam
200 2579 322 2664 tyrsos
339 2591 486 2666 praestet,
511 2591 726 2664 contraquam
751 2582 936 2666 Copornicns
958 2585 1008 2648 lib.
1032 2585 1088 2649 IV.
1114 2606 1180 2668 cap.
1204 2583 1225 2651 9
1248 2589 1452 2652 demonstrare

110 2671 226 2734 nititur.
665 2679 666 2684 ’

200 2759 296 2826 Simul
319 2763 410 2825 etiam
432 2762 596 2843 periculum
626 2764 724 2827 facere
754 2764 833 2826 volui
864 2764 977 2827 laboris
1006 2766 1174 2828 tabularum
1196 2766 1454 2846 Rudolphinarum

77 2864 81 2872 ·
111 2852 351 2917 condendarum:
376 2870 434 2932 quc
449 2851 567 2931 nomine
591 2852 662 2927 (etsi
679 2868 753 2932 opus
768 2852 865 2932 ipsum
885 2872 937 2913 sen
956 2853 1073 2917 irritum
1096 2873 1149 2917 seu
1172 2874 1231 2917 non
1253 2858 1454 2921 necessarium

110 2944 209 3016 esset)
232 2960 291 3004 non
315 2940 507 3004 mediocriter
529 2959 575 3003 me
597 2941 762 3021 profecisse
786 2960 904 3003 censeo.

199 3030 287 3102 Quod
310 3038 409 3098 autem
429 3050 487 3092 non
504 3030 569 3091 eain
589 3030 713 3091 formam
728 3029 897 3092 tabularum
911 3049 977 3092 snm
992 3039 1122 3106 secutus,
1146 3050 1233 3110 quam
1248 3032 1451 3111 Ptolemaeus,

108 3118 302 3202 Alphonsini,
327 3119 511 3200 Oope'rnious
530 3128 561 3180 et
575 3118 752 3195 Prutenioae
771 3120 970 3199 praeiverunt,
995 3139 1088 3181 causa
1105 3120 1180 3182 haec
1203 3129 1261 3195 est,
1285 3121 1355 3202 quia
1375 3122 1452 3187 haec

40 3224 42 3231 ⁴
108 3209 183 3275 mibi
206 3209 302 3271 forma
324 3208 453 3271 omnium
474 3208 654 3271 brevissima
675 3208 794 3269 videtur
823 3201 902 3269 loca'
920 3208 1111 3288 computandi
1140 3228 1178 3269 ex
1210 3208 1342 3283 tabulis;
1375 3230 1452 3293 quae

109 3298 169 3361 etsi
193 3298 222 3360 in
245 3299 331 3361 Luna
354 3297 487 3362 nonnihil
510 3297 600 3359 habet
623 3297 784 3359 etiamnum
807 3296 934 3382 laboris,
962 3296 1085 3378 propter
1107 3298 1233 3377 apogeei
1255 3306 1286 3359 et
1308 3300 1452 3364 nodorum

108 3385 226 3451 celeres
257 3396 374 3465 metus,
407 3386 437 3447 in
469 3387 577 3449 ceteris
608 3394 708 3449 tamen
737 3385 869 3467 planetis
896 3394 982 3449 tanto
1011 3387 1118 3468 majori
1146 3407 1219 3451 cum·
1239 3388 1358 3451 foenore
1382 3390 1450 3453 erit.

107 3478 153 3541 Et
176 3476 328 3539 tamenin
352 3477 420 3556 ipsa
443 3476 534 3538 etiam
555 3476 642 3539 Luna
669 3476 827 3556 plurimum
854 3476 993 3557 expedire
1015 3485 1106 3556 puto:
1140 3494 1198 3538 non
1220 3496 1275 3558 per
1297 3478 1452 3541 anfractus

109 3576 144 3629 et
166 3569 297 3629 latentes
320 3565 385 3627 vias
410 3564 611 3645 longitudinis,
636 3566 818 3641 anomaliae,
843 3573 941 3627 motus
965 3564 1132 3627 latitudinis
1155 3563 1292 3629 incedere
1315 3567 1452 3647 ignarum

108 3656 163 3721 ubi
186 3654 325 3730 verseris,
348 3654 520 3735 priusquam
543 3655 581 3715 ad
604 3653 739 3717 ultimum
757 3655 915 3736 pervenias
935 3654 1062 3717 ostium:
1088 3654 1142 3718 sed
1164 3674 1202 3716 ex
1224 3655 1351 3719 editiore
1373 3658 1459 3733 loco,¹
1541 3672 1546 3681 “
1603 3650 1611 3662 ”

109 3744 240 3827 apogaei
263 3743 379 3806 scilicet
401 3750 432 3805 et
454 3744 596 3806 nodorum
618 3745 705 3807 tardo
728 3751 825 3819 motu,
856 3752 1048 3824 prospectum
1075 3744 1169 3806 totins
1196 3744 1311 3807 itineris
1334 3763 1451 3826 semper

108 3836 223 3898 habere
246 3833 283 3896 ob
307 3834 418 3897 oculos.
465 3832 565 3904 Quare
589 3833 660 3909 tibi,
684 3832 743 3893 Vir
764 3832 870 3895 harum
893 3852 989 3895 rerum
1010 3832 1191 3913 peritissime
1216 3834 1360 3914 juxtaque
1383 3854 1450 3897 am·

107 3923 262 4007 piissimo,
291 3923 444 4003 exemplar
466 3931 690 4003 repraesentare
712 3921 793 3984 volui
821 3922 887 4001 ejus
910 3922 1022 3984 formae
1045 3922 1214 3988 tabularum
1233 3923 1449 4003 Rudolphaea-

108 4034 188 4090 rum,
213 4032 300 4094 qnam
323 4031 379 4092 ego
403 4010 502 4073 animo
526 4012 657 4092 concepi,
681 4018 714 4073 ut
737 4012 806 4092 quia
827 4011 978 4091 publicum
1001 4028 1075 4091 opus
1098 4010 1228 4074 futurum
1250 4018 1298 4073 est
1320 4013 1362 4085 (si
1383 4014 1450 4076 Deo

109 4101 275 4186 placuerit)
302 4099 430 4182 plurium
458 4099 551 4162 etiam
580 4108 612 4162 et
638 4100 869 4183 intelligentium
894 4100 1005 4180 judicio
1033 4100 1176 4163 mmetnr.
1221 4098 1349 4164 Paratus
1371 4102 1450 4166 enim

16 4188 18 4195 ⁴
112 4212 198 4267 sum,
231 4190 257 4253 si
284 4191 438 4271 quisquam
467 4188 540 4251 mibi
569 4185 853 4271 compendiosiorem
882 4188 961 4251 viam
990 4189 1219 4265 monstraverit,
1248 4189 1333 4251 illam
1355 4191 1449 4273 sequi,

111 4279 458 4345 institutumdeserere.
504 4278 617 4357 Accipe
645 4278 736 4359 igitur
765 4280 821 4341 has
843 4276 912 4340 Tibi
941 4279 1076 4360 proprias
1108 4278 1247 4353 chartas,
1281 4299 1390 4361 easque
1416 4290 1451 4343 nt

112 4371 199 4434 lubet
222 4376 253 4431 et
275 4362 413 4451 expedire
436 4367 491 4429 tibi
512 4368 678 4443 videbitur,
708 4387 787 4454 cum,
803 4366 935 4431 literatis
965 4376 996 4429 et
1018 4387 1114 4431 rerum
1141 4367 1375 4446 intelligentibus
1398 4388 1451 4433 seu

30 4516 33 4523 .
112 4460 233 4542 publice
256 4478 308 4521 sen
330 4457 472 4537 privatim
489 4458 689 4519 communicer
715 4457 758 4519 sic
781 4466 883 4519 tamen
905 4464 939 4517 nt
960 4456 1091 4520 virerum
1113 4456 1267 4519 doctornm
1284 4458 1398 4539 judicia
1420 4456 1450 4519 in

44 4600 49 4607 .
114 4555 266 4611 meumst
295 4547 388 4610 totius
416 4544 613 4609 astronomiae
641 4546 825 4608 commodum
853 4544 988 4607 vicissim
1018 4546 1176 4623 colligere,
1210 4564 1269 4625 qua
1299 4545 1450 4609 commode

114 4637 247 4720 poteris,
271 4638 423 4717 'iilumque
446 4634 608 4715 adjungere
631 4646 700 4725 non⁴
713 4635 858 4716 negligas.
905 4634 1012 4716 Facies
1034 4633 1082 4710 id,
1113 4635 1191 4715 quod
1220 4637 1325 4698 doctos
1348 4653 1451 4697 omnes
1488 4636 1492 4644 '

116 4749 137 4789 a
158 4728 203 4791 Te
225 4736 400 4805 exspectare
424 4725 562 4787 diuturna
585 4726 795 4787 consuetudine
818 4722 955 4787 docuisti.
1001 4724 1081 4787 Vale
1104 4732 1136 4785 et
1157 4742 1203 4786 me
1226 4742 1326 4786 amare
1348 4741 1449 4803 perge.

115 4816 236 4913 Pragpe
258 4814 455 4881 Bohemorunr
476 4812 516 4877 X.
535 4811 600 4877 Cal.
621 4812 721 4893 Majas
744 4831 822 4878 anno
844 4813 925 4894 vulg.
949 4812 1079 4894 epochae
1103 4811 1218 4878 Christi
1237 4812 1295 4879 Dei
1321 4808 1415 4879 1603.

802 4902 883 4965 Neb.
907 4908 939 4964 et
959 4902 1042 4983 Mag.
1066 4908 1136 4964 tuae

1017 4990 1242 5056 addictissimus

1122 5078 1175 5147 Jo.
1196 5076 1362 5166 Ram
