3517 5525
1029 79 1033 92 ⁸
1112 71 1117 78 ⁸
1147 96 1150 103 ¹
1205 87 1273 108 -als'

1145 110 1149 118 '
1196 105 1247 138 .i¹i

1142 128 1150 176 ⁸
1237 139 1260 147 v.

1111 176 1116 188 ι

327 433 391 508 694
856 385 977 489 'raama
995 435 1024 488 r.
1045 430 1135 489 arna

326 620 518 682 Ptolemaeus
541 617 614 678 illud
639 615 855 698 aequinoctium
880 616 1072 688 autumnale,
1105 614 1182 695 qued
1207 611 1334 691 contigit
1354 610 1408 676 32.
1432 614 1535 676 tertiae
1561 611 1681 692 Calip-

326 709 429 789 pieae,
453 706 502 768 die
525 704 555 768 2.
579 703 811 785 Epagemeuen,
836 706 971 767 ceulerat
994 705 1025 766 in
1050 701 1122 767 178.
1146 701 1251 766 mertis
1274 701 1460 777 Alexandri,
1481 723 1547 764 curn
1569 709 1682 764 tamen

326 796 366 857 ad
390 794 596 875 complendum
624 793 684 858 177
708 794 746 856 ab
771 795 886 874 epocha
911 791 963 858 12.
986 793 1064 855 Nev.
1091 799 1284 872 superessent
1306 791 1364 852 duo
1387 811 1464 872 pene
1484 793 1564 853 dies.
1612 791 1682 853 Nee

326 892 429 967 petest
460 882 540 958 dici,
573 883 694 944 vernale
727 883 942 964 praecessisse.
995 883 1075 945 Nam
1105 881 1174 960 quia
1204 880 1274 942 anui
1301 877 1452 960 Calippici
1481 879 1637 959 incipiunt
1662 901 1682 940 a

328 973 477 1047 solstitio,
508 971 536 1032 in
561 991 597 1033 ee
621 972 713 1052 igitur
736 992 813 1034 anne
836 972 992 1053 praeeedit
1013 969 1203 1032 autumnale:
1233 981 1389 1048 utrumque
1413 976 1513 1030 numm
1538 969 1682 1048 assignat

327 1063 421 1124 eidem
447 1059 499 1123 32.
517 1080 603 1123 anne.
642 1061 707 1122 Hoc
726 1079 812 1122 unum
830 1069 887 1124 est.
921 1060 1038 1124 Deinde
1062 1059 1089 1120 si
1107 1059 1241 1120 baecita
1258 1057 1399 1131 habeant,
1424 1059 1563 1140 equidem
1576 1059 1680 1120 Alba-

261 1143 264 1149 ’
327 1152 446 1232 teguius
470 1149 501 1212 in
530 1148 689 1210 intervallo
718 1149 796 1211 inter
820 1149 1025 1212 Ptolemaeum
1056 1159 1148 1209 etse
1177 1146 1334 1209 erraverit.
1378 1148 1575 1210 Ptolemaeus
1600 1147 1682 1208 enim

328 1258 436 1302 aunum
451 1237 659 1300 Nabenassari
674 1237 775 1312 tradit,
791 1238 995 1319 Albategnius
1008 1236 1160 1300 Julianum
1174 1256 1228 1300 seu
1242 1234 1388 1316 tropicum
1403 1236 1558 1316 iutelligit.
1594 1233 1681 1307 Quos

327 1329 417 1410 igitur
432 1327 482 1389 ille
494 1323 558 1390 743
569 1335 730 1406 cumputat,
746 1327 789 1388 illi
807 1347 836 1389 re
852 1347 925 1388 vera
936 1324 1000 1391 744
1011 1333 1088 1391 suut.
1113 1326 1147 1388 Id
1164 1326 1241 1386 euim
1251 1325 1494 1387 animadvertens
1506 1325 1682 1406 Bentingus

327 1417 429 1479 nescio
454 1415 524 1495 quid
548 1414 630 1476 dicit.
671 1414 731 1476 Sed
756 1435 793 1476 ex
817 1417 882 1496 ejus
901 1415 1172 1497 computationibus
1197 1417 1270 1495 (qua
1285 1433 1317 1474 re
1336 1415 1405 1476 mihi
1429 1423 1594 1495 pergratus
1617 1416 1681 1486 eat)

328 1513 471 1587 apparet,
501 1503 699 1566 Reiuholdum
722 1504 908 1583 Albeteguio
931 1506 991 1566 viru
1015 1503 1143 1576 fecisse,
1173 1503 1258 1585 quasi
1285 1499 1366 1568 1206
1395 1510 1426 1565 et
1451 1499 1538 1566 1194
1561 1503 1682 1564 intelli-

327 1595 416 1675 gendi
439 1601 544 1654 essent
566 1593 621 1654 hec
646 1587 711 1654 lece
736 1594 772 1655 de
796 1593 976 1679 Aegyptiis:
1010 1613 1074 1655 cum
1098 1599 1198 1654 umen
1223 1611 1258 1653 ee
1282 1591 1348 1672 ipse
1372 1612 1449 1653 anne
1473 1591 1600 1654 Juliane
1624 1611 1682 1652 nen

327 1683 517 1764 Aegyptiace
546 1681 671 1761 eclipsin
701 1681 847 1744 collocet:
883 1701 958 1763 quae
992 1681 1149 1745 character
1177 1688 1226 1742 est
1252 1681 1456 1743 irrefutabilis.
1502 1681 1591 1742 Haec
1615 1700 1682 1742 mea

328 1770 486 1834 ratiocinia
506 1771 532 1831 si
552 1769 739 1832 admittenda
753 1789 868 1846 censes,
892 1779 1021 1852 pessunt
1043 1771 1071 1831 in
1097 1771 1227 1832 futurum
1251 1789 1317 1846 esse
1336 1770 1432 1832 utilia.
1468 1769 1551 1832 Anni
1577 1777 1682 1831 tamen

329 1858 482 1944 quantitas
505 1877 562 1920 nen
586 1860 681 1922 multe
710 1858 812 1939 prodit
839 1859 908 1922 alia.
956 1858 1158 1939 Albate‘gnies
1187 1858 1264 1920 euim
1291 1859 1384 1922 habet
1405 1859 1434 1920 h.
1459 1857 1489 1922 5.
1513 1854 1571 1922 46¹
1596 1855 1682 1932 24⁴2

330 1955 481 2012 correctus
504 1947 533 2009 h.
559 1945 589 2012 5.
613 1944 668 2012 ¹15¹
692 1945 767 2022 56¹2
793 1949 890 2010 adhuc
913 1948 1031 2013 brevior
1053 1967 1107 2028 per
1129 1945 1194 2012 28⁴⁴
1217 1948 1318 2009 herae.

417 2039 463 2101 De
492 2036 571 2112 aeris
600 2037 749 2116 Alpheusi
782 2037 899 2115 gratias
931 2055 989 2118 age
1021 2037 1098 2117 qued
1126 2035 1278 2098 monuisti.
1328 2037 1409 2100 Nam
1436 2037 1466 2102 iu
1496 2036 1535 2099 iis
1565 2036 1681 2098 tabulis

327 2145 433 2209 parum
450 2133 589 2188 versatus
604 2145 680 2198 sum,
705 2143 770 2187 cum
794 2127 826 2187 id
849 2146 906 2187 nen
932 2130 1010 2187 terat
1031 2144 1126 2199 usus;
1149 2125 1224 2188 illud
1244 2126 1419 2207 aTychene
1443 2127 1542 2188 selem
1565 2125 1680 2200 audivi,

328 2215 527 2279 consulendas
552 2215 621 2276 elim
643 2214 724 2286 illas,
748 2233 824 2296 quae
848 2215 1067 2296 aequinoctium
1090 2215 1256 2294 praebeant
1278 2234 1332 2276 sue
1350 2215 1499 2295 Alphensi
1522 2223 1680 2296 tempere;

328 2325 386 2368 non
410 2324 443 2366 se
468 2303 614 2379 dubitare,
639 2303 707 2384 quin
729 2304 948 2386 aequinoctium
963 2303 1191 2365 observaverint
1213 2303 1298 2384 eique
1321 2295 1441 2366 tabulas
1463 2313 1681 2384 superstruxe-

328 2396 397 2457 rint.
433 2395 480 2456 De
504 2401 604 2454 cetere
627 2411 687 2454 nen
710 2393 804 2454 multa
828 2393 910 2454 facta
931 2400 981 2453 est
1003 2412 1105 2455 earum
1128 2393 1249 2455 tuentio.
1292 2393 1447 2455 Leevitius
1470 2393 1557 2455 nobis
1584 2395 1680 2455 vicem

328 2503 430 2546 earum
454 2481 605 2560 supplevit
628 2489 662 2542 ut
683 2480 851 2560 plurimum.
896 2480 976 2544 Illud
999 2482 1030 2544 iu
1053 2499 1162 2562 genere
1185 2482 1301 2544 monuit
1320 2483 1520 2556 Reinbeldus,
1543 2483 1606 2544 fine
1629 2502 1680 2542 ca·

328 2590 438 2634 uenum
466 2589 553 2631 aeras
576 2569 725 2649 Alpbensi
756 2590 775 2630 a
802 2588 875 2632 vera
908 2570 1035 2632 historia
1066 2571 1168 2632 multis
1199 2569 1230 2631 in
1261 2569 1398 2651 partibus
1426 2571 1590 2650 plurimum
1618 2572 1680 2632 dis-

331 2677 466 2740 crepare.
1093 2674 1096 2685 ·
1474 2674 1481 2688 ·

420 2737 561 2812 Ceterum
592 2745 621 2809 in
654 2743 847 2827 sequentibus
879 2745 1036 2809 ridiculum
1068 2745 1139 2809 mihi
1170 2745 1321 2829 negotium
1351 2747 1474 2811 exhibet
1499 2748 1681 2829 Magnitudo

331 2838 415 2912 Tua,
440 2838 508 2900 dum
533 2855 579 2897 me
599 2834 686 2915 jubet
708 2835 855 2917 principia
878 2836 1048 2897 defendere.
1086 2836 1211 2901 Scilicet
1233 2846 1336 2899 omnes
1350 2838 1519 2901 Ptolemaei
1537 2848 1571 2900 et
1587 2838 1681 2901 Chal·

330 2929 473 2989 daeernm
496 2922 721 2987 observationes
746 2933 833 2986 erunt
855 2924 978 2999 dubiae,
1006 2926 1033 2987 si
1056 2926 1201 2995 eviceris,
1233 2926 1377 3005 quosdam
1399 2928 1562 2991 historicos
1589 2946 1680 2989 anuos

255 3054 258 3060 ·
331 3035 434 3097 regum
463 3014 517 3077 sub
546 3014 652 3095 quibus
685 3014 883 3078 observarunt
910 3014 998 3075 aliter
1021 3032 1186 3076 numerere.
1232 3012 1322 3089 Scio,
1354 3035 1412 3077 nen
1435 3025 1465 3079 te
1488 3019 1534 3081 ita
1556 3018 1678 3091 sentire,

331 3108 384 3168 sed
409 3105 468 3167 mei
490 3103 627 3165 tentandi
650 3104 750 3183 gratia
774 3103 923 3177 seribere3
947 3102 1002 3165 sed
1024 3104 1092 3185 quia
1114 3122 1290 3183 responsum
1312 3122 1402 3185 urges
1409 3149 1418 3174 ‚
1441 3106 1611 3187 parendum
1634 3116 1679 3167 est

330 3202 473 3274 tauquam
496 3192 526 3253 in
550 3210 581 3253 re
605 3192 693 3255 seria.
740 3191 847 3254 Dicam
869 3191 996 3270 primum
1019 3211 1072 3271 pre
1095 3193 1293 3268 astronomia,
1321 3194 1429 3256 deinde
1450 3214 1506 3274 pre
1530 3195 1677 3257 historiis

332 3283 519 3363 Quamquam
548 3298 602 3361 pre
631 3282 817 3342 astronomia
843 3298 935 3359 supra
962 3280 1044 3354 dixi,
1077 3300 1144 3343 cum
1175 3280 1257 3343 illam
1287 3287 1368 3343 tuam
1398 3282 1623 3346 dubitationem
1643 3282 1679 3344 de

333 3368 553 3451 antiquissimis
577 3368 746 3431 monarchis
770 3378 839 3429 ante
862 3369 1068 3431 Alexandrum
1090 3378 1254 3448 tangerem

226 3530 229 3538 ¹
421 3458 479 3521 Hic
506 3458 572 3538 jam
604 3459 698 3520 multe
731 3457 902 3539 aequiorem
933 3457 1030 3521 habeo
1061 3476 1192 3520 causam.
1239 3458 1338 3539 Supra
1369 3460 1548 3541 de'magne
1578 3462 1678 3542 alique

335 3567 479 3611 annorum
503 3565 625 3609 numere
650 3546 687 3609 lis
711 3554 784 3620 erat,
805 3546 869 3626 jam
892 3546 929 3607 de
951 3566 1009 3608 une
1033 3566 1110 3609 anne
1128 3546 1396 3629 imperitaverant,
1419 3550 1554 3632 Trajani,
1578 3554 1678 3613 Auto-

336 3637 409 3712 niui,
432 3634 607 3710 Domitiani,
632 3642 662 3697 et
686 3636 725 3697 ad
748 3654 893 3697 summum
916 3635 953 3696 de
976 3636 1095 3698 biennio
1117 3634 1146 3697 in
1167 3638 1253 3698 aunis
1268 3638 1371 3702 mertis
1385 3640 1554 3703 Alexandri
1571 3642 1678 3723 agitur.

335 3724 422 3789 Nihil
445 3724 521 3787 haec
544 3723 813 3805 disceptatiuncula
837 3724 912 3785 iacit
933 3725 972 3786 ad
995 3724 1128 3786 incertas
1151 3724 1304 3789 iaciendas
1326 3727 1565 3805 observationes.
1616 3729 1678 3792 Ob-

338 3813 524 3875 servatieues
549 3813 577 3874 in
601 3814 770 3874 universum
792 3812 850 3888 hap
874 3822 962 3875 sunt:
992 3813 1186 3893 aequinoctii,
1215 3815 1373 3892 Mercurii,
1396 3818 1540 3893 Veneris,
1566 3820 1680 3887 Lunae,

320 3902 503 3982 eclipsium.
546 3900 597 3963 Sic
621 3900 785 3963 deliniendo
809 3900 989 3981 aequinoctii
1013 3921 1090 3963 anne
1113 3901 1307 3966 Ptolemaeus
1329 3906 1509 3969 mentionem
1531 3905 1680 3988 Principia

339 3992 469 4054 Romani
500 3992 598 4071 putuit
630 3988 767 4052 emittere
778 4006 789 4065 ς
822 3991 930 4052 sufficit
955 3998 989 4053 ut
1015 3990 1193 4055 indicaverit
1220 3995 1433 4057 connexionem
1461 4016 1528 4058 eum
1557 3996 1681 4078 periodo

344 4080 508 4159 Calippica.
554 4080 587 4141 lu
611 4079 666 4139 bac
695 4078 876 4139 counexione
904 4079 1000 4141 falsus
1027 4080 1174 4142 nonfuit.
1219 4080 1334 4144 Eadem
1363 4086 1441 4147 euim
1467 4086 1576 4160 Luna,
1609 4103 1681 4169 quae

344 4167 471 4249 Calippo
500 4188 571 4229 suas
598 4167 751 4248 periodos,
780 4165 955 4229 Ptolemaeo
985 4186 1068 4230 suam
1092 4188 1111 4229 a
1134 4168 1299 4251 Calippicis
1327 4171 1504 4236 distantiam
1525 4175 1681 4253 patefacit.

343 4256 408 4323 Nec
432 4256 547 4319 difficile
572 4264 660 4336 ceput
685 4254 815 4317 invertire
837 4256 970 4335 periodi:
994 4276 1054 4319 neu
1077 4259 1235 4337 quotannis
1257 4258 1440 4324 novilunium
1461 4263 1492 4325 in
1517 4258 1558 4325 1·
1578 4278 1614 4331 ee
1637 4264 1683 4327 in·

345 4344 426 4407 cidit
472 4346 508 4407 Iu
531 4346 649 4407 Venere
673 4354 704 4405 et
725 4342 888 4419 Mercurio,
913 4345 940 4407 ai
964 4363 1045 4407 error
1067 4346 1099 4407 iu
1120 4365 1264 4411 annerum
1285 4348 1347 4411 illic
1370 4348 1406 4427 8,
1428 4351 1477 4413 hie
1502 4348 1544 4416 13
1568 4372 1684 4417 summa

241 4468 251 4489 .
345 4433 566 4508 committatur,
599 4439 714 4495 tantum
746 4432 917 4494 observatio
948 4434 1118 4510 aberravit,
1150 4445 1291 4517 quantum
1317 4438 1440 4519 planeta
1466 4440 1506 4502 ad
1536 4460 1684 4505 summum

345 4522 435 4585 biduo
458 4522 585 4585 conticit.
630 4522 709 4585 Nam
731 4531 801 4601 pest
823 4520 845 4585 8
868 4540 962 4585 annes
985 4524 1102 4599 Venus,
1125 4533 1196 4604 pest
1220 4523 1260 4589 13
1283 4527 1449 4592 Mercurius
1470 4532 1684 4611 propemedum

347 4612 452 4673 aedem
476 4609 678 4673 revolvuntur.
724 4610 769 4671 At
795 4620 827 4671 tu
858 4610 1075 4691 praesupponis
1106 4613 1192 4675 euius
1225 4615 1332 4678 saltem
1359 4618 1430 4680 anni
1457 4627 1510 4681 eut
1535 4638 1684 4683 summum

347 4698 458 4761 biennii
482 4716 621 4760 errorem.
667 4694 768 4768 Quare
791 4698 974 4779 impossibile
997 4707 1055 4774 est,
1079 4701 1105 4763 si
1128 4720 1223 4765 annus
1245 4706 1465 4776 observationis
1486 4708 1682 4783 adulteretur,

349 4794 384 4849 ut
406 4806 465 4849 nen
488 4794 575 4848 tauta
597 4784 639 4848 sit
661 4785 848 4848 dissonantia
870 4785 1087 4851 observationis
1109 4809 1175 4854 cum
1198 4793 1379 4858 coelestibus
1400 4796 1544 4873 metibus,
1574 4798 1684 4879 vulga·

349 4874 424 4936 riter
446 4875 554 4938 animm
577 4882 608 4935 et
630 4890 734 4935 crassa
755 4874 894 4937 Minerva
916 4876 1053 4956 coguitis,
1075 4889 1218 4959 quantam
1240 4884 1288 4945 vel
1305 4902 1413 4948 coecus
1429 4887 1555 4969 palpare
1577 4888 1683 4968 pessit.

352 4960 440 5026 Adde
455 4962 532 5043 qued
547 4968 653 5023 nenne
666 4960 769 5023 barum
784 4963 1023 5027 observationum
1039 4966 1173 5031 sebterie
1187 4971 1317 5049 ponitur,
1340 4972 1394 5037 sed
1415 4975 1461 5038 illi
1483 4976 1567 5039 locus
1585 4987 1684 5040 cerms
