3517 5525
305 389 370 461 736
800 401 913 466 spaera
929 403 961 456 a·
981 402 1167 474 nouasque

305 573 447 654 trianguli
462 523 620 655 sphalrici,
632 577 723 658 'cujus
740 580 866 644 alterum
883 583 964 646 latus
979 593 1027 647 est
1041 581 1101 650 39⁰
1113 581 1177 662 55‘,
1194 587 1319 650 alterurn
1333 584 1393 652 ³6⁰
1407 585 1656 670 ercumgotam

304 664 534 746 comprehensus
549 660 660 741 6⁰10‘‚
679 668 758 730 latus
774 671 896 734 tertium
911 681 959 733 est
973 668 1020 749 6⁰,
1036 674 1137 756 itaque
1151 675 1290 739 milliaria
1303 675 1356 742 90.
1379 679 1483 758 ltaque
1494 677 1652 757 rogandus

304 771 337 815 es
361 753 561 815 astronomiae
586 774 687 827 causa,
711 777 798 838 quam
822 777 912 840 agere
935 768 966 824 te
989 763 1069 825 serio
1092 763 1190 838 rideo,
1214 773 1248 827 nt
1269 767 1340 829 milri
1362 775 1448 828 tuam
1470 765 1651 828 sententiam

302 841 482 922 patefacias,
506 862 544 903 au
568 843 733 923 existimes,
758 847 835 910 lrnnc
857 867 988 913 errorem
1005 852 1111 930 Belgis
1135 861 1166 915 et
1187 855 1288 917 nautis
1307 855 1397 918 tribui
1416 875 1506 936 posse
1530 856 1571 917 ob
1590 857 1652 916 im·

303 931 407 1010 pedite
431 931 497 992 loca
520 933 616 1013 aquis,
640 953 678 996 an
703 955 773 1018 pero
797 935 910 1000 existat
932 940 1042 1022 aliquis
1059 951 1237 1022 prospectus
1255 963 1293 1006 ex
1307 944 1484 1026 Antwerpia
1503 944 1536 1006 in
1556 945 1652 1006 altet-

303 1027 399 1082 ntrarn
422 1019 568 1100 erisiam,
593 1042 630 1084 ex
652 1041 709 1108 quo
731 1025 770 1088 de
794 1025 886 1110 plaga
907 1028 1025 1093 dhisiae
1043 1031 1190 1112 judicium
1212 1033 1283 1096 ferri
1305 1033 1427 1115 possit?
1451 1039 1499 1102 (ait
1519 1039 1656 1106 sequen.)

884 1275 1068 1290 -ῌ

384 1450 557 1516 'Proponentea
573 1452 704 1504 lectoribus
723 1455 863 1519 opusculum
882 1457 947 1522 quod
963 1460 1100 1522 praemura
1111 1461 1255 1526 respiciunt,
1270 1460 1320 1511 hoo
1336 1466 1433 1511 mm
1452 1467 1580 1517 notam.
1599 1473 1659 1524 Ν·

302 1536 376 1587 quam
393 1536 448 1572 raro
467 1523 527 1573 illud
545 1538 670 1576 occurrere
688 1526 713 1574 in
733 1526 893 1578 bibliothecis.
930 1528 1034 1580 Unicum
1054 1531 1118 1596 quod
1136 1533 1206 1582 nobis
1227 1533 1252 1582 in
1273 1546 1362 1582 manna
1379 1534 1446 1582 uenit
1466 1531 1595 1596 exemplar
1613 1545 1658 1581 ac-

303 1595 411 1658 cepimns
429 1594 546 1646 benevolo
565 1597 717 1648 concedente
734 1600 784 1647 viro
803 1599 943 1650 doctissimo
963 1601 1049 1653 Otto
1074 1605 1114 1653 ds
1133 1603 1264 1654 Strare
1289 1617 1320 1653 ex
1337 1603 1489 1654 bibliotheca
1506 1601 1659 1654 Pauovaasi

302 1665 375 1728 paulo
392 1673 520 1732 postquam
541 1668 655 1717 volumen
671 1667 704 1717 11.
727 1675 826 1720 nostrae
850 1671 964 1722 editionis
987 1675 1053 1738 typis
1076 1676 1229 1739 encolptnm
1255 1682 1328 1734 arar,
1355 1675 1462 1740 illudque
1493 1673 1527 1724 ad
1553 1675 1659 1726 mun

302 1737 380 1786 monti
398 1738 554 1804 sequentibus
572 1737 636 1788 loliis
654 1740 818 1792 recudendum
836 1745 981 1794 curarimus.
1011 1741 1017 1758 '

557 1897 638 1972 An
681 1843 915 1976 usuum
957 1893 1395 1981 cohaesurum

680 2041 952 2119 ruinosus
979 2045 1271 2131 curvamus,

301 2179 464 2258 Hispaniae
488 2181 675 2260 potissimum
699 2183 846 2246 citerioris
868 2194 902 2339 gt
920 2185 1040 2340 Galliale
1064 2189 1230 2338 aptatione,
1255 2191 1480 2272 Insularurnque
1501 2171 1655 2254 'Corsicae

815 2283 846 2336 et
893 2276 991 2338 iciliae
1031 2297 1086 2338 oco
1099 2297 1134 2338 aa

444 2331 1498 2512 n'usonrsnnnrenro,

502 2555 601 2618 enon
622 2556 695 2610 noc
717 2559 817 2613 anno
841 2558 916 2616 rece
936 2560 1061 2617 usnsn
1082 2563 1238 2620 oenonnr
1257 2564 1442 2627 corruere,

852 2673 1090 2748 EPISTOLA

688 2816 949 2891 scaurus
985 2818 1256 2894 nuruum

785 2943 813 2999 S.
834 2942 864 2999 c.
885 2938 942 2997 Mi·
961 2942 1161 3000 Mathematici.

897 3074 1041 3127 PRAGAE.

760 3164 781 3213 E
799 3161 970 3229 'typographio
988 3161 1180 3213 Schamaniano.

300 3337 304 3347 '
388 3345 489 3409 (lausa
510 3350 582 3412 milri
606 3368 678 3425 vos„
708 3370 725 3412 o
749 3350 816 3413 Viri
844 3370 942 3414 rerum
965 3351 1133 3432 cognitione
1162 3349 1293 3424 nobiles,
1323 3348 1528 3411 florentissimi
1552 3350 1651 3412 seculi

299 3438 415 3502 foetura
437 3436 600 3523 uberrima,
631 3438 801 3521 alloquendi
826 3460 898 3503 voce
927 3440 1062 3522 publica,
1093 3458 1188 3521 neque
1212 3438 1321 3501 frivola
1342 3444 1393 3499 eat
1413 3456 1508 3521 nequo
1532 3438 1651 3520 imper-

297 3524 415 3603 tinens:
440 3526 602 3609 deliquium
616 3528 706 3604 Solis,
731 3531 811 3611 quod
828 3530 916 3612 hujus
935 3530 1016 3599 anni,
1038 3548 1125 3611 quern
1144 3528 1278 3609 quintum
1300 3546 1490 3590 numeramus
1512 3526 1544 3589 in
1567 3546 1651 3589 noro

299 3612 418 3687 seculo,
448 3634 551 3678 mense
574 3618 700 3681 Octobri
723 3618 860 3698 contigit.
908 3618 977 3691 Qua
1000 3618 1037 3679 de
1061 3619 1190 3679 matoria
1211 3618 1238 3679 si
1264 3634 1352 3698 quem
1380 3624 1533 3689 vestmm,
1565 3618 1651 3697 qnod

297 3702 471 3780 abominor,
501 3706 619 3788 pigeret
646 3716 764 3769 mutuas
792 3708 911 3770 haurire
934 3716 967 3769 et
989 3708 1113 3769 reddere
1135 3726 1245 3781 voces,
1276 3714 1310 3766 at
1335 3724 1382 3767 me
1411 3725 1470 3767 nou
1500 3724 1651 3787 quaerere

297 3792 429 3875 pudeat,
462 3794 511 3874 qni
543 3815 562 3856 a
594 3814 707 3857 summo
736 3794 903 3861 Christiani
935 3797 1016 3859 orbis
1045 3794 1183 3875 Principe
1216 3796 1246 3856 in
1278 3802 1395 3873 partem
1427 3797 1650 3856 restaurandae

298 3882 500 3946 astronomiae
520 3904 584 3946 aum
601 3886 754 3961 adscitus3
778 3904 836 3949 non
855 3887 1011 3969 quaesisse
1029 3886 1185 3966 poeniteat
1202 3883 1358 3965 perpetim,
1381 3884 1499 3965 quando
1521 3902 1650 3947 auream

297 3972 374 4033 hanc
399 3973 604 4048 occasionem,
635 3975 703 4056 ipra
730 3975 891 4037 solitudine
919 3976 1068 4049 nobilem,
1101 3992 1204 4035 amens
1232 3973 1403 4053 neglexero.
1449 3972 1587 4053 Legistie
1602 3974 1650 4044 ¹de

283 4060 479 4140 ‚Hipparcho
503 4062 553 4143 qui
576 4063 631 4125 sub
646 4062 828 4126 Ptolemaeis
843 4064 978 4147 Aegypti
999 4064 1113 4144 primus
1136 4064 1199 4125 fere
1219 4062 1375 4124 scientiam
1392 4060 1474 4123 Solis
1494 4072 1526 4123 et
1539 4062 1650 4123 Lunae

298 4158 429 4213 motuum
453 4151 620 4227 constituit,
652 4154 830 4216 referentem
858 4154 920 4216 ista
946 4153 1142 4225 Theonem‚
1171 4154 1220 4232 qni
1243 4150 1299 4212 sub
1321 4150 1510 4212 Diocletiano
1535 4151 1649 4225 floruit,

299 4237 519 4303 Commentario
552 4260 642 4321 super
675 4242 808 4321 quintum
842 4244 948 4323 Magni
978 4242 1088 4322 Operis
1117 4240 1302 4304 Ptolemaei:
1348 4241 1386 4303 Io
1422 4238 1651 4320 (Hipparchus)

297 4328 378 4392 libro
394 4328 423 4391 I.
448 4330 487 4391 do
505 4330 782 4411 Mapairadirrtiva
804 4340 833 4396 et
854 4330 1038 4395 Intervallis
1060 4332 1194 4393 assonat
1213 4328 1424 4413 macedum
1445 4330 1651 4415 hujusmodi:

299 4416 474 4499 deliquium
497 4417 599 4492 Solis,
629 4442 688 4503 quo
712 4420 851 4503 deliquio
874 4424 909 4484 in
930 4420 1011 4485 locia
1033 4422 1120 4483 circa
1141 4418 1381 4502 Helepoaram
1403 4425 1486 4481 torro
1509 4416 1568 4481 Sol
1592 4438 1650 4483 ac·

298 4515 406 4571 curate
428 4514 525 4570 tectae
544 4510 653 4584 fcerit,
677 4518 711 4572 ut
732 4510 814 4573 nibil
836 4512 875 4573 de
898 4528 933 4573 eo
954 4510 1123 4585 videretur,
1144 4510 1180 4571 irr
1197 4507 1402 4572 Alemcadrr'o
1422 4527 1495 4570 cero
1508 4508 1651 4592 Aemo&

298 4598 338 4659 de
366 4598 502 4681 wiregrre
525 4600 673 4678 partitae
701 4598 852 4662 diametri
879 4609 1015 4683 quotuor
1043 4618 1197 4661 mmmam
1224 4598 1404 4677 defecerint
1448 4598 1565 4680 Ieaqae
1587 4618 1650 4679 per·

298 4688 375 4749 boec
397 4686 563 4769 supposito
585 4688 780 4751 demorrsirot
799 4692 834 4752 ia
851 4692 959 4771 primo
977 4688 1069 4763 libro,
1093 4688 1177 4769 qaod
1193 4686 1371 4769 cuiusmodi
1386 4688 1534 4769 porcum
1551 4688 1648 4748 mmi-

298 4774 451 4839 diometer
476 4772 617 4838 Tellenis
636 4778 776 4857 possideo
797 4800 908 4850 unam,
935 4786 1097 4841 tantorum
1121 4774 1159 4838 71
1179 4778 1244 4839 sint
1270 4777 1306 4839 in
1327 4777 1507 4839 creatam
1530 4777 1649 4839 Lam

300 4872 330 4926 et
360 4862 500 4928 Telluris
530 4864 714 4941 interuallo,
746 4866 782 4930 ira
807 4867 988 4951 longissimo
1017 4886 1089 4930 cero
1120 4862 1198 4929 83.'
1228 4866 1384 4927 Hactenus
1414 4864 1536 4939 Theon,
1569 4882 1646 4944 quae
1738 4896 1739 4918 r

301 4952 363 5015 iere
386 4953 490 5015 eadem
514 4963 546 5017 et
568 4950 756 5019 Cleomedes.
