3517 5525
102 2959 320 3043 retrnpradoe.
360 2959 515 3047 Termera
535 2961 644 3044 tyana,
668 2961 752 3047 qaod
768 2968 955 3026 momentano
971 2979 1033 3044 par
1047 2956 1104 3020 GV
1122 2962 1278 3042 aipnatam
1301 2960 1456 3024 antecedit
1565 2993 1567 2998 ·

104 3046 167 3130 (eit
190 3058 296 3112 autem
311 3043 394 3129 GT),
418 3025 489 3113 eam
504 3047 564 3113 Sol
584 3051 709 3114 adema
730 3053 767 3114 in
788 3051 875 3114 linea
889 3047 954 3123 OQ,
974 3048 1108 3130 planeta
1129 3050 1165 3110 ia
1181 3049 1249 3133 ejas
1271 3049 1456 3130 appareatis

104 3134 169 3201 loei
191 3137 345 3222 opposita,
365 3145 448 3220 pata
460 3141 498 3201 ia
511 3139 538 3213 1,
553 3140 723 3212 ,adeptam
744 3146 775 3201 et
789 3139 943 3223 quiajam
961 3138 1101 3218 ponitur,
1125 3138 1160 3200 io
1175 3137 1232 3200 toa
1252 3157 1329 3200 eaeo
1343 3157 1456 3200 eaaere
1474 3131 1477 3139 '

102 3225 368 3308 inaequalitatem
395 3228 583 3302 satiandam,
611 3228 684 3290 idea
708 3225 781 3299 Qor
804 3228 864 3290 erit
885 3225 971 3289 linea
992 3246 1073 3298 aaa,
1104 3227 1163 3288 toa
1185 3232 1238 3298 est,
1259 3231 1411 3308 punctam
1434 3248 1455 3288 a

103 3329 171 3399 pao·
190 3315 352 3399 caturae
373 3317 589 3380 eeeeateteitae
610 3319 672 3380 en't
686 3321 728 3401 jn
750 3315 837 3380 tinea
860 3313 925 3384 cQ.
976 3315 1062 3393 Quia
1083 3314 1182 3395 ipitar
1206 3311 1247 3374 CI
1274 3313 1351 3376 visio
1374 3313 1452 3398 pta-

103 3405 513 3559 odae'rarapradiffm
535 3413 670 3488 ternpore
692 3415 738 3470 eet
758 3404 847 3470 altra
870 3403 926 3467 00
949 3407 1099 3468 asianae
1122 3404 1342 3485 poetae-taren,
1365 3404 1454 3467 ideo-

105 3516 165 3578 que
186 3494 291 3578 mapsa
312 3495 348 3556 io
377 3515 398 3557 a
451 3495 594 3558 cedema
621 3505 808 3577 perpetiere,
839 3497 900 3559 erit
928 3496 1027 3576 ipitar
1049 3500 1078 3555 a
1101 3490 1158 3562 OQ
1179 3491 1271 3557 'altra
1294 3490 1351 3555 CV
1374 3499 1404 3555 et
1426 3490 1462 3562 Q,

103 3604 220 3648 aarum
242 3591 380 3646 aearum
401 3585 583 3668 mametis
603 3583 691 3648 altra
713 3585 744 3646 V
766 3591 860 3650 aaa.
907 3585 953 3648 Et
976 3603 1047 3647 eam
1075 3601 1115 3644 ea
1138 3579 1198 3642 OV
1221 3584 1263 3644 rit
1282 3582 1376 3663 faeta
1399 3579 1454 3655 le,

103 3673 180 3758 plan
204 3672 329 3735 dieram
350 3673 386 3735 ia
408 3678 627 3754 aeraepmtia
649 3674 766 3756 anpaio
789 3672 871 3748 001,
894 3673 980 3736 linea
1002 3691 1073 3735 aero
1097 3671 1245 3754 apsidam
1258 3671 1317 3732 VD
1340 3669 1386 3734 uel
1399 3670 1455 3732 ΡΙ)

107 3761 147 3845 (a
169 3782 236 3843 qaa
257 3770 361 3853 motae
381 3755 514 3845 incepit)
536 3770 663 3828 etaaeat
684 3765 720 3826 ia
743 3764 828 3826 amai
856 3764 991 3825 eirmeito
1012 3761 1074 3824 att
1094 3762 1159 3844 ipsi
1180 3757 1370 3845 paralleloe,
1394 3781 1455 3842 ap-

100 3859 198 3936 paret
219 3851 333 3934 ipitar,
363 3852 482 3914 nanae
503 3856 651 3934 temporie
671 3851 836 3917 immunita
864 3853 962 3914 statui
986 3850 1150 3934 planetam
1177 3849 1310 3914 alteriue
1337 3851 1455 3912 amisse

106 3944 197 4007 amaa
219 3949 359 4004 aetnam
380 3938 410 4011 Q
431 3945 628 4024 systematis,
659 3962 754 4024 paam
776 3950 870 4007 antea
892 3943 948 4004 aa
970 3939 1086 4024 maiori
1113 3941 1263 4023 terapoeie
1291 3937 1455 4002 interuallo

107 4034 196 4095 eirea
218 4029 250 4091 V
273 4036 414 4094 centrum
434 4035 621 4114 opetenatee.
1182 4073 1187 4090 .

197 4119 338 4199 Apparet
360 4119 483 4199 itaque,-
512 4121 580 4200 quid
604 4123 635 4183 in
658 4122 715 4182 hae
738 4118 909 4180 reductione
934 4115 1069 4178 amedio
1094 4117 1132 4177 ad
1156 4121 1350 4195 apparentem
1373 4111 1455 4178 Solis

106 4217 223 4272 motum
250 4208 280 4269 in
310 4214 394 4270 motu
422 4211 582 4288 apparenti
611 4209 777 4273 eooentrieo
806 4208 990 4270 immutetur.
1044 4207 1123 4267 Nam
1154 4203 1184 4265 in
1209 4201 1238 4265 G
1261 4211 1292 4265 et
1314 4205 1452 4285 opposito

107 4306 222 4380 punoto
243 4303 386 4359 versante
409 4305 513 4359 neutro
538 4300 725 4382 systematis,
755 4296 835 4358 linea
857 4304 955 4358 motus
979 4294 1125 4357 eooentioi
1147 4292 1320 4374 apparentis
1343 4303 1454 4368 manet,

107 4390 137 4452 in
162 4386 193 4460 Q
215 4392 423 4468 promovetur,
452 4385 483 4448 in
516 4391 654 4470 opposito
686 4386 865 4459 retrahitur,
897 4404 963 4446 eom
997 4384 1058 4445 illie
1082 4393 1200 4461 tempus
1223 4383 1382 4458 minuatur,
1407 4383 1455 4444 hio

108 4484 267 4558 angeatur.
313 4475 416 4554 Atque
438 4475 484 4538 ita
507 4477 563 4540 hae
587 4478 685 4540 lineae
709 4496 728 4537 a
750 4475 887 4556 pristinis
910 4475 1035 4536 multum
1050 4471 1207 4534 dissident.
1241 4469 1454 4544 Quareetiam

109 4587 178 4629 eum
207 4585 246 4628 ex
274 4565 322 4627 his
346 4563 463 4646 aliquot
484 4565 559 4627 loeis
581 4567 656 4628 visis
678 4566 818 4646 planetae
844 4565 875 4637 (o
900 4583 1021 4644 quorum
1046 4561 1165 4640 regione
1189 4562 1381 4644 supponimus
1405 4561 1452 4622 in-

108 4656 204 4718 veniri
228 4661 364 4717 centrum
387 4656 574 4735 systematis,
597 4675 702 4734 nempe
726 4654 845 4733 inipso
870 4651 957 4728 Sole)
981 4670 1059 4713 nova
1083 4659 1113 4711 et
1131 4650 1261 4729 repetita
1276 4648 1449 4730 operatione

109 4764 219 4809 causas
242 4752 275 4807 et
298 4761 468 4805 mensuram
489 4743 715 4825 inaequalitatis
737 4742 851 4822 primae
875 4742 1099 4822 investigamus,
1124 4740 1247 4802 effeetus
1269 4738 1452 4819 operationis

109 4858 130 4899 a
150 4834 243 4918 priori
264 4833 360 4896 multo
383 4831 494 4895 differt.

198 4924 288 4990 Nam
309 4922 388 5006 qaia
402 4931 557 5006 paneam
578 4921 735 5009 affiniores
757 4941 798 4986 ea
819 4920 937 4988 aratia
951 4919 1016 4998 VP,
1040 4921 1075 4984 io
1096 4939 1155 5003 aaa
1178 4917 1328 4984 Baetae
1349 4916 1454 5000 ipsam
