3517 5525
284 411 356 486 lot
771 409 1152 474 nenoannsannuna

293 605 407 678 aequat
425 615 607 680 qnesaanem
627 569 721 670 EBG,
742 616 802 678 per
821 597 898 662 VII.
935 599 1023 680 Ergo
1047 605 1076 660 et
1094 599 1235 679 potentia
1258 600 1296 678 βγ
1317 606 1431 680 aequat
1449 616 1635 681 qnansonem

292 684 394 750 ERO:
426 708 464 750 ae
490 685 625 766 proinde
653 687 863 769 pomtinis,
890 685 1166 770 papendiaslaris
1194 708 1232 751 en
1263 690 1355 752 modo
1387 690 1470 753 dieta
1502 687 1636 772 epieyeli

288 784 415 859 pantio,
439 776 584 858 aequabit
603 795 786 858 qnanwaem
804 773 902 846 KOQ.
943 775 1008 839 Sed
1029 775 1119 840 illias
1139 776 1414 861 papendiealaris
1433 783 1473 838 dn
1492 780 1636 860 patentia

292 873 338 928 est
360 884 503 928 easessas
531 865 632 946 ipsias
654 870 696 925 ta
719 863 1012 941 eirsamfereatialis
1039 887 1135 948 saper
1166 891 1208 930 na
1235 865 1468 940 diansetsalem,
1500 885 1572 947 erqo
1606 875 1637 930 et

292 973 426 1038 qnmnon
439 951 538 1026 Koa,
561 952 704 1034 aequalis
724 951 785 1023 illi,
808 963 854 1018 est
871 974 1016 1018 eseaessas
1037 957 1243 1037 quadrellis
1266 976 1362 1037 sapa·
1375 956 1567 1038 quadratam
1580 953 1634 1018 ia.

296 1043 363 1109 Sed
376 1041 433 1104 ΚΝ
459 1052 504 1104 est
525 1043 669 1126 aequalis
689 1044 755 1124 ipsi
769 1048 821 1103 tn.
849 1044 938 1124 Erqo
958 1044 1017 1105 ΚΝ
1041 1044 1163 1108 eseedit
1184 1047 1288 1128 ipsam
1303 1067 1344 1105 na
1366 1065 1515 1124 Ιεγεεεεεεεεεε
1533 1041 1635 1116 Koa.

294 1132 417 1195 Eadem
437 1151 507 1194 vera
527 1153 680 1214 quomens
702 1132 824 1196 eaeedit
851 1141 880 1196 et
902 1132 1095 1216 quadratam
1116 1135 1189 1195 MN.
1234 1133 1324 1215 Erqo
1347 1134 1409 1197 MN
1433 1140 1462 1196 et
1488 1156 1530 1195 na
1560 1134 1636 1196 dia-

294 1219 441 1284 metrales
461 1228 534 1283 sant
555 1220 709 1302 αεφιαῑεε.
756 1223 852 1298 Quod
873 1229 943 1284 erat
964 1223 1249 1286 denominandam.
1288 1221 1443 1286 Similiter
1465 1230 1494 1284 et
1516 1223 1555 1286 de
1576 1222 1637 1284 NY

297 1310 572 1384 mensatim,
602 1310 686 1392 qnod
717 1318 827 1393 aequet
847 1312 952 1395 ipsam
973 1335 1029 1387 αμ,
1061 1312 1216 1394 siquidem
1238 1307 1275 1388 ζη
1296 1311 1414 1376 similis
1434 1313 1476 1374 sit
1496 1312 1561 1395 ipsi
1584 1309 1635 1372 01.

295 1399 342 1463 Et
362 1401 409 1461 sie
431 1400 470 1462 de
493 1400 642 1462 manns.
656 1394 700 1473 ⁹⁸)

385 1488 456 1550 XII.
501 1488 595 1550 Porro
619 1487 750 1550 indidem
773 1487 865 1549 etiam
888 1488 944 1548 hoe
967 1495 1068 1568 patet‚
1102 1490 1179 1569 quod
1202 1507 1275 1550 area
1297 1488 1413 1563 circuli,
1447 1497 1477 1550 et
1499 1489 1636 1552 totaliter

298 1585 330 1639 et
346 1595 400 1656 per
414 1585 517 1658 partes
540 1576 685 1656 singulas,
709 1577 750 1639 sit
763 1595 903 1638 mensura
923 1577 1051 1655 genuina
1067 1596 1198 1640 summas
1221 1577 1376 1653 linearum,
1400 1578 1506 1659 quibus
1521 1577 1638 1640 distant
1725 1618 1728 1626 ι

299 1683 387 1728 arcus
410 1666 533 1746 elliptiei
555 1665 672 1728 itinesis
694 1665 855 1748 planetarii
877 1687 896 1726 a
919 1674 1020 1727 centro
1043 1665 1134 1729 Solis.

384 1756 473 1820 Nam
490 1776 551 1838 per
572 1755 639 1817 IX.
662 1757 781 1827 nomn,
803 1756 834 1816 si
854 1755 953 1819 nans
978 1753 1090 1818 eireali
1112 1774 1189 1820 area
1211 1749 1440 1840 aequiparata
1462 1756 1638 1820 diametra-

297 1843 381 1908 lilas
411 1845 573 1908 distantiis
604 1845 745 1908 omnilw
782 1847 921 1908 amnium
956 1860 1087 1909 arenant
1122 1851 1281 1926 susceptae
1313 1845 1495 1909 divisionis:
1529 1852 1639 1929 pastea

298 1953 394 1995 aneae
415 1932 505 1995 illias
524 1940 561 1998 nt
581 1933 683 2008 ΚΝΑ,
705 1935 891 1996 terminatae
914 1935 998 1996 adN
1018 1943 1178 2016 planetam,
1202 1933 1285 1996 ande
1307 1937 1465 2016 eomarqit
1487 1931 1638 1997 esseant-

298 2023 387 2095 aitas,
409 2023 659 2106 aequiparantur
679 2022 746 2085 illis
769 2022 930 2085 distantiis
959 2022 1215 2096 atanesratiaa,
1247 2042 1328 2104 qnae
1350 2030 1526 2106 competant
1545 2025 1640 2085 asaal

298 2112 357 2174 ΚΑ
381 2131 489 2174 areana
510 2109 602 2175 illam
624 2110 790 2194 compleas.
836 2110 904 2172 Pes
925 2112 993 2175 XI.
1023 2134 1094 2176 nera
1113 2113 1172 2174 -la'e
1194 2114 1405 2194 praemissam
1436 2111 1640 2176 dtamen-ales

300 2201 472 2264 distantiae
486 2200 553 2274 KT,
566 2201 616 2275 Tl,
635 2203 879 2275 inaestuans
893 2221 954 2283 per
972 2222 1040 2281 sap.
1057 2203 1136 2275 XL,
1159 2207 1231 2263 sant
1248 2201 1373 2264 eaedem
1385 2223 1461 2274 enm
1479 2197 1641 2264 distantiis

290 2289 373 2361 ΜΝ,
395 2287 465 2363 ΝΥ,
486 2297 673 2370 ρειεεεὶεειεεη
703 2288 826 2372 ellipsis
846 2290 888 2362 M,
913 2291 950 2350 Y.
995 2291 1082 2373 quo
1106 2298 1141 2353 at
1168 2309 1245 2352 area
1274 2288 1387 2354 aiseali
1412 2292 1458 2353 ad
1485 2309 1640 2353 summane

305 2379 531 2442 distantiamm
559 2376 694 2462 ellipsis,
725 2380 772 2440 sie
788 2398 871 2460 pars
900 2399 994 2442 aseae
1025 2378 1140 2442 eis-eali
1162 2378 1263 2452 ΚΝΑ,
1293 2381 1464 2443 terminata
1485 2379 1530 2441 ad
1552 2377 1640 2442 Salis

303 2475 440 2530 eentmsn
461 2467 508 2536 N,
537 2467 622 2529 ande
653 2469 811 2548 consumit
841 2469 1072 2542 essentiales,
1103 2468 1147 2529 ad
1176 2487 1332 2532 summam
1359 2467 1491 2532 illarum
1507 2467 1640 2550 ¹ellipsis

301 2557 534 2631 distantiarum,
557 2576 637 2638 qaae
660 2563 834 2640 competant
855 2559 948 2619 areni
970 2554 1105 2638 elliptiaa
1128 2556 1201 2630 AM,
1225 2557 1352 2620 totidem
1375 2559 1545 2640 andnam,
1569 2567 1641 2640 qaat

299 2645 391 2708 aaa
411 2665 506 2708 arasa
528 2644 641 2708 aradi
663 2643 722 2706 ΑΚ
744 2664 851 2706 aream
873 2643 1061 2726 complanas
1460 2655 1485 2686 1‘
1598 2723 1600 2730 γ

387 2733 476 2798 ΚΠΙ.
523 2731 655 2797 Oritur
677 2753 763 2796 vero
786 2733 849 2795 hie
872 2734 1079 2798 dubitatio:
1113 2731 1146 2797 si
1175 2753 1248 2799 area
1268 2733 1357 2798 ΑΚΝ
1381 2734 1553 2817 aequivalet
1574 2736 1639 2799 dis-

301 2822 408 2885 tantiis
431 2822 566 2885 omnibus
598 2823 637 2885 ab
658 2824 688 2885 Ν
710 2842 798 2885 arcus
820 2823 946 2904 elliptiei
968 2824 1032 2887 AM
1054 2831 1229 2904 punctorum
1251 2824 1385 2898 totidem,
1410 2832 1482 2905 quot
1504 2826 1639 2905 ponimus

303 2913 403 2976 inesse
425 2912 502 2974 Au:
536 2912 655 2993 quinam
677 2930 748 2992 ergo
773 2912 814 2973 sit
835 2912 887 2974 ille
911 2932 999 2975 arcus
1021 2912 1188 2993 elliptieus,
1220 2912 1276 2974 hoc
1300 2919 1348 2975 est
1370 2913 1419 2977 ubi
1443 2915 1640 2978 tenninetur?

301 3004 382 3066 Nam
413 3000 530 3063 videtur
561 3001 613 3064 ille
645 3021 704 3065 nan
734 3001 889 3064 terminari
922 3002 1029 3065 debere
1060 3020 1114 3082 per
1145 3000 1253 3063 lineam
1276 3002 1333 3065 KL
1355 2996 1638 3083 perpendicularem.

303 3089 406 3154 Causa
434 3090 508 3151 haec
530 3098 593 3163 est,
616 3087 686 3172 quia
714 3091 771 3153 hoe
797 3099 889 3170 paeto
912 3110 966 3171 per
989 3092 1043 3153 IV.
1067 3091 1172 3151 horum
1193 3089 1319 3171 elliptici
1350 3110 1437 3155 araus
1468 3093 1640 3174 inaequales

302 3178 486 3259 respondent
507 3178 681 3261 aequalibus
704 3179 822 3255 e'ireuli3
846 3180 947 3262 itaque
969 3181 1098 3242 minores
1114 3198 1201 3241 arcus
1225 3179 1440 3255 santonensi,
1461 3180 1638 3256 Overtiaes

251 3331 255 3339 ,
305 3270 437 3349 majores
460 3266 541 3329 eirea
557 3270 593 3333 B.
631 3269 726 3348 Atqui
748 3268 866 3331 videtur
888 3288 1011 3332 neeesse
1035 3288 1112 3345 esse,
1136 3276 1170 3330 nt
1191 3268 1331 3351 aequales
1355 3270 1469 3332 orbitas
1492 3270 1640 3351 ellipticae

306 3376 394 3420 arcus
422 3363 588 3431 sumentun
622 3358 768 3438 siquidem
794 3376 894 3419 mesas
916 3359 1055 3437 planetae
1083 3358 1114 3419 in
1141 3356 1203 3419 illie
1223 3359 1385 3439 aestu'nnnre
1414 3365 1445 3420 et
1467 3378 1640 3439 comparare

303 3447 441 3509 velimus.
486 3445 529 3507 Et
550 3446 735 3521 nominatim,
759 3446 830 3527 quia
852 3454 965 3509 eertum
987 3454 1044 3521 est,
1066 3448 1154 3509 finem
1176 3446 1263 3524 liujus
1287 3464 1373 3511 araus
1398 3447 1504 3510 debere
1527 3449 1640 3511 distare

306 3536 344 3599 ab
359 3535 389 3598 N
403 3533 588 3613 longitudine
604 3536 684 3609 MN,
706 3528 798 3615 igitur
820 3542 854 3597 ut
876 3554 941 3616 cap.
958 3536 1070 3599 LVlIl.
1087 3542 1189 3597 centro
1201 3534 1240 3609 N,
1256 3534 1354 3614 spatia
1377 3536 1450 3611 ΝΜ,
1474 3546 1561 3599 araus
1582 3539 1639 3601 MZ

306 3626 424 3698 duatus,
448 3622 588 3686 ostendit·
602 3622 710 3697 alicubi
733 3630 883 3704 punctum,
906 3625 1070 3690 terminans
1093 3624 1181 3703 illum,
1199 3642 1298 3687 areum
1323 3625 1448 3705 ellipsis,
1472 3634 1504 3688 et
1524 3627 1642 3689 videtur

306 3714 338 3775 id
359 3718 500 3795 punctum
526 3712 656 3774 futurum
683 3732 741 3775 non
763 3713 812 3789 M,
844 3714 897 3774 sed
920 3714 961 3788 Z,
990 3714 1046 3795 qus
1070 3710 1154 3775 secat
1180 3730 1268 3775 arcus
1300 3714 1411 3787 lineam
1432 3714 1505 3789 KH,
1536 3724 1570 3779 ut
1601 3718 1642 3781 sit

306 3822 393 3865 arcus
416 3800 468 3863 ille
492 3799 605 3871 orbitae
628 3800 692 3863 ΑΖ.
793 3800 800 3811 ’
827 3873 830 3880 ,
1253 3804 1254 3812 ’

391 3890 612 3974 Respondeat,
636 3889 753 3952 omnino
776 3909 877 3952 areum
900 3887 1052 3971 ellipseas,
1076 3890 1160 3969 eujus
1182 3910 1283 3953 moras
1305 3890 1428 3953 metitur
1448 3910 1520 3953 area
1541 3894 1640 3967 ΑΚΝ,

308 3979 416 4043 debere
437 3980 469 4040 in
491 3986 593 4060 partes
617 3978 789 4061 inaequales
812 3978 919 4054 dividi,
944 3986 975 4040 et
996 3980 1127 4042 minores
1150 3998 1217 4041 esse
1241 3998 1312 4055 eas,
1335 3998 1410 4061 qaae
1434 3988 1503 4042 sunt
1525 3980 1640 4043 vicinae

308 4068 471 4151 apsidibus.
1726 4098 1731 4107 ·

395 4156 474 4220 Esto
497 4158 589 4231 mim,
611 4162 647 4219 at
668 4157 771 4240 ipsam
790 4156 936 4238 planetae
959 4157 1020 4220 iter
1032 4154 1126 4219 ABO'
1140 4156 1301 4221 dividatur
1317 4158 1352 4218 in
1370 4176 1465 4222 arasa
1487 4155 1639 4239 aquas·

313 4248 401 4325 Quia
421 4247 519 4327 iqitar
536 4244 666 4328 planeta
687 4247 724 4309 in
742 4266 821 4309 aras
835 4245 864 4307 A
888 4252 972 4308 tasas
994 4254 1137 4309 versatas·
1156 4245 1279 4329 lonqita
1302 4266 1396 4329 qaam
1417 4248 1453 4311 in
1468 4244 1503 4319 C,
1526 4256 1640 4330 quanta

310 4336 372 4398 NA
402 4332 525 4417 lenqior
552 4341 598 4397 est
625 4354 719 4414 qnam
744 4334 818 4409 NC3
853 4341 987 4415 ntraqsse
1016 4355 1086 4398 nero
1118 4334 1178 4397 NA
1209 4344 1237 4398 et
1263 4333 1333 4413 Na,
1351 4343 1486 4417 aequant
1511 4338 1642 4421 janatae

311 4424 499 4486 diametm
526 4422 645 4507 ellipsis
669 4423 854 4506 lmqiarem,
890 4431 920 4486 et
945 4422 999 4484 ΗΒ
1027 4432 1072 4486 est
1096 4424 1324 4488 sassidiameter
1353 4422 1474 4508 ellipsis
1504 4426 1641 4489 nean:

314 4512 434 4577 brevior
466 4514 560 4575 enan
591 4508 704 4585 esau)
730 4531 820 4574 mora
850 4510 999 4595 planetae
1035 4505 1085 4576 in*
1098 4534 1176 4578 aean
1210 4514 1259 4576 ad
1284 4513 1311 4575 B
1341 4522 1369 4576 et
1397 4515 1537 4597 opposito
1564 4536 1642 4580 area

311 4602 458 4686 laneam,
488 4621 582 4681 queam
606 4604 642 4664 in
668 4604 803 4666 ananim
831 4600 1013 4683 aequalitas
1034 4602 1066 4664 A
1092 4609 1121 4664 et
1144 4602 1168 4665 O
1192 4603 1332 4684 junctim.
1383 4606 1424 4667 Ut
1453 4623 1524 4686 erqo
1538 4628 1540 4633 ·
1553 4624 1643 4669 mera

315 4692 402 4754 eirea
422 4692 453 4759 A
475 4698 504 4752 et
526 4688 551 4752 G
571 4692 630 4768 fiat
660 4692 787 4762 ὸεεεὶεε,
817 4693 904 4753 eirea
925 4690 950 4751 Β
974 4700 1003 4754 et
1029 4692 1204 4774 appositam
1232 4691 1369 4773 lonqim
1399 4700 1428 4757 et
1452 4694 1499 4755 sie
1524 4712 1643 4778 sonipes

315 4780 458 4843 lineam
479 4781 688 4861 oppositosnm
709 4798 841 4842 arenam
854 4781 984 4865 jnnetae
1000 4800 1108 4844 mosae
1120 4780 1210 4861 fiant
1223 4780 1386 4861 αεφεεὶεεε
1409 4788 1527 4873 apqstet
1548 4802 1643 4847 asna

315 4868 403 4951 apad
424 4869 454 4930 A
479 4874 509 4929 et
531 4864 556 4928 Ο
581 4869 656 4949 Jterl
683 4870 834 4940 nanares,
863 4870 952 4951 apssd
973 4868 1006 4953 ΒΙ
1027 4876 1056 4933 et
1081 4870 1256 4952 appositam
1281 4874 1423 4957 mnjares.
1468 4870 1512 4933 Ia
1540 4880 1659 4938 aatesn.

311 4958 426 5046 alpes·
447 4956 538 5023 KML
554 4955 841 5047 pannessiares,
863 4966 899 5025 al
916 4966 1004 5043 patet
1025 4979 1064 5027 aa
1085 4960 1158 5040 ipsa
1180 4960 1351 5047 oq'eetiane.
