3517 5525
492 414 523 467 de
540 412 727 466 Ommentmih
744 416 777 467 de
793 420 861 467 motu
877 416 966 469 stellae
983 416 1078 469 erm.
1387 414 1450 485 115

104 610 171 655 nam
195 591 251 666 sit,
275 592 403 673 ideoque
426 592 519 657 etiam
542 594 725 667 cavendnm,
754 614 792 656 ue
814 593 845 655 in
868 594 921 657 ΕΕ
943 614 1129 658 numeremus
1158 604 1291 677 tempus,
1323 614 1395 658 sane
1418 605 1450 660 et

102 682 158 745 noe
183 688 273 743 esset
294 680 477 745 conmariom
500 681 665 744 verissimis
688 691 819 747 motuum
841 683 950 747 oensis.
996 682 1079 765 Ergo
1107 685 1223 765 quando
1255 684 1379 765 planeta
1402 694 1450 749 est

102 770 132 832 in
154 767 197 845 0,
222 776 298 833 ιιιιιε
320 790 378 849 ego
402 790 440 831 ex
460 770 490 832 D
513 790 615 833 verum
638 772 704 851 ejus
731 772 828 835 locum
858 792 1043 853 nequaquam
1074 774 1222 855 investigo
1229 795 1238 847 ;
1268 774 1369 852 itaque
1392 794 1449 836 non

101 860 326 942 necessarium
343 858 440 939 petie.
470 866 506 921 ut
532 860 588 921 lroc
616 867 645 922 te
675 861 809 923 doceam.
861 861 991 924 Ειιιιιιιιι
1022 870 1054 923 tn
1084 863 1173 937 diois,
1201 862 1253 926 ΕΕ
1285 862 1449 943 simplicem

103 946 250 1023 (uoluisti
274 948 374 1011 dicere
400 948 578 1022 ,mediam“,
603 968 690 1029 quam
713 948 823 1012 Graeci
847 948 1047 1029 ὁμαλοκιιησιι
1070 960 1192 1025 vocant,
1220 952 1347 1031 simplex
1371 953 1450 1013 enim

104 1045 207 1100 motus
231 1036 262 1098 in
287 1036 455 1099 Prutenicis
477 1036 528 1098 ille
552 1036 672 1111 dicitur,
696 1039 746 1118 qui
768 1048 817 1101 est
838 1060 858 1101 a
877 1040 973 1120 prima
995 1038 1040 1117 Υ.
1068 1040 1115 1103 cni
1147 1041 1265 1103 ablatus
1289 1049 1337 1102 est
1358 1059 1448 1120 prae-

102 1125 255 1189 cessionis
273 1127 399 1200 motus),
423 1125 498 1189 dicia
517 1125 608 1206 igitur
621 1128 675 1190 FB
697 1129 826 1191 mediam
846 1137 880 1191 et
902 1129 940 1190 ad
963 1148 1031 1191 eam
1052 1129 1261 1193 accommodas
1279 1129 1333 1191 ΕΙ)
1357 1139 1448 1205 ιεειε,

107 1215 164 1277 sed
186 1214 268 1277 hauc
292 1222 326 1277 tn
348 1215 478 1277 mediam
500 1215 584 1288 diois,
608 1226 683 1296 puta
703 1218 888 1298 quantitate,
911 1228 944 1279 et
965 1226 1053 1299 putas
1078 1238 1144 1279 esse
1168 1219 1257 1289 bano,
1281 1236 1369 1298 quam
1393 1238 1448 1299 ego

106 1302 176 1365 dice
200 1304 345 1378 eccentri,
370 1304 453 1383 cujus
473 1303 559 1367 ΒΑΕ
581 1316 757 1385 coaequata.
803 1308 838 1369 In
868 1305 916 1368 his
945 1306 1143 1370 confunderis.
1189 1306 1337 1386 Repetam
1361 1307 1448 1381 enim,

106 1392 187 1472 quod
210 1391 475 1473 exsuperioribus
499 1392 563 1474 ipse
586 1395 746 1473 potuisses.
792 1394 875 1457 Data
904 1397 1053 1457 anomalia
1081 1396 1210 1459 eecentri
1237 1393 1362 1475 elliptici
1384 1396 1448 1471 FD,
1578 1447 1583 1459 .

104 1480 192 1561 eujus
216 1500 326 1543 nomen
350 1479 449 1543 estin
470 1482 523 1543 FE
545 1502 617 1545 aron
639 1483 750 1552 circuli.
773 1484 832 1547 erit
852 1504 926 1547 area
942 1484 1025 1548 Eas
1039 1504 1177 1547 mensura
1191 1484 1358 1547 anomaliae
1381 1502 1447 1545 me-

105 1569 174 1631 diae
204 1579 241 1631 et
272 1571 401 1649 angulus
422 1567 507 1633 ΒΔΕ
533 1572 592 1633 crit
617 1582 793 1652 coaequata
838 1574 951 1635 Datum
972 1592 1043 1653 ergo
1076 1582 1202 1653 tempus,
1233 1574 1385 1635 redactum
1418 1574 1447 1633 in

105 1658 289 1721 anomaliam
318 1658 463 1732 mediam,
497 1663 698 1739 quaerendum
731 1672 780 1725 est
806 1662 834 1722 in
863 1682 935 1724 area
965 1663 1091 1743 perlecti
1118 1662 1239 1725 circuli:
1272 1661 1350 1741 quod
1378 1662 1448 1741 quia

103 1746 290 1827 geometrice
312 1748 431 1829 nequit,
460 1748 637 1813 tabularitar
664 1750 755 1830 igitur
781 1750 960 1815 laciendum.
1006 1752 1085 1814 Nam
1117 1750 1239 1813 tabulae
1262 1750 1350 1811 facile
1374 1770 1447 1811 cun-

103 1844 262 1899 strauntur
285 1837 325 1898 ad
347 1836 481 1916 singulos
505 1837 615 1917 gradus
639 1839 806 1901 anomaliae
828 1840 958 1903 eceentri
982 1838 1034 1903 ΕΕ
1058 1840 1121 1913 (vel
1145 1840 1222 1914 ΕΠ).
1269 1838 1349 1917 Ergo
1373 1839 1445 1901 dato

102 1932 243 2004 tempore
265 1944 321 1987 sen
343 1926 492 1987 anomalia
512 1927 620 2002 media,
645 1928 671 1990 si
695 1929 816 1991 tabulae
843 1930 943 1991 tactae
967 1947 1024 1990 non
1049 1937 1131 2001 snut,
1162 1926 1375 2006 conjiciendum
1400 1936 1448 1989 εει

102 2014 140 2075 de
164 2032 240 2075 aren
253 2014 317 2087 ΕΕ,
340 2014 426 2095 cnjus
447 2015 531 2077 sinus
552 2014 607 2078 Ec
622 2017 838 2098 multiplicatus
859 2018 890 2079 in
906 2018 1036 2081 valerem
1059 2017 1200 2095 trianguli
1223 2016 1344 2079 maximi
1357 2014 1447 2079 ΒΘΑ

102 2102 237 2182 abjectis
259 2102 373 2165 ultimis
395 2104 530 2169 ostendit
556 2105 688 2167 valorem
710 2110 746 2176 Δ
769 2107 868 2180 ΒΕΑ,
897 2124 954 2189 quo
981 2105 1100 2169 excedit
1130 2105 1248 2184 plaunm
1272 2104 1354 2167 ΕΑΕ
1377 2123 1447 2165 sec·

102 2202 200 2253 torem
230 2191 322 2254 FBE.
372 2192 483 2271 Igitur,
512 2193 583 2273 qnia
613 2202 714 2257 sector
741 2194 821 2257 FBE
846 2205 880 2257 et
906 2214 993 2257 arcus
1020 2196 1073 2257 FE
1100 2194 1303 2273 exprimuntur
1330 2192 1359 2255 in
1389 2193 1446 2257 han

100 2280 279 2360 minatis
299 2281 430 2343 numeris
457 2281 581 2357 iisdem,
609 2282 730 2345 additur
751 2302 823 2362 ergo
846 2284 894 2347 hic
917 2285 1056 2347 inventus
1084 2284 1169 2345 valor
1196 2281 1338 2361 trianguli
1360 2280 1446 2345 ΒΕΑ

101 2370 140 2431 ad
160 2369 220 2431 m:
243 2388 345 2431 arcum
369 2369 439 2441 (luoc
461 2380 511 2432 eat
533 2371 572 2432 ad
594 2381 741 2435 sectorem
755 2372 860 2448 FBE),
884 2382 918 2435 ut
939 2374 1088 2436 habeatnr
1111 2390 1182 2433 area
1204 2368 1295 2445 FAE,
1320 2388 1395 2450 quae
1419 2371 1447 2433 si

100 2467 215 2539 aequat
238 2459 342 2521 deum
365 2461 435 2536 (per
456 2462 590 2539 tempus)
613 2462 793 2524 anomaliam
824 2470 1033 2542 coaequatam,
1067 2471 1138 2523 tuno
1161 2461 1236 2521 bene
1263 2459 1444 2540 conjecimus

1 2609 2 2614 ,
101 2545 152 2609 ΕΕ
177 2547 312 2608 eceencri
331 2546 520 2611 anomaliam.
558 2548 655 2630 Igitur
675 2551 799 2611 inuenta
812 2550 943 2613 eccentri
958 2550 1107 2612 anomalia
1120 2550 1175 2611 FD
1188 2549 1236 2611 vel
1250 2546 1313 2628 ejus
1329 2548 1445 2611 nomine

99 2636 162 2704 FE,
181 2635 250 2715 jam
274 2636 390 2697 duabus
412 2636 469 2697 viis
490 2638 663 2718 pervenitur
684 2639 724 2700 ad
746 2640 842 2714 linem,
867 2641 916 2701 vel
934 2658 988 2721 per
1001 2638 1067 2711 ΕΙ),
1091 2656 1167 2720 qnae
1192 2636 1319 2699 habetur
1341 2636 1445 2699 multi·
1502 2690 1505 2697 ,

98 2720 214 2805 plicato
235 2721 292 2788 EO
315 2724 345 2786 in
369 2724 558 2790 latitudinem
589 2728 707 2791 lunulae
729 2722 805 2806 432,
829 2729 878 2792 vel
900 2728 1004 2792 malins
1036 2744 1090 2808 per
1112 2726 1190 2804 DA,
1214 2744 1290 2807 quae
1318 2725 1445 2788 habetur

0 2839 1 2848 ι
100 2813 304 2894 multiplicato
318 2812 373 2876 OB
396 2813 462 2876 sinn
483 2818 691 2898 complementi
704 2817 759 2880 EF
775 2818 805 2880 in
819 2817 879 2880 BA
901 2816 1166 2892 eccentnicitatem,
1191 2825 1223 2878 et
1245 2815 1322 2895 qnod
1345 2815 1446 2896 prodit
1520 2849 1524 2860 .

99 2903 248 2983 (abjectis
271 2901 291 2965 5
314 2902 443 2978 ultimis)
467 2905 569 2968 addito
592 2907 631 2969 ad
653 2905 779 2968 radium.
823 2906 883 2968 Illo
906 2908 992 2969 modo
1020 2925 1074 2986 per
1096 2905 1162 2978 Do,
1187 2904 1243 2969 CA
1266 2911 1364 2980 notas,
1389 2905 1444 2966 hoc

98 2992 189 3054 modo
213 3009 271 3072 per
293 2991 359 3065 DA,
383 2989 440 3054 AG
463 3003 553 3056 notas
575 2993 728 3076 quaeritur
750 3003 917 3076 coaequata
938 2993 1034 3060 DAG.

187 3095 321 3168 Quaeris
344 3097 402 3172 hic,
426 3117 592 3162 curaream
612 3099 699 3166 GBA
722 3101 751 3164 in
773 3099 828 3164 ΕΟ
851 3101 1044 3181 multiplicem
1070 3108 1101 3163 et
1123 3119 1179 3162 non
1204 3099 1233 3161 in
1256 3098 1337 3163 DC?
1373 3097 1444 3161 Dixi

2 3251 7 3260 ,
98 3205 192 3267 supra
213 3206 349 3250 oausam.
395 3187 475 3250 Nam
497 3190 633 3254 etBAG
644 3191 821 3254 terminatm
843 3191 884 3252 ad
906 3190 1008 3252 circuli
1030 3209 1087 3252 non
1112 3189 1151 3250 ad
1174 3188 1289 3266 ellipsis
1312 3189 1441 3250 circum-

99 3275 269 3338 lerentiam.
314 3276 394 3338 Nam
427 3295 500 3337 area
520 3278 636 3358 ellipsis
667 3297 726 3342 non
755 3279 878 3341 metitur
901 3279 1110 3340 distentiamm
1142 3295 1286 3339 summam
1317 3277 1349 3337 in
1372 3295 1442 3337 arcu

97 3364 234 3444 ellipsis,
265 3371 300 3426 nt
322 3383 376 3425 nec
400 3383 473 3426 area
495 3364 596 3429 circuli
618 3367 741 3430 metitur
763 3387 908 3430 summam
931 3367 1141 3430 distantiarum
1173 3365 1202 3429 in
1226 3383 1297 3426 arcu
1329 3363 1440 3426 circuli.

97 3452 248 3516 Athona
270 3453 400 3534 quadam
423 3453 543 3517 tortum
563 3456 747 3536 geometrica
767 3457 816 3534 fic,
848 3464 884 3520 nt
906 3476 979 3519 area
1001 3455 1101 3520 circuli
1133 3454 1273 3516 metiatur
1295 3471 1441 3516 summam

97 3542 311 3606 distantiarum
342 3543 372 3604 io
404 3561 474 3605 areu
508 3545 633 3624 ellipsis.
690 3544 783 3626 Cujus
815 3547 858 3607 rei
890 3544 1103 3626 contemplatio
1135 3544 1269 3624 profecto
1302 3542 1378 3606 mira
1409 3550 1442 3605 et

93 3631 314 3712 jucundissima
336 3639 393 3693 est
438 3633 542 3694 Habes
566 3652 637 3714 ergo
660 3654 780 3698 caumm
803 3635 1028 3715 triplicationis,
1059 3633 1119 3695 tria
1141 3633 1218 3694 euim
1242 3638 1438 3712 qnaemntnr:

99 3719 132 3796 l)
153 3721 285 3804 physica
306 3718 486 3795 retardatio,
519 3721 556 3796 2)
579 3723 725 3786 distantia
746 3725 886 3805 planetae
915 3746 934 3786 a
957 3723 1027 3786 Sole
1052 3722 1116 3796 (vel
1137 3722 1166 3783 D
1190 3721 1227 3783 ab
1251 3721 1306 3784 Fa
1329 3726 1360 3781 et
1386 3739 1440 3801 per

99 3809 176 3872 hane
200 3809 279 3884 illa),
304 3805 340 3884 3)
364 3807 465 3889 optica
495 3809 659 3875 imminutio
692 3832 789 3876 arcus.
836 3813 909 3876 Tria
940 3815 1014 3876 haec
1045 3811 1089 3875 sie
1112 3811 1288 3892 suppeditat
1320 3818 1437 3873 natura.

99 3899 178 3960 Nam
211 3909 244 3960 ει
265 3896 320 3959 Sol
341 3907 424 3961 rotat
453 3900 607 3980 planetam
630 3911 661 3963 ει
691 3902 815 3982 planeta
846 3903 974 3964 conaus
997 3903 1035 3964 ad
1059 3899 1161 3964 Solem
1192 3908 1224 3960 et
1254 3899 1355 3978 anguli
1388 3899 1438 3960 alii

99 3987 233 4049 suntad
257 3995 391 4047 centrum
414 3986 581 4063 eccentrici,
607 3989 659 4051 alii
681 3989 720 4050 ad
744 3988 855 4053 Solem.
901 3991 995 4052 Verte
1019 4000 1049 4051 ιε
1073 3990 1102 4050 in
1127 4007 1228 4050 omnes
1253 3988 1378 4059 lormas,
1402 4005 1438 4050 ex

98 4075 194 4138 tribus
206 4093 361 4137 nnnmnon
378 4075 496 4141 efficies.
521 4077 621 4140 Etiam
630 4078 822 4141 Ptolemaeus
836 4079 936 4160 plures
951 4079 1139 4159 operationes
1149 4076 1293 4158 postulat.
1317 4075 1438 4138 Miraris

97 4183 214 4226 rursum
236 4173 269 4226 nt
282 4165 313 4226 in
328 4164 432 4240 literis,
447 4175 642 4246 coaequatam
655 4167 748 4230 statui
762 4169 800 4232 ad
814 4176 955 4249 punctum
969 4167 1008 4242 D,
1022 4169 1146 4248 planeta
1160 4165 1200 4228 ibi
1215 4185 1273 4228 non
1288 4174 1437 4242 versante,
1534 4216 1537 4222 .

97 4255 150 4316 sed
182 4255 215 4314 in
247 4250 286 4316 0.
318 4253 421 4332 Nego:
451 4253 493 4317 ibi
514 4265 682 4335 coaequata
712 4257 888 4319 terminatur
919 4257 969 4319 nbi
998 4267 1045 4320 est
1077 4257 1207 4336 planeta
1254 4254 1333 4316 Nam
1356 4251 1437 4316 inO

98 4347 162 4417 (rig.
182 4347 232 4412 ³²)
256 4340 410 4422 planetam
440 4342 527 4423 posui
555 4363 609 4425 per
639 4345 802 4419 tiotionem,
836 4363 895 4407 non
926 4345 1070 4408 ealcnlnm
1094 4343 1248 4425 explicans
1276 4344 1329 4405 sed
1357 4343 1437 4405 alind

98 4429 261 4512 quippiam.
296 4431 403 4511 Itaque
420 4431 480 4495 DA
503 4439 551 4495 est
573 4433 727 4508 distantia,
750 4453 806 4495 non
830 4433 898 4508 ΟΔ,
924 4434 1067 4516 siquidem
1090 4433 1175 4496 DAF
1197 4432 1238 4495 sit
1260 4440 1435 4514 coaequata.

186 4547 371 4598 Fabricius:
391 4547 430 4598 Ex
446 4547 542 4600 caludo
559 4548 653 4614 colligis
670 4549 768 4614 quidem
785 4550 887 4602 ιιιιᾶειιι
904 4565 986 4602 veram
1003 4547 1230 4614 proatlraplrasresin
1243 4554 1269 4599 et
1285 4548 1435 4604 donatiam,

97 4619 170 4686 idqm
187 4619 378 4670 ntiocinatione
395 4621 489 4683 potins,
507 4633 580 4685 qnam
598 4621 760 4686 genuerim
788 4621 896 4673 deuon
918 4623 982 4672 enim
1003 4623 1029 4672 in
1047 4621 1127 4686 figura
1143 4621 1292 4686 geometrice
1309 4619 1356 4670 lroc
1373 4619 1436 4682 qaod

3 4734 4 4741 ,
97 4692 204 4744 lundis
221 4704 267 4754 per
282 4690 362 4741 lineas
379 4699 406 4742 et
422 4691 549 4756 tringnla
565 4690 701 4742 mtendeee.
727 4693 815 4758 Agitur
831 4693 872 4744 hie
889 4707 938 4744 nou
954 4695 985 4744 de
1003 4693 1085 4743 valore
1103 4706 1186 4750 areae,
1204 4691 1248 4742 sed
1265 4692 1297 4742 de
1314 4691 1436 4744 mcum·

97 4769 123 4813 α
136 4763 212 4814 anas
230 4763 443 4827 geometricis
460 4761 499 4812 rel
516 4762 648 4826 optieis.

183 4859 384 4940 Keplerus:
407 4859 551 4923 Irasceris
569 4860 665 4923 valoti
688 4879 788 4934 areae,
810 4881 875 4924 cum
904 4869 1011 4942 agatur
1024 4862 1061 4924 de
1085 4861 1181 4936 lineis,
1204 4879 1293 4925 caeco
1317 4859 1434 4942 quidem

97 4950 217 5031 impetu.
254 4949 336 5014 Nam
357 4957 390 5012 et
411 4969 484 5012 area
501 4949 713 5029 geometricum
726 4950 796 5034 quid
819 4960 876 5013 est.
911 4949 998 5024 Quod
1020 4971 1091 5015 vero
1106 4950 1268 5014 astronomi
1290 4949 1433 5013 haetenus

1180 5053 1225 5106 81
