3517 5525
642 391 703 449 Pus
721 391 825 460 quasa
862 395 944 462 ⁰⁸r¹¹i
959 393 990 448 L·
1433 327 1498 462 363

145 569 288 649 stantiae,
311 571 462 652 longiores
484 579 572 636 erant
601 590 688 655 quam
718 575 802 657 ipsae
835 549 1010 650 distantiae,
1035 579 1122 637 tanto
1145 573 1208 638 fere
1228 574 1294 653 jam
1325 575 1426 653 plures
1449 576 1498 639 di-

145 661 277 727 stantias
300 661 475 743 collegimus
499 680 587 743 quarn
611 671 693 727 aute.
726 665 807 728 Vide
830 673 931 728 autem
954 668 988 738 et
1001 663 1139 727 effectum
1152 664 1242 744 hujus
1258 663 1368 728 calculi
1382 666 1497 728 securi·

144 752 219 816 tatis
242 771 343 815 causa
388 751 468 815 Nam
942 767 947 795 ι

168 881 204 935 ad
223 878 390 935 anomaliam
437 877 562 951 proditur
581 895 661 934 eoae·
704 881 737 935 In
755 879 861 936 sicaris
879 896 945 935 vero
1000 875 1168 932 Differentia

207 959 356 1032 simplicem
506 965 595 1032 quatu

186 1051 310 1116 48993
332 1050 390 1114 31”
458 1050 512 1115 41⁰
533 1051 583 1113 31‘
622 1049 663 1113 0¹¹
730 1051 856 1115 r1017‘
896 1055 937 1112 6“
1034 1059 1140 1137 14‘†

187 1131 370 1196 ao.1e.5e
457 1133 507 1194 er.
533 1134 581 1194 rs.
602 1134 641 1194 so
729 1131 778 1196 si.
808 1133 854 1196 aa
876 1135 914 1195 aa
1228 1115 1492 1168 cassiatam.

167 1213 233 1276 138.
262 1213 309 1274 45.
330 1211 367 1273 41
440 1212 505 1274 131.
555 1212 581 1273 1.
601 1211 640 1272 52
711 1212 777 1276 131.
827 1214 914 1277 7.13

147 1339 369 1404 Eccsntricitas
391 1359 508 1404 rursum
526 1341 611 1420 justo
634 1342 729 1406 minor
752 1341 895 1422 arguitur.
942 1344 988 1405 De
1017 1352 1119 1409 cetero
1143 1367 1259 1410 errores
1283 1347 1373 1408 iidem
1396 1346 1498 1428 quiin
1622 1416 1626 1421 ¹

147 1431 284 1511 proxime
307 1431 511 1511 praecedenti.
565 1429 644 1492 Nam
676 1431 752 1513 quod
784 1432 870 1512 signa
903 1451 1079 1499 excessuum
1115 1438 1209 1517 signis
1234 1439 1403 1499 defectuum
1425 1455 1498 1518 per-

146 1525 309 1594 mutantur,
334 1520 368 1581 tit
390 1519 460 1602 quia
482 1518 531 1581 hic
554 1518 722 1582 differentia
744 1521 877 1582 ostendit
896 1542 1013 1585 errores
1036 1527 1202 1590 anomaliae
1217 1534 1413 1608 coaequatae,
1434 1525 1497 1589 illic

148 1609 320 1673 anomaliae·
338 1610 465 1672 mediae.
507 1608 608 1688 Atque
631 1609 680 1674 hic
703 1617 752 1671 est
774 1610 879 1671 modus
903 1611 1021 1674 tertius.
1549 1653 1553 1667 ·

236 1696 509 1780 Propertionalium
542 1696 620 1773 AG,
646 1699 714 1761 AF*
730 1715 784 1779 pro
817 1697 973 1765 distantiis
1002 1700 1071 1780 Ao,
1095 1703 1152 1767 AO
1187 1703 1415 1779 substitutione,
1447 1703 1497 1785 qui

148 1794 274 1870 quartus
298 1793 347 1848 est
370 1788 484 1862 modus,
510 1787 618 1850 tacturi
641 1806 743 1849 sumus
765 1805 819 1868 pro
843 1788 959 1854 duabus
982 1798 1045 1853 tres
1067 1801 1172 1872 partes
1188 1794 1385 1874 aequationis.
1417 1791 1497 1856 Nam

147 1878 270 1959 planum
293 1874 379 1940 CAD
401 1875 524 1939 metitur
546 1875 758 1938 distantiamm
783 1873 848 1952 CA,
872 1877 933 1941 DA
955 1900 1110 1944 summam.
1154 1881 1259 1963 Longe
1285 1883 1376 1962 igitur
1398 1883 1496 1944 minus

149 1975 199 2030 est
223 1984 312 2047 quam
334 1967 399 2042 ΡΑ,
426 1964 488 2028 GA
509 1964 654 2038 linearum
677 1983 800 2028 summa.
845 1965 892 2028 Ac
916 1969 974 2029 etsi
995 1970 1174 2034 medicinam
1192 1973 1351 2034 afferamus
1370 1970 1497 2033 similem

149 2056 248 2130 illius,
281 2073 356 2136 quae
378 2055 475 2135 primo
498 2054 586 2116 modo
610 2053 668 2117 fuit
690 2053 840 2117 adhibita:
874 2062 976 2120 tamen
1000 2058 1180 2138 duplicaturi
1202 2079 1304 2124 sumus
1328 2058 1497 2135 errores.*)

149 2143 226 2207 Cum
260 2145 339 2206 enirn
374 2145 460 2226 ipsae
495 2143 658 2206 distantiae
686 2143 809 2207 tolerari
832 2153 1000 2225 nequeant,
1035 2147 1073 2210 ob
1095 2149 1215 2212 nimiam
1238 2169 1323 2214 suam
1345 2150 1375 2211 in
1399 2148 1497 2234 npedio

149 2233 377 2315 longitudinem,
390 2233 499 2296 minus
522 2241 610 2298 emnt
633 2233 806 2296 tolerabiles
822 2235 1071 2315 proportionales,
1095 2246 1201 2319 utpote
1217 2237 1377 2318 longiores.
1414 2235 1498 2300 Etsi

150 2321 225 2387 libet
256 2323 327 2386 illas
348 2324 475 2404 probare
500 2323 608 2386 effectu
627 2322 743 2399 calculi,
768 2323 912 2400 invenies,
938 2327 1104 2399 anomaliae
1127 2329 1245 2390 mediae
1269 2322 1330 2392 53⁰
1352 2325 1407 2390 23‘
1431 2323 1498 2391 561‘

149 2414 331 2494 respondere
361 2419 557 2493 coaequatam
588 2409 651 2476 46ο
681 2409 728 2488 0’,
762 2431 837 2493 quae
870 2413 899 2474 in
923 2415 1037 2478 vicaria
1057 2417 1193 2497 proditur
1216 2426 1335 2481 tantum
1358 2411 1421 2478 45⁰
1443 2412 1498 2480 27¹

151 2501 280 2578 circiter,
305 2501 474 2564 differentia
497 2497 565 2579 33⁴,
588 2503 678 2585 plane
701 2501 841 2566 absurda

547 2680 677 2741 Modus
709 2680 859 2763 quintus
893 2689 929 2743 et
960 2689 1099 2745 sextus.

241 2802 318 2869 Cum
346 2803 439 2885 igitur
468 2812 595 2884 quatuor
625 2803 673 2867 his
704 2805 802 2868 modis
832 2805 906 2868 nihil
936 2806 1119 2884 effecissem,
1151 2814 1222 2869 tunc
1254 2827 1320 2871 cum
1350 2808 1500 2871 anomalia

153 2894 253 2961 media
275 2901 306 2957 et
337 2893 490 2955 distantiis
520 2892 566 2955 illi
595 2893 758 2973 assignatis
789 2895 980 2975 (operatione
1011 2896 1130 2977 quinta)
1160 2894 1288 2958 transivi
1311 2898 1341 2959 in
1364 2896 1500 2960 tabulam

151 2985 354 3067 hypotheseos
376 2982 506 3045 vicariae
529 3001 594 3063 cap.
618 2982 709 3057 XVI,
733 2989 765 3045 et
787 2986 954 3047 anomaliae
978 3004 1048 3047 vere
1072 2992 1267 3067 coaequatae.
1313 2986 1500 3049 Resumatur

152 3075 275 3139 schema
290 3069 341 3138 99.
384 3071 467 3133 Tunc
490 3072 560 3152 quia
582 3070 745 3134 distantiae
764 3072 820 3135 AF
842 3074 874 3135 in
895 3074 1007 3155 gradm
1030 3074 1165 3154 integros
1189 3074 1357 3137 anomaliae
1380 3074 1498 3137 mediae

151 3164 220 3227 IBF
241 3163 289 3223 vel
312 3161 387 3229 IDll
411 3168 614 3241 competentes
644 3162 855 3241 competebant
886 3163 978 3227 stiam
1001 3163 1031 3225 in
1054 3164 1166 3242 gradem
1190 3169 1222 3223 et
1248 3163 1389 3226 minutias
1422 3182 1498 3227 ano-

151 3253 261 3317 maliae
298 3256 482 3333 coaequatae
508 3248 601 3324 IAH,
634 3268 709 3331 quae
740 3251 769 3313 in
802 3251 906 3314 tabula
937 3253 1019 3315 dicta
1054 3250 1256 3332 respondebat
1284 3252 1345 3333 ipsi
1380 3252 1497 3314 mediae

152 3340 321 3405 anomaliae
344 3338 434 3414 IDH3
465 3338 556 3419 igitur
579 3357 656 3401 nono
685 3338 791 3403 reduxi
817 3339 873 3402 has
906 3340 1069 3411 distantias
1092 3362 1111 3401 a
1133 3340 1306 3421 coaequatis
1339 3342 1499 3404 anomaliis

153 3429 347 3511 scrupulariis
369 3428 571 3511 hypotheseos
599 3428 730 3493 vicariae
753 3448 819 3511 cap.
842 3428 936 3501 XVI,
958 3448 1065 3511 nempe
1088 3430 1126 3491 ab
1154 3430 1228 3509 ipsis
1251 3428 1328 3493 HAI
1351 3429 1497 3511 inaequa-

152 3520 232 3583 libus
250 3519 289 3580 ad
304 3526 487 3599 coaequatae
501 3516 577 3581 ΗΑ]
600 3517 710 3596 gradus
734 3518 868 3598 singulus
892 3519 1058 3595 absolutos,
1081 3519 1138 3581 hoo
1154 3526 1202 3580 est
1215 3527 1320 3599 partes
1343 3518 1496 3599 aequales.

153 3608 278 3673 Decimo
301 3607 407 3669 iisdem
421 3606 464 3669 sic
478 3606 650 3670 constitutis
672 3607 827 3671 distantiis
850 3608 984 3689 quaesivi
1006 3607 1255 3689 proportionales,
1279 3616 1312 3671 ut
1331 3608 1362 3670 in
1387 3626 1497 3688 opera-

154 3699 236 3760 tione
269 3697 400 3759 secuuda
423 3701 573 3759 etsexta.
620 3696 783 3759 Undecimo
807 3705 839 3759 et
869 3697 1045 3761 duodecimo
1077 3697 1179 3760 addidi
1211 3696 1346 3777 singulas
1374 3698 1404 3760 in
1435 3698 1499 3759 suis
1626 3727 1633 3738 ·

154 3785 303 3849 classibus
333 3785 446 3865 luitque
476 3804 592 3847 summa
622 3785 832 3849 distantiamm
865 3782 1056 3859 35770014,
1086 3806 1202 3849 summa
1233 3785 1498 3867 proportionalium

156 3870 341 3940 35692048.
366 3872 441 3936 (lum
451 3874 528 3937 enim
534 3874 598 3955 jam
607 3874 740 3938 brevium
750 3874 959 3939 distantiarum
970 3876 1070 3954 plures
1080 3876 1143 3937 siut
1151 3894 1239 3957 quarn
1248 3876 1403 3955 longarum
1414 3873 1514 3959 (quia-
1608 3930 1613 3935 .

154 3985 209 4048 per
220 3966 299 4027 hauc
313 3962 542 4026 translationem
565 3963 774 4060 distaptiarum
796 3965 904 4044 longas
919 3983 1022 4027 omnes
1045 3984 1163 4027 sursum
1180 3964 1325 4027 traximus
1340 3970 1373 4027 et
1384 3982 1498 4047 pamas

156 4054 324 4129 effecimus,
348 4052 564 4115 constituentes
587 4074 674 4117 arcus
692 4052 740 4119 IGr
761 4054 828 4116 viae
852 4054 949 4117 ovalis
972 4072 1063 4135 supra
1085 4052 1165 4133 apud
1187 4052 1338 4134 aphelium
1360 4072 1496 4133 magnos,
1520 4086 1523 4091 ·

157 4151 189 4206 et
211 4144 254 4205 sic
276 4142 442 4206 tribuentes
470 4141 597 4223 singulis
626 4142 766 4225 gradibus
794 4142 962 4206 anomaliae
986 4162 1045 4205 non
1066 4143 1150 4206 ΕΑΒ
1173 4150 1206 4204 nt
1228 4140 1259 4202 in
1281 4142 1376 4222 primo
1398 4141 1498 4219 modo,

157 4232 212 4297 sed
233 4231 330 4307 HAB,
354 4232 411 4294 hoc
436 4239 484 4293 est
505 4252 575 4295 vere
603 4241 799 4313 coaequatae,
833 4231 968 4312 singulas
994 4232 1176 4306 distantias,
1206 4249 1328 4312 quorum
1351 4232 1498 4311 graduum

156 4322 188 4384 in
212 4320 358 4404 superiori
390 4319 574 4383 semicirculo
598 4342 655 4385 non
680 4330 750 4385 sunt
770 4322 871 4403 plures
896 4340 984 4403 quam
1006 4322 1038 4383 in
1059 4320 1231 4393 inferiore):
1262 4320 1331 4383 hinc
1354 4322 1430 4383 adeo
1454 4322 1498 4397 fit,

157 4420 192 4473 ut
220 4431 281 4474 non
312 4415 429 4473 tantum
452 4406 518 4474 360
550 4410 759 4490 distantiamm
791 4430 907 4475 summa
935 4410 1030 4475 minor
1060 4411 1171 4473 evadat
1200 4428 1288 4490 quarn
1317 4406 1382 4474 360
1406 4410 1499 4474 semi-

157 4500 385 4575 diametrorum,
414 4499 584 4561 sedetiam
613 4500 878 4581 proportionalium
900 4519 1016 4565 summa
1042 4499 1137 4563 minor
1161 4498 1288 4575 evadat,
1320 4518 1409 4582 quarn
1431 4505 1499 4561 erat

159 4608 274 4653 summa
295 4589 434 4669 ipsarum
450 4584 671 4653 disanuarum.

153 4805 156 4811 '
246 4791 275 4869 *)
296 4797 328 4853 ln
348 4802 446 4870 quarto
466 4801 568 4854 conatu
588 4796 611 4853 si
631 4796 657 4853 si
676 4794 809 4852 medicina
828 4795 981 4862 afferretur,
1001 4796 1082 4850 heret
1093 4800 1252 4860 monstrum,
1274 4793 1346 4848 CBD
1359 4789 1498 4847 scammis

160 4878 258 4935 tertia:
279 4879 392 4949 planum
412 4878 485 4935 GAD
505 4878 644 4937 monialis
664 4878 793 4934 secunda.
834 4876 945 4933 Summa
963 4893 1030 4933 raro
1049 4876 1104 4942 ΕΔ,
1127 4874 1178 4931 04
1198 4877 1332 4932 linearum
1352 4872 1497 4949 mutando·

159 4976 228 5028 rum,
250 4958 387 5017 anomalia
405 4958 500 5030 prima
658 4964 660 4969 ’
