3517 5525
503 369 524 440 ’1
617 420 798 487 ParaQulnta
828 423 1012 491 caputLXlX.
1418 419 1483 493 433

144 599 331 665 autumnali?
358 621 427 664 cum
459 600 612 681 ingressus
635 599 718 665 Solis
740 602 770 664 iu
794 600 943 667 Cancrum
966 603 1149 668 insensibilis
1170 605 1260 685 plane
1283 605 1332 669 sit.
1378 605 1482 688 Neque

144 710 217 754 sana
246 692 422 771 persuaderi
452 709 592 772 possum,
620 692 825 772 Hipparchum
855 701 885 754 et
907 694 1113 756 Ptolemaeum
1139 695 1170 755 in
1198 695 1295 776 ipsum
1323 695 1411 776 hujus
1433 697 1482 760 in-

142 799 265 861 gressus
287 789 469 843 momentum
490 780 668 861 respexisse,
692 781 838 860 neglectis
860 782 979 861 punctis
1002 783 1198 846 intermediis.
1237 782 1335 846 Credo
1353 785 1480 861 facilius,

140 870 263 932 sedulos
286 869 379 931 luisse
402 889 456 950 per
479 878 575 932 totam
597 878 745 932 aestatem
767 871 798 932 in
812 872 952 934 notandis
970 871 1051 934 Solis
1067 872 1324 948 declinationibus,
1349 893 1482 954 semper-

141 977 198 1042 que
222 958 298 1022 duas
312 960 463 1040 aequales,
488 978 526 1020 ex
540 968 664 1040 utroque
680 960 774 1022 latera
798 959 934 1036 solstitii,
958 979 1148 1041 comparasse
1166 961 1301 1038 invicem,
1325 969 1480 1043 ettempus

140 1050 222 1111 inter
244 1047 411 1129 aequalium
436 1048 667 1111 declinationum
690 1056 841 1113 momenta
862 1049 1069 1112 intermedium
1091 1070 1230 1130 provere
1247 1051 1479 1131 ingrassnSolis

139 1138 171 1200 in
195 1136 345 1202 Cancrum
374 1139 533 1211 sumsisse,
562 1156 620 1218 quo
647 1145 751 1219 pacto,
780 1138 806 1201 si
835 1138 943 1202 vicinis
967 1140 1097 1202 solstitio
1120 1140 1194 1202 locis
1217 1141 1400 1221 comparatio
1425 1143 1481 1204 fnit

140 1226 294 1301 instituta,
316 1247 422 1307 parum
445 1227 563 1307 quidem
586 1228 707 1303 erroris,
731 1235 847 1290 tantum
868 1236 968 1291 tamen
992 1229 1262 1311 committipotuit,
1287 1239 1415 1312 quantus
1433 1239 1482 1294 est

138 1315 227 1379 nnius
250 1315 310 1377 diei
333 1316 501 1396 quadrans,
524 1317 556 1378 in
578 1336 636 1398 quo
659 1316 770 1378 abeunt
794 1315 847 1380 15‘
869 1317 907 1380 de
930 1323 1012 1382 motu
1035 1317 1126 1382 Solis.
1172 1319 1267 1398 Igitur
1289 1319 1347 1381 etsi
1370 1319 1479 1382 certis-

137 1407 216 1468 sima
238 1414 341 1468 essent
363 1406 561 1486 aequinoctia,
585 1412 688 1485 potest
700 1413 801 1469 tamen
815 1406 897 1469 circa
912 1409 1043 1470 solstitia
1061 1407 1090 1470 in
1106 1415 1208 1486 partos
1224 1407 1356 1470 alternas
1373 1409 1478 1472 deesse

137 1494 188 1557 tel
210 1494 363 1557 abundare
385 1495 415 1556 in
438 1494 504 1556 loco
527 1493 609 1556 Solis
633 1503 742 1576 quarta
763 1515 834 1576 pars
857 1498 984 1576 gratim,
1009 1504 1039 1559 et
1062 1515 1226 1576 apogaeum
1248 1504 1318 1561 tunc
1333 1493 1373 1562 8ο
1387 1505 1476 1560 ante-

136 1585 201 1648 rius
223 1585 272 1646 vel
294 1584 445 1664 posterius
467 1583 608 1646 incidere.
654 1585 807 1648 Hactenus
832 1586 869 1647 de
892 1595 974 1650 motu
997 1585 1088 1650 Solis.

226 1673 265 1737 V.
289 1674 359 1736 Jam
382 1672 460 1753 quod
474 1673 584 1735 Martis
606 1674 701 1754 ipsius
725 1675 949 1738 observationes
967 1675 1087 1748 attinet,
1111 1673 1167 1736 etsi
1184 1673 1297 1746 demus,
1311 1665 1475 1740 astrolabio

137 1762 307 1826 certissime
329 1763 499 1825 collimasse
522 1762 728 1826 Ptolemaeum
750 1765 789 1826 ad
812 1766 904 1827 lixas:
930 1773 1030 1828 mmen
1045 1764 1141 1826 adhuc
1160 1783 1219 1828 non
1237 1765 1475 1827 constatcertius

136 1854 174 1914 de
197 1853 264 1914 loco
288 1852 397 1914 Martis
419 1851 449 1912 in
471 1851 595 1914 zodiaco
619 1854 668 1926 (nt
690 1853 719 1914 in
744 1873 800 1935 qno
823 1855 906 1933 prius
929 1863 961 1916 et
983 1855 1078 1918 locum
1102 1851 1184 1916 Solis
1207 1853 1476 1929 consideravimus)

136 1961 227 2023 qnam
250 1939 286 2002 de
309 1941 441 2022 ipsarum
464 1943 588 2002 fixarum
610 1941 704 2003 locis:
727 1951 759 2003 et
781 1943 807 2005 si
829 1943 979 2006 commisit
1000 1946 1193 2007 Ptolemaeus
1216 1962 1345 2006 errorem
1367 1941 1397 2005 in
1420 1963 1474 2006 as-

135 2031 283 2110 signando
306 2032 385 2092 tineo
406 2031 512 2110 gradn'
524 2031 722 2110 elongationis
745 2049 763 2091 a
785 2042 896 2114 puncto
919 2033 1104 2116 aequinoctii,
1129 2032 1205 2094 idem
1229 2051 1312 2094 error
1335 2032 1472 2093 commit-

70 2185 73 2188 ,
135 2127 217 2182 tetur
245 2119 277 2181 in
303 2119 527 2200 pronunciando
556 2119 668 2182 Martis
704 2120 780 2182 loco.
834 2121 928 2204 Atqni
960 2143 997 2184 ne
1024 2123 1148 2184 fixamm
1178 2121 1295 2200 quidem
1325 2119 1474 2201 elongatio

136 2231 156 2271 a
179 2207 251 2271 Sole
282 2209 329 2283 (et
360 2209 404 2271 sic
431 2230 451 2270 a
471 2217 581 2288 puncto
603 2208 738 2284 Arietis,
776 2231 795 2270 a
817 2231 874 2292 quo
904 2213 996 2273 scitur
1018 2209 1099 2274 Solis
1131 2210 1280 2290 elongatio
1302 2229 1356 2290 per
1379 2210 1475 2273 decli-

135 2299 306 2371 nationem)
328 2305 411 2361 caret
433 2298 602 2378 suspicione
626 2299 744 2360 erroris.
789 2301 868 2362 Ecce
893 2301 970 2364 enim
993 2308 1024 2362 et
1046 2299 1165 2362 modum
1186 2298 1351 2380 inquirendi
1374 2307 1405 2362 et
1423 2317 1474 2362 ar-

134 2396 306 2464 gumentum
329 2387 447 2450 erroris.
488 2387 578 2450 Anno
601 2387 643 2449 ΙΙ.
659 2389 805 2450 Antonini
827 2389 980 2470 inquisivit
998 2389 1079 2452 illam
1096 2390 1286 2451 Ptolemaeus
1295 2407 1349 2469 per
1358 2387 1474 2451 Lunam

136 2476 338 2539 dichotomon.
384 2477 488 2538 Lunae
512 2476 589 2538 enim
612 2497 631 2537 a
653 2475 735 2552 Sole,
760 2479 859 2540 cordis
882 2479 991 2541 Leonis
1015 2481 1133 2541 aLuna
1154 2478 1372 2557 elongationem
1394 2478 1475 2558 cepit

138 2565 315 2630 astrolabio.
366 2567 451 2627 Data
477 2565 568 2644 igitur
593 2566 676 2629 Solis
705 2567 895 2646 elongatione
924 2589 942 2630 a
963 2575 1075 2647 puncto
1099 2567 1291 2647 aequinoctii,
1330 2565 1418 2628 datur
1441 2574 1473 2628 et

133 2655 212 2716 lixae
236 2655 275 2716 ab
298 2654 402 2717 eodem
425 2655 576 2734 elongatio
586 2654 630 2729 *).
677 2655 747 2718 Jam
781 2658 809 2718 in
842 2658 1023 2719 dimetienda
1046 2655 1234 2737 elongatione
1249 2655 1351 2718 Lunae
1367 2678 1385 2716 a
1400 2654 1474 2718 Sole

134 2764 217 2807 error
248 2743 366 2807 videtur
402 2745 578 2807 commissus
609 2744 724 2808 dimidii
753 2746 873 2825 gradus.
919 2747 998 2811 Nam
1022 2745 1092 2810 Sole
1120 2745 1273 2810 occidente
1297 2745 1354 2807 fuit
1384 2754 1474 2827 capta

134 2854 286 2897 mensura.
333 2833 387 2896 Sol
417 2854 490 2896 vero
513 2834 652 2897 occidens
675 2853 729 2916 per
750 2835 959 2901 refractionem
981 2837 1100 2899 videtur
1122 2836 1212 2898 altior
1230 2834 1327 2914 justo,
1351 2834 1471 2897 dimidio

132 2924 254 2986 circiter
277 2924 381 3003 gradu.
418 2924 520 2985 Minor
542 2942 614 3002 ergo
627 2925 710 3004 justo
725 2934 851 3006 apparet
864 2926 1015 3005 elongatio
1029 2927 1142 3000 Lunae,
1167 2932 1199 2986 et
1212 2925 1253 2987 sic
1269 2924 1360 2985 etiam
1374 2926 1472 2986 cordis
1508 2941 1512 2950 ’

132 3014 245 3076 Leonis
277 3034 298 3074 a
326 3012 397 3074 Sole
428 3032 504 3093 aque
534 3012 730 3095 aequinoctio.
783 3014 912 3077 Videtur
938 3016 1029 3094 igitur
1061 3014 1213 3077 addendus
1245 3013 1319 3075 locis
1348 3013 1471 3075 lixarum

130 3111 266 3186 tempore
279 3101 446 3164 Ptolemaei
469 3101 608 3163 dimidius
622 3104 745 3182 gradus.
773 3104 854 3183 Ergo
874 3105 991 3184 qnando
1006 3104 1197 3167 Ptolemaeus
1211 3102 1329 3182 putavit
1342 3102 1471 3164 Martem

132 3194 215 3264 (cum
242 3192 310 3252 fixis
338 3191 525 3254 observando
553 3195 732 3265 connexum)
762 3210 828 3254 esse
856 3194 886 3255 in
916 3194 1054 3273 opposito
1082 3191 1170 3254 medii
1202 3191 1259 3253 loci
1282 3188 1379 3265 Solis,
1404 3190 1470 3269 jam

130 3300 201 3342 vere
226 3280 334 3342 fnisset
356 3279 479 3342 dimidio
502 3280 598 3359 gradu
620 3281 700 3343 ultra
722 3282 799 3343 hunc
821 3284 998 3362 oppositum.
1046 3281 1120 3346 Onm
1143 3280 1234 3360 igitur
1256 3300 1275 3340 a
1296 3279 1471 3341 Ptolemaeo

132 3377 261 3449 quatuor
283 3370 446 3431 observata
468 3370 536 3432 loca
549 3370 661 3432 Martis
677 3380 941 3434 commemorentur
956 3372 1032 3434 ista:
1057 3364 1118 3435 21ο
1139 3368 1170 3433 0¹
1193 3374 1238 3445 Π,
1269 3364 1328 3431 28⁰
1355 3363 1409 3431 50‘
1434 3373 1467 3443 tl,

133 3456 173 3521 2⁰
196 3453 251 3522 34¹
274 3464 312 3533 β’,
340 3456 376 3519 1⁰
398 3454 463 3522 36¹⁴
486 3464 526 3533 β’,
550 3460 636 3521 nobis
648 3460 829 3522 assumenda
844 3469 946 3524 essent
962 3463 1037 3525 ista:
1062 3455 1121 3523 21⁰
1144 3456 1196 3522 30⁴
1218 3463 1260 3533 II,
1283 3451 1410 3522 29020‘
1433 3462 1468 3533 ti,

130 3545 170 3611 3⁰
187 3545 220 3612 ‹l‘
236 3551 275 3624 r,
290 3544 329 3611 2⁰
343 3543 376 3610 θ’
390 3554 428 3621 ‚rt
457 3549 552 3629 Atqui
567 3550 761 3611 contrahens
775 3549 930 3612 andaciam
944 3551 1135 3613 Ptolemaeus
1150 3567 1183 3609 se
1198 3546 1293 3610 munit
1306 3545 1467 3621 affirmans,

131 3658 164 3700 se
180 3636 301 3718 saepius
314 3656 404 3699 unam
413 3644 445 3699 et
454 3638 579 3700 eandem
593 3656 664 3715 rem,
681 3639 805 3701 fixarum
819 3659 860 3703 sc.
872 3640 1091 3721 elongationem
1106 3638 1229 3713 aLuna,
1243 3637 1345 3701 Lunae
1359 3632 1467 3712 aSole,

130 3735 164 3789 et
188 3728 232 3789 sic
251 3727 375 3788 lixarum
394 3747 414 3787 a
431 3726 502 3789 Sole
525 3736 556 3790 et
575 3725 613 3790 ab
633 3728 820 3808 aequinoctio
842 3730 1031 3810 inquisivisse
1054 3727 1237 3801 distantiam,
1260 3726 1467 3805 inventamque

119 3836 200 3881 esse
213 3817 514 3897 perpetuoeaudam.
547 3818 641 3898 Igitur
664 3819 722 3880 atsi
744 3837 833 3879 nnam
848 3820 943 3881 solam
954 3819 1057 3900 prodit
1072 3816 1317 3889 observationem,
1343 3815 1466 3876 demon-

130 3907 274 3967 strandae
291 3906 422 3967 methodi
445 3926 557 3968 causa:
581 3916 684 3969 tamen
701 3906 906 3987 credipotest,
926 3908 1027 3989 plnres
1042 3905 1265 3971 observationes
1288 3903 1467 3983 respexisse,

129 4003 194 4056 tam
216 3994 329 4056 oriente
353 4012 441 4074 quam
464 3993 619 4057 occidente
638 3994 708 4058 Sole
731 3997 781 4057 vel
795 3996 890 4070 Luna,
916 4004 947 4059 et
962 3998 1089 4078 denique
1107 3995 1137 4057 id
1153 4000 1272 4056 secutus
1288 4012 1364 4069 esse,
1389 3994 1467 4074 quod

129 4084 208 4145 vidit
229 4082 314 4145 inter
328 4084 438 4145 multas
463 4083 661 4166 operationes,
685 4085 806 4147 diversa
828 4087 894 4147 loca
915 4086 1085 4168 prodentes,
1111 4082 1327 4148 intermedium.

393 4205 447 4213 ..--=

217 4257 247 4331 *)
265 4267 293 4317 A
311 4269 443 4334 punctum
467 4263 633 4334 aequinoctii
662 4282 785 4327 caesnm3
815 4265 916 4327 BSol,
1127 4261 1181 4328 Flg.
1201 4256 1262 4310 1³2.
1371 4288 1373 4291 -
1470 4260 1472 4270 '

129 4346 268 4409 GLnnn,
289 4346 315 4399 D
334 4345 401 4409 lixa,
428 4344 565 4407 visibilia;
594 4346 643 4399 ΒΕ
669 4345 815 4400 declinatio
836 4345 915 4401 Solis.

128 4426 179 4480 AB
200 4425 318 4479 habetur
341 4440 393 4495 per
421 4426 640 4480 observationem
668 4425 754 4497 ipsius
773 4426 822 4479 ΒΕ
848 4432 916 4479 tem·

128 4522 197 4577 pore
226 4504 374 4561 meridiano
408 4505 692 4572 commodissimam
722 4507 840 4560 habetur
867 4523 918 4576 per
1234 4482 1253 4531 Β

129 4586 313 4641 instrumenta
332 4586 366 4639 de
395 4586 452 4650 die,
482 4586 529 4640 OD
556 4604 606 4657 per
634 4587 815 4641 instrumenta
834 4593 864 4640 et
884 4588 916 4639 de
1017 4612 1037 4659 q

128 4672 219 4721 noem.
261 4666 422 4737 Compositis
452 4667 538 4739 igitur
556 4668 618 4730 AB,
639 4668 698 4732 Bc,
720 4667 776 4731 OD,
807 4668 917 4723 tandem

128 4748 249 4802 habetur
267 4748 320 4801 AD
346 4746 488 4821 elongatio
517 4748 590 4803 fixae
611 4748 647 4801 ab
667 4749 706 4811 A,
735 4763 817 4801 caeco
841 4748 917 4817 prins
1245 4746 1265 4790 l

129 4832 241 4898 puncto,
260 4830 333 4898 qnod
349 4827 408 4897 jam
430 4830 540 4883 tandem
562 4828 696 4897 patescit,
717 4834 864 4898 postquam
884 4830 919 4882 ad

130 4908 158 4963 D
178 4908 261 4962 lixam
282 4913 326 4961 est
346 4908 502 4979 alligatum.
542 4910 645 4963 Postea
670 4908 804 4980 planetae
834 4910 1003 4969 observando
1031 4911 1064 4964 ad
1089 4908 1160 4977 lixas
1186 4909 1354 4983 alligantur,
1385 4912 1415 4965 et
1434 4906 1474 4966 sic

129 4988 217 5044 scitur
236 5004 329 5043 eornm
348 4988 490 5059 elongatio
512 4990 549 5043 ab
569 4992 595 5043 Δ
614 4990 746 5064 principio
767 4988 879 5047 zodiaci.

159 5082 271 5135 ‘suec
285 5084 360 5137 ona
381 5084 417 5131 nn
705 5064 708 5067 ’
1228 5081 1262 5141 aa
1352 5109 1355 5115 ·
