3517 5525
622 413 684 468 rm
703 411 807 478 ouans·
844 411 926 482 capu
943 411 1031 468 xm·
1231 439 1239 456 ·
1435 411 1501 486 359

147 579 149 592 '
239 589 368 655 Plaueta
391 594 469 658 circa
494 577 615 674 apsidas
639 593 672 655 rit
695 592 808 656 tardior
827 594 927 674 J'usto,
951 593 1032 656 cirea
1054 592 1168 656 medias
1191 593 1392 675 longitudines
1414 597 1500 661 velo-

152 679 214 744 cior
232 681 326 761 J'usto.
471 739 473 744 ,

239 771 347 847 Dices,
380 772 522 851 proficere
554 791 609 834 nos
632 770 660 832 in
692 771 795 852 pejus,
829 792 895 834 cum
919 791 985 852 cap.
1009 771 1154 834 XLVIII.
1187 748 1309 852 propius
1342 730 1502 837 veritatem

152 861 321 924 venerimus
344 879 410 922 cum
435 862 550 924 effectu.
597 859 691 941 Atqui
715 879 731 922 o
755 860 848 936 boue,
884 861 910 923 si
934 862 971 923 de
994 862 1103 923 effectu
1127 861 1238 924 sollicit
1225 870 1274 923 tus
1298 882 1414 938 essem,
1444 884 1502 945 po-

150 960 248 1013 teram
273 958 338 1013 toto
361 950 418 1012 hoe
441 950 544 1012 labore
568 948 774 1028 supersedere,
797 957 956 1012 contentus
979 950 1138 1032 hypothesi
1161 951 1283 1012 vicaria
1330 950 1415 1014 Scito
1438 953 1500 1014 ita-

151 1059 218 1122 que,
243 1041 321 1122 quod
344 1040 374 1102 hi
398 1059 512 1102 errores
534 1037 585 1099 via
608 1039 692 1100 nobis
717 1039 809 1101 futuri
830 1039 892 1101 siut
908 1040 947 1100 ad
965 1040 1135 1102 veritatem.
1172 1040 1295 1104 Interim
1313 1041 1370 1103 hoc
1389 1050 1504 1105 certum

151 1129 239 1193 nobis
262 1139 338 1202 esto,
362 1149 417 1191 nos
441 1129 562 1191 taudem
586 1127 745 1209 aliquando
768 1129 911 1211 physicas
934 1149 1051 1205 causas,
1075 1148 1151 1209 qnae
1174 1128 1261 1190 nobis
1284 1137 1355 1192 snut
1377 1132 1407 1192 in
1426 1150 1501 1213 sup-

151 1219 253 1302 posito
284 1238 350 1300 cap.
374 1219 480 1293 XLV,
515 1217 592 1279 citra
624 1236 754 1278 errorem
784 1236 901 1279 omnem
924 1218 963 1279 ad
987 1219 1118 1280 calculos
1143 1236 1277 1281 vocasse.
1325 1218 1421 1282 SImul
1444 1240 1501 1281 au-

155 1321 218 1370 tem
248 1309 438 1371 confirmatur
466 1314 498 1368 et
526 1307 660 1385 superior
691 1325 757 1386 cap.
780 1305 913 1370 XLVII.
948 1308 1099 1382 calculus,
1133 1307 1180 1369 cui
1209 1309 1268 1370 iste
1302 1308 1504 1390 aequipollet:

154 1405 326 1480 certumque
361 1406 425 1471 est,
455 1415 531 1478 quae
561 1396 624 1458 illle
660 1403 692 1457 ut
723 1394 930 1476 dysupsrpqro
960 1393 1102 1476 suspecta
1124 1397 1297 1472 habuimus,
1321 1398 1396 1460 uihil
1418 1398 1506 1462 uobis

152 1487 295 1550 sensibile
319 1486 565 1550 incommodasse
611 1486 737 1566 Itaque,
770 1485 796 1546 si
820 1486 890 1567 quid
914 1494 1053 1566 superest
1076 1485 1296 1565 discrepantiae
1319 1486 1425 1549 harum
1448 1506 1505 1550 ae·

152 1577 329 1660 qualitatum
352 1598 371 1638 a
394 1575 533 1650 veritate,
557 1574 587 1656 id
610 1593 669 1636 non
692 1573 833 1637 methodo
856 1576 1031 1637 numerandi
1058 1574 1260 1650 tribuendum,
1289 1576 1345 1638 sed
1373 1575 1507 1658 opinioni

153 1686 220 1748 cap
243 1665 350 1742 XLV,
387 1665 465 1728 unde
497 1649 592 1726 fluunt
614 1663 645 1724 hi
668 1663 799 1726 numeri:
823 1683 882 1726 uon
906 1665 985 1766 quod
1007 1663 1112 1726 statIm
1135 1664 1233 1746 opinio
1257 1665 1325 1745 ipsa
1341 1672 1408 1728 tota
1427 1665 1507 1727 falsa
1545 1696 1549 1700 ‡

153 1757 205 1830 sit,
229 1756 283 1818 sed
306 1756 384 1836 quod
407 1753 527 1818 nimium
550 1753 690 1815 fuerimus
713 1753 904 1833 praecipites,
929 1753 978 1834 qui
992 1771 1052 1816 non
1068 1761 1246 1835 exspectata
1260 1755 1505 1817 observationum

155 1845 305 1908 decisione
328 1845 474 1926 plenaria,
497 1843 601 1905 statim
623 1851 712 1923 atque
736 1841 954 1917 intelleximus,
978 1842 1037 1906 iter
1059 1843 1202 1923 planetae
1226 1843 1312 1904 orale
1336 1863 1413 1920 esse,
1436 1861 1506 1906 oer-

154 1943 216 1998 tam
245 1933 340 1997 ovalis
369 1933 570 2015 quantitatem
592 1933 729 2012 (propter
758 1931 853 1994 solam
876 1951 1033 1994 causarum
1057 1931 1248 2013 physicarum
1272 1932 1505 1996 concinnitatem

155 2035 187 2090 et
214 2023 380 2104 gratiosam
407 2023 489 2085 illam
518 2021 762 2102 aequabilitatem
785 2027 884 2082 motus
907 2021 1081 2101 epicyclici,
1116 2021 1195 2083 falso
1217 2030 1320 2086 tamen
1343 2022 1504 2096 creditam)

156 2112 217 2178 arri
239 2113 345 2176 nimus:

216 2134 401 2274 pQuomodo
424 2207 524 2262 autem
548 2197 705 2262 verissima
728 2197 854 2278 denique
878 2199 1031 2260 sententia
1053 2199 1095 2260 sit
1118 2197 1157 2260 ad
1179 2189 1312 2262 calculos
1327 2200 1505 2275 revocanda,
1588 2182 1592 2191 ’

156 2301 188 2356 et
222 2311 289 2356 curu
324 2291 407 2352 hisce
443 2297 526 2368 caput
503 2285 593 2350 tib'us
626 2287 842 2349 conformanda
877 2306 967 2382 quam
997 2288 1148 2367 proxime,
1199 2307 1254 2351 suo
1289 2289 1354 2351 loco
1391 2289 1508 2352 dicetur
1598 2278 1603 2300 '

155 2384 590 2457 (eap.uvl.nvm.u1x.tx).
636 2376 706 2438 Jam
736 2383 891 2456 pertexam
924 2365 1151 2458 explicationem
1174 2377 1353 2460 reliquomm
1374 2397 1507 2474 meorum

155 2480 324 2536 conatuum.

739 2661 925 2674 *a*

736 2842 855 2944 Caput
885 2840 927 2915 L.
991 2845 993 2850 ’

268 3002 325 3073 De
348 3002 424 3069 aliia
445 3022 502 3067 aec
524 3002 629 3067 modis
651 3004 852 3087 aequaliorem
874 3002 1039 3067 ceresarios·
1060 3001 1244 3066 ambiendi
1265 3004 1400 3066 omma

244 3128 294 3192 Ex
316 3132 374 3211 hac
398 3130 507 3191 tritura
531 3128 704 3208 quantulum
729 3126 869 3189 frumeuti
893 3142 1032 3187 acervum
1054 3124 1249 3205 collegimus?
1285 3125 1330 3188 At
1343 3128 1411 3189 vide
1427 3146 1505 3191 nunc

155 3220 248 3284 etiam
269 3221 421 3299 ingentem
445 3218 618 3298 siliquarum
642 3210 798 3279 cumulum.
842 3212 1017 3292 Debuerant
1039 3214 1103 3276 ista
1123 3214 1229 3281 referri
1252 3215 1307 3278 sub
1329 3216 1505 3297 principium

155 3330 222 3391 cap.
245 3308 392 3383 XLVIII,
419 3326 453 3368 eo
478 3308 565 3388 quod,
590 3314 752 3387 autequam
768 3324 855 3367 arcus
871 3304 940 3366 viae
955 3302 1074 3365 ovalis
1065 3313 1163 3366 ruvest
1165 3305 1287 3384 lgarem,
1310 3303 1352 3366 ist
1353 3324 1372 3365 a
1387 3311 1504 3368 tracta-

155 3400 258 3462 verim.
304 3396 367 3460 Sed
397 3397 493 3460 lubuit
521 3416 676 3459 secernere
706 3394 781 3460 lucis
811 3414 911 3458 causa
959 3390 1155 3462 Quinetiam
1178 3394 1265 3456 utilia
1285 3393 1388 3474 aliqua
1409 3413 1505 3475 grana

154 3488 304 3551 iuventuti
327 3505 438 3549 sumus.

321 3614 328 3636 ’·
358 3610 472 3675 Primi
505 3617 541 3671 et
571 3606 722 3673 secundi
757 3607 851 3669 modi
880 3625 1082 3687 processus
1114 3606 1186 3668 fuit
1216 3606 1300 3669 iste.

242 3719 344 3783 Primo
367 3710 704 3791 ecceutricitate9165,
729 3722 871 3796 quaeest
893 3716 983 3794 paulo
1006 3714 1103 3775 minor
1122 3714 1216 3792 justo,
1239 3713 1376 3797 quaesivi
1399 3731 1503 3775 omues

155 3808 319 3873 distantias
353 3808 515 3871 secundum
548 3805 643 3867 doct
605 3814 715 3868 trrnam
744 3822 808 3884 cap.
841 3801 967 3877 XXIX,
998 3823 1074 3884 qnae
1106 3804 1331 3884 respondebant
1361 3802 1505 3882 gradibus

155 3899 282 3980 Integris
306 3897 486 3970 anomaliae,
511 3896 589 3957 iuter
612 3893 741 3957 mediam
762 3900 795 3954 et
817 3911 888 3953 vere
912 3900 1108 3974 coaequatam
1131 3892 1229 3955 medio
1244 3893 1311 3955 loco
1333 3892 1503 3955 versantis

155 4009 244 4070 quam
267 3989 325 4051 etsi
348 3987 497 4049 interdum
517 3992 717 4075 coaequatam
740 3982 876 4063 appello,
899 3979 1101 4044 conditionem
1123 3989 1225 4044 tamen
1247 3982 1336 4057 addc),
1360 3982 1440 4063 quod
1463 3981 1505 4043 sit

154 4086 273 4141 tantum
296 4076 451 4139 distantiis
484 4066 658 4137 destinata:
691 4074 791 4154 itaque
825 4066 1091 4173 distantiariamU
1115 4073 1243 4154 appello
1290 4072 1327 4134 In
1350 4071 1503 4133 schemate

155 4167 253 4230 altero
268 4185 333 4248 cap.
341 4165 462 4230 XLVI
481 4169 549 4235 (99.)
569 4171 617 4225 est
631 4160 888 4243 angulusFAB3'
880 4180 910 4222 ru
923 4160 1078 4222 schemate
1093 4162 1229 4241 sequenti
1245 4160 1338 4226 OAD.
1364 4160 1503 4224 Secundo

155 4256 291 4338 quaesivi
322 4255 429 4318 tertias
460 4252 701 4334 pmportionales
733 4250 844 4324 lineas,
877 4268 953 4330 quae
976 4249 1020 4310 sic
1049 4258 1153 4311 essent
1179 4250 1331 4333 quaelibet
1352 4250 1393 4312 ad
1416 4270 1501 4313 suam

154 4346 341 4421 distantiam,
347 4352 399 4421 ut
419 4344 495 4405 haec
519 4340 666 4405 distantia
688 4340 726 4402 ad
749 4296 867 4401 radiuhr
893 4333 1031 4401 100000.
1078 4338 1182 4400 Tertio
1206 4347 1238 4401 et
1268 4346 1375 4421 quarto
1398 4338 1502 4402 addidi

154 4436 252 4498 lineas
276 4434 415 4497 inventas
448 4431 619 4512 sigillatim,
651 4428 765 4510 fuitque
798 4446 914 4490 summa
941 4427 1155 4489 distantiarum
1177 4424 1370 4504 35924252,
1403 4429 1501 4491 minus

155 4545 243 4607 quam
267 4520 459 4596 36000000;
483 4538 605 4582 causam
627 4518 721 4580 habes
745 4517 843 4598 capite
813 4514 935 4578 tXL.
981 4515 1105 4580 Summa
1133 4536 1204 4579 vero
1233 4518 1501 4600 proportionalium

154 4614 279 4677 inventa
301 4620 350 4674 est
372 4606 556 4684 36000000,
581 4606 659 4689 quod
682 4607 787 4670 iciunm
810 4624 858 4668 me
880 4604 983 4667 habet
1027 4604 1071 4667 Ει
1093 4605 1163 4688 qnia
1186 4607 1335 4682 delectat,
1358 4606 1444 4687 cupio
1467 4612 1502 4667 ut

154 4700 213 4767 hoc
234 4703 281 4765 ita
302 4719 426 4765 necesse
450 4716 533 4787 esse
550 4702 705 4779 geometra
737 4694 887 4776 quispiam
920 4694 1117 4759 demonstret.
1164 4692 1286 4762 centris
1306 4698 1348 4771 A,
1371 4695 1398 4758 B
1421 4694 1499 4756 scri-

243 4894 271 4969 *)
291 4898 353 4953 Etsi
367 4897 549 4969 quantitatem
563 4894 670 4951 obtinet
683 4892 799 4948 mediam
812 4891 885 4947 inter
896 4892 1028 4965 reliquas,
1043 4908 1112 4949 aare
1126 4899 1221 4950 tarneu
1233 4894 1347 4950 mediam
1363 4891 1498 4962 appelles.

155 4980 249 5037 Iledis
267 4977 339 5036 enim
358 4980 468 5051 proprie
489 4985 533 5033 est
552 4993 649 5033 nomen
669 4974 807 5046 temporis.
