3517 5525
655 424 810 491 Immanis
832 419 955 491 capitum.
1415 419 1477 491 169

121 600 214 663 partlm
239 601 397 652 oecmionesn
417 602 545 666 praebent,
564 608 656 653 natura
671 605 698 653 in
716 602 816 653 dubium
833 602 959 661 adducta,
984 602 1017 652 ad
1041 607 1150 653 mentem
1168 603 1325 661 traumundi,
1352 610 1381 654 nt
1398 610 1476 669 appa·¹

122 677 188 727 Mt,
219 684 256 721 an
279 678 309 723 et
331 689 379 739 qno
403 680 479 737 pacto
500 688 571 723 mens
593 676 804 726 eecentrioitstem
827 674 939 725 librando
956 679 1032 739 queat
1049 673 1156 726 edicere.
1205 670 1249 733 13)
1277 674 1366 739 ltaque
1390 678 1476 739 positis

122 754 187 805 quaa
224 750 286 793 suut
309 758 367 809 cap.
397 744 464 795 LVI.
492 747 628 796 cerduime
652 746 837 804 demonstrata,
862 761 959 796 versum
986 746 1065 794 sinum
1092 744 1232 797 anomaliae
1261 748 1370 797 eccentri
1396 747 1478 797 metiri
1517 768 1523 779 =

121 812 299 873 strationem
321 816 503 867 demonsuamr
525 819 581 879 jam
601 818 682 867 sinam
703 832 800 868 rossum
821 817 964 869 memmiae
981 822 1134 881 coaequatae
1149 818 1230 866 metiri
1241 817 1419 867 incrementum
1432 832 1475 881 ap·

122 886 234 948 pueutia
254 886 370 937 diameui
387 886 460 951 Solis,
477 887 524 938 hoc
538 896 578 938 est
588 903 638 938 nun
657 895 754 938 tantm
771 890 880 953 incipere
898 889 982 953 augeri
996 894 1157 951 apparentem
1170 885 1232 938 Solis
1251 888 1406 947 diametrum,
1421 902 1476 939 cusu

122 956 211 1019 iscipu
222 958 294 1007 unm
310 973 394 1009 sersus
413 959 553 1009 memmiae
567 966 730 1024 coaequatae,
749 968 776 1010 et
792 962 924 1010 maximam
942 958 995 1009 fieri
1014 974 1069 1009 cnm
1087 958 1126 1009 hic
1145 966 1184 1017 est
1195 960 1324 1019 maximus,
1345 960 1477 1011 sedetiam

121 1027 233 1077 madiam
243 1030 349 1081 aalma
361 1032 427 1081 iuter
438 1038 570 1089 ermom,
582 1045 638 1081 cum
647 1033 716 1081 mnus
725 1046 808 1081 versus
816 1030 956 1081 anomaliae
966 1036 1119 1095 coaequatae
1127 1036 1165 1079 est
1173 1030 1363 1089 semidiameter,
1375 1046 1476 1081 anoma-

122 1097 173 1147 liae
190 1100 304 1151 eeeantri
319 1102 376 1151 siau
392 1116 462 1151 rerso
474 1104 637 1163 tnncmalore
651 1103 780 1153 sustento.
803 1101 846 1164 ll)
859 1100 1008 1151 contrahoc
1017 1102 1148 1151 siunrerso
1158 1102 1297 1151 anomaliae
1307 1104 1414 1153 eccentri
1424 1104 1475 1155 exi·

121 1175 207 1221 aas·
218 1172 415 1233 semidiametro
425 1172 614 1227 demutatus.
625 1174 772 1223 diametrum
780 1181 943 1237 apparentem
950 1171 1014 1221 Solis
1024 1171 1104 1223 adhuc
1114 1174 1233 1221 minorem
1242 1187 1305 1231 esse,
1315 1174 1430 1237 qnoniam
1440 1180 1478 1223 est

122 1240 208 1291 madia
219 1242 287 1293 inter
296 1251 426 1295 mamas.
447 1243 489 1306 ¹2)
503 1244 539 1295 Ut
553 1244 852 1299 mandamnmensnrarn
863 1245 930 1294 hanc
940 1259 994 1294 esse
1004 1242 1189 1293 convenientem
1198 1250 1224 1307 et
1233 1242 1476 1309 comprehensibilem

122 1326 268 1363 masuram
283 1316 361 1365 menti
371 1315 497 1380 maestae,
514 1317 619 1380 primum
632 1317 768 1365 instituitur
782 1315 880 1365 collatio
895 1318 958 1365 inter
969 1315 1117 1365 anomaliam
1127 1316 1234 1364 eccentri
1243 1324 1268 1365 et
1276 1316 1424 1365 anomaliam
1434 1331 1474 1365 co·

123 1390 270 1448 aequam
289 1394 315 1436 et
323 1394 431 1451 negauit
443 1387 561 1453 angmnm
573 1386 713 1437 anomalae
725 1388 843 1446 ecoentri,
861 1388 882 1436 si
894 1402 936 1450 pro
950 1400 1065 1436 mensura
1077 1385 1173 1435 oblatus
1185 1384 1279 1447 luisset,
1301 1400 1316 1435 a
1328 1394 1410 1437 mente
1419 1388 1476 1451 pla-

121 1461 199 1506 natae
211 1457 388 1523 cumprehde
397 1460 513 1523 potuisse.
539 1454 583 1519 13)
599 1458 781 1509 almumaliae
790 1464 944 1522 coaequatae
953 1458 1078 1522 angulum,
1094 1460 1162 1519 cnjus
1174 1458 1474 1521 sinusrersusproportio·

122 1534 199 1577 natm
218 1536 355 1594 agmento
373 1528 487 1581 diameui
506 1527 578 1584 solis.
596 1528 770 1594 cumprehendi
787 1544 805 1580 s
820 1535 905 1579 mente
923 1530 1047 1593 planetae,
1066 1526 1193 1592 probabile
1206 1526 1319 1577 efficitur.
1353 1524 1397 1590 11)
1415 1528 1476 1579 Cum

123 1604 210 1649 amam
229 1614 280 1649 non
298 1598 340 1649 hio
358 1601 472 1666 anquina,
490 1600 536 1651 sed
554 1603 607 1662 eius
624 1602 692 1651 sium
710 1615 793 1651 versus
810 1602 928 1651 metiatm
946 1602 1123 1649 lucrementum
1142 1600 1256 1649 dlametri
1270 1598 1348 1657 Solis,
1371 1600 1473 1650 rationi·

122 1668 167 1719 bas
185 1676 214 1719 et
231 1672 365 1736 suppositis
382 1671 490 1736 physicis
507 1671 672 1736 exemplisque
690 1686 771 1723 rernm
788 1672 938 1722 naturalium
957 1670 1107 1728 ostenditur,
1135 1670 1260 1734 probabile
1280 1685 1347 1729 esse,
1365 1678 1474 1721 menum

122 1741 244 1803 planetu
272 1742 480 1806 conprehendere
504 1757 576 1807 posse
600 1744 681 1792 dnum
706 1742 743 1805 (id
767 1751 805 1814 est
828 1742 929 1807 physice
947 1738 1126 1803 fortitudinem)
1147 1738 1231 1807 an'gsnli
1248 1740 1328 1805 hujus.
1367 1740 1411 1805 lb)
1429 1740 1472 1793 Iu·

121 1813 237 1865 atitainr
260 1812 413 1878 eompuatie
431 1814 535 1865 ducrum
552 1812 677 1865 memsam
694 1814 817 1865 meeum
835 1814 991 1875 auditorum,
1009 1812 1096 1878 quibua
1114 1820 1194 1862 motus
1212 1813 1403 1877 planetariorum
1422 1828 1474 1863 cor·

121 1899 213 1949 pom
230 1885 330 1949 proprii,
349 1885 397 1937 hoc
416 1893 455 1937 ast
470 1885 614 1936 librationes
632 1884 807 1949 perficiantur:
825 1900 927 1950 quornm
946 1885 1017 1935 alteri
1036 1893 1134 1939 natura,
1153 1882 1245 1947 reliquo
1263 1891 1395 1935 manserat
1404 1899 1476 1949 prae·

121 1956 224 2019 posita:
243 1962 271 2008 et
288 1956 442 2007 concluditur
460 1958 567 2021 deniqne
583 1971 628 2021 pro
645 1964 744 2013 natura,
761 1957 893 2021 repudiata
911 1962 1003 2007 mente.
1045 1952 1087 2017 13)
1105 1954 1174 2005 Inter
1192 1964 1339 2021 argumenta
1356 1956 1428 2019 huius
1440 1954 1476 2005 rei

121 2028 286 2093 parumn
303 2034 344 2079 ast
360 2029 510 2080 incertitudo
527 2028 688 2095 geometuca,
706 2026 815 2077 ιάιιιίιιι
832 2029 858 2077 ln
875 2027 925 2078 hac
943 2028 1022 2077 iorma
1039 2033 1120 2077 motus
1138 2040 1181 2090 per
1198 2028 1360 2077 ministerium
1370 2029 1475 2077 mentis:

122 2112 190 2164 quae
218 2099 364 2164 explicam
402 2097 447 2161 st)
474 2098 627 2156 ostenditur,
646 2112 677 2149 ex
699 2113 732 2149 ea
755 2098 930 2149 moerendos
948 2100 1052 2149 existere
1070 2112 1141 2161 posse
1160 2098 1315 2147 occasionem
1334 2113 1476 2165 progressus

123 2169 287 2234 apheliornm.
324 2170 376 2222 Sed
393 2170 453 2236 quia
469 2184 545 2235 supra
562 2168 629 2235 (cap.
648 2168 762 2231 XXXV.)
781 2170 831 2219 alia
849 2184 927 2220 causa
943 2184 1085 2235 progressae
1104 2167 1255 2232 aphelicrnm
1274 2170 1401 2220 insinuata
1419 2168 1475 2227 fnit,

122 2240 181 2292 idac
198 2242 240 2292 hic
258 2242 288 2293 bt
304 2243 457 2307 compactio
474 2244 601 2305 utriusque
619 2248 646 2290 et
662 2242 809 2301 ostenditur,
827 2240 906 2304 solnm
923 2243 1101 2307 interpositum,
1121 2240 1142 2290 si
1155 2240 1271 2291 efficacia
1287 2241 1333 2306 ipsi
1352 2241 1476 2306 rahnqna-

122 2319 165 2363 tar
192 2313 292 2379 aliqua,
319 2328 475 2379 progressum
499 2312 651 2377 epheborum
672 2328 724 2363 non
751 2314 861 2369 causari.
890 2327 971 2379 neque
998 2312 1128 2363 sinatnra
1145 2326 1223 2377 neque
1242 2312 1263 2361 si
1280 2327 1350 2363 mens
1367 2318 1475 2364 moreat.

124 2381 172 2446 18)
200 2384 291 2449 ltaque
318 2384 456 2436 limitantur
482 2386 617 2449 positiones
642 2384 769 2449 phyriona,
797 2400 830 2437 ne
854 2382 922 2433 aliud
950 2382 1042 2449 aliquid
1066 2390 1157 2435 noceat
1179 2384 1339 2448 interpositio.
1379 2380 1423 2445 13)
1441 2382 1477 2435 Ut

123 2462 214 2506 autam
228 2456 287 2507 binc
306 2471 364 2509 esse
380 2458 460 2521 possit
475 2470 617 2522 progressus
644 2455 753 2519 aphelii,
781 2456 935 2513 ostenditur,
959 2454 1132 2506 associandum
1156 2469 1210 2506 esse
1236 2454 1391 2519 interpositni
1417 2453 1477 2505 illud

121 2526 252 2591 peculiare
268 2529 360 2579 menda
377 2542 455 2592 opus,
474 2528 540 2593 qued
557 2542 624 2577 unna
645 2524 686 2575 17.
705 2535 734 2577 nt
751 2528 883 2578 absurdum
901 2527 1066 2589 rejiciebatur.
1101 2524 1157 2588 Quo
1175 2532 1204 2576 nt
1220 2526 1357 2585 liberemur,
1377 2524 1475 2577 concin-
1563 2553 1574 2561 -

124 2599 192 2651 dtur
208 2614 254 2663 pso
270 2614 304 2651 aa
320 2602 454 2658 renuntia,
473 2613 539 2663 quae
555 2614 622 2648 unm.
641 2595 667 2647 t
692 2606 798 2651 naturae
816 2600 984 2663 maumonpsit
1001 2603 1095 2649 motum
1113 2596 1213 2663 aphelii.

215 2685 291 2752 (lap.
309 2686 402 2737 tvm.
432 2685 461 2748 1)
471 2686 578 2737 Inventa
587 2700 648 2736 resa
658 2687 755 2737 ratium
765 2686 903 2737 libratim
920 2686 1037 2751 planetae
1055 2686 1200 2745 ostenditur,
1217 2686 1338 2752 quomodo
1350 2692 1477 2737 asstante

123 2759 205 2824 ponit
227 2758 296 2810 effici
321 2759 402 2810 orbita
418 2758 536 2823 planetae
554 2756 705 2822 (composita
721 2774 753 2809 ex
769 2766 873 2824 numne
890 2767 975 2822 motu,
1002 2758 1192 2811 circumlationis
1214 2758 1311 2812 scilicet
1327 2757 1474 2812 etlibratio·

123 2827 177 2892 η’)
196 2831 274 2881 mum
291 2831 372 2880 torma
387 2831 509 2889 buccam
527 2838 554 2880 et
571 2829 692 2896 quomedo
709 2845 753 2894 pes
771 2830 927 2881 verisimilem
945 2846 1050 2884 errorem
1068 2832 1093 2880 in
1110 2829 1176 2882 hano
1194 2831 1326 2882 buccosam
1339 2831 1476 2882 inciderim.

126 2899 157 2963 2)
191 2900 241 2952 llla
257 2902 338 2954 orbita
355 2903 443 2953 «rous
461 2903 572 2968 arguitm
588 2915 635 2964 por
652 2902 829 2966 aequationes,
857 2903 919 2952 reris
938 2902 1062 2952 distanffis
1089 2903 1264 2961 emsmntibnn
1292 2908 1379 2954 eontra
1403 2915 1478 2967 qnam

124 2973 264 3031 hactenns,
292 2973 390 3039 wando
415 2987 512 3038 semper
535 2975 563 3023 in
585 2972 712 3023 mamea
736 2980 764 3023 et
785 2975 811 3022 in
837 2975 1026 3038 aequatmmbna
1043 2973 1115 3024 simul
1133 2973 1269 3026 errabatur.
1307 2971 1335 3036 3)
1356 2973 1477 3032 Ostende,

124 3045 249 3109 quemodo
271 3047 343 3110 qnasi
366 3045 435 3095 alind
460 3058 538 3110 qens
560 3049 587 3094 at
608 3049 727 3094 resumta
750 3044 829 3111 ellipsi
851 3059 957 3095 amorem
978 3046 1079 3110 ignarus
1102 3048 1255 3096 correxerim.
1291 3041 1320 3107 1)
1338 3045 1478 3096 Buccosam

126 3116 195 3167 effici
218 3116 324 3166 orbitam
349 3131 380 3166 ex
401 3116 531 3180 hypothesi
550 3129 654 3166 erronea
670 3115 731 3164 mihi
748 3117 851 3170 usitata,
869 3115 1056 3168 demonstratur.
1094 3113 1122 3178 5)
1142 3117 1176 3166 At
1193 3117 1252 3182 qnia
1270 3116 1350 3167 orbita
1368 3115 1479 3180 alliptica

126 3188 290 3253 mustiones
306 3189 388 3250 justu
406 3187 552 3247 exhibebat,
569 3187 646 3253 igitur
661 3185 817 3238 librationem
833 3188 861 3236 in
878 3187 984 3238 orbitam
1001 3187 1134 3239 bucconem
1152 3187 1315 3240 deformatam
1332 3189 1359 3238 in
1377 3187 1477 3238 dubium

123 3259 224 3309 reniam
241 3259 385 3310 ostenditur.

215 3329 290 3398 Gap.
308 3329 374 3380 LIX.
412 3326 441 3391 1)
458 3329 578 3394 Ellipseos
596 3329 733 3394 geomeuia
749 3329 955 3393 propositionibus
974 3326 1019 3384 tt.
1038 3329 1125 3394 quibus
1151 3325 1179 3390 2)
1198 3328 1391 3386 demonstratur,
1418 3344 1475 3392 pro·

124 3401 248 3466 poffloue
267 3399 311 3452 11.
326 3417 377 3452 aon
394 3403 476 3452 minna
492 3415 567 3466 quam
584 3401 611 3450 in
628 3399 743 3459 enema,
762 3413 817 3466 cap.
828 3399 919 3452 LVIII.
932 3400 1074 3451 Introdnota
1085 3405 1112 3451 et
1124 3400 1240 3450 hhitatis
1258 3402 1381 3460 condas,
1400 3401 1476 3452 etiam

125 3475 152 3523 in
170 3472 251 3538 ellipsi
268 3474 380 3537 perlaeta
396 3474 480 3524 inesse
497 3473 631 3522 &untias
647 3469 819 3522 liblatienibus
836 3473 985 3524 comtimtas
1002 3477 1028 3522 et
1037 3472 1245 3522 observationibus
1256 3472 1362 3522 hohas.
1386 3471 1476 3538 Itaque
1506 3519 1511 3524 .

126 3559 184 3595 mm
205 3544 299 3609 ellipsis
322 3551 350 3596 et
373 3545 505 3596 demum
526 3550 638 3608 praestet
659 3545 884 3608 etaaqnationes,
903 3543 1008 3594 orbitam
1031 3545 1107 3608 igitur
1123 3543 1240 3607 planetae
1258 3557 1313 3594 esse
1332 3543 1475 3606 ellipticam.

126 3613 155 3677 3)
173 3615 288 3666 Indidem
306 3615 488 3666 demonstratur
504 3629 573 3680 prop.
592 3613 649 3666 ΧΗ.
668 3628 754 3665 amam
778 3615 869 3680 ellipsis
892 3627 948 3667 esse
965 3616 1168 3679 patientissimam
1185 3629 1325 3665 mensnram
1343 3615 1475 3665 dhtantia·
1512 3663 1513 3666 ,

125 3703 181 3737 sam
198 3687 291 3752 ellipsis
309 3701 411 3738 monum
428 3687 595 3752 inaequalium
612 3686 697 3736 uranii
716 3686 859 3751 aequalibus
876 3687 1085 3750 respondentium·
1122 3683 1152 3748 1)
1176 3685 1303 3738 &latione
1328 3688 1473 3748 objectionis

127 3759 159 3810 de
177 3759 283 3810 mentm
301 3759 414 3824 ellipaeoa
431 3758 604 3826 inaequalibus
620 3757 757 3808 “tenditur
772 3773 842 3822 prop.
859 3757 929 3808 xm.
947 3759 1044 3822 ellipsin
1061 3757 1127 3808 hanc
1142 3759 1266 3822 principiis
1278 3757 1385 3822 physicis
1398 3759 1475 3822 partin

126 3832 219 3880 tertiae
236 3832 386 3881 mamnuim
403 3829 562 3880 concordare.
598 3826 628 3892 a)
645 3832 725 3879 Arous
742 3829 855 3893 ellipaeoa
872 3829 1041 3880 tausinandos
1058 3843 1102 3896 per
1120 3829 1251 3880 ordinatim
1269 3829 1407 3894 applicatas
1417 3843 1474 3894 qra-

124 3903 199 3953 dm
223 3901 308 3952 cuculi
332 3901 514 3952 demonstratum
539 3915 607 3965 prop.
625 3899 694 3959 xlv,
722 3900 753 3951 de
771 3901 842 3951 initio
860 3907 887 3950 et
903 3899 934 3950 de
951 3901 1002 3952 line
1020 3901 1163 3964 quadranti·
1181 3896 1276 3951 duabus
1292 3899 1410 3964 perlectis
1430 3900 1473 3952 de·

121 3973 352 4031 monstrationibus
373 3974 404 4024 de
421 3984 550 4038 progressu
568 3987 625 4022 rere
642 3971 787 4022 Intermedio
805 3971 980 4036 imperfectius,
998 3987 1042 4035 pes
1060 3965 1180 4035 ἔνδειξιν
1191 3979 1276 4022 tamen
1291 3973 1353 4022 satis
1365 3971 1474 4022 luculen·
1512 3985 1525 4002 ‘

122 4052 187 4095 um:
216 4045 260 4096 nbi
287 4050 450 4110 provocantur
475 4050 626 4111 mnsam.
658 4038 687 4105 t)
708 4042 785 4094 Hisce
803 4043 932 4101 conolmia,
960 4045 1106 4108 praesertim
1123 4044 1168 4100 iis,
1194 4055 1257 4107 qnae
1275 4057 1341 4093 num.
1361 4039 1386 4092 3.
1406 4041 1474 4094 dicta

121 4123 188 4175 sunt,
207 4124 234 4168 et
251 4116 376 4178 adhibitis,
395 4131 460 4182 qnae
476 4123 536 4166 sunt
553 4131 620 4165 num.
641 4114 666 4176 i,
685 4113 865 4165 demcmtratnr
883 4129 920 4165 eo·
931 4114 1035 4180 amplius
1052 4113 1184 4179 prop-XV.
1203 4127 1287 4164 meam
1304 4115 1380 4178 ipsius
1393 4116 1470 4166 etlam

123 4188 208 4239 monii
225 4200 281 4238 esse
298 4189 503 4253 ”munimem
519 4200 662 4238 masuram
678 4185 864 4238 dhtanumum.
883 4199 946 4250 qnae
965 4187 1070 4236 ucnbns
1092 4185 1203 4248 ellipseos
1227 4185 1395 4250 inaequalibus
1414 4183 1470 4251 (per

125 4259 256 4310 ordinatim
265 4259 405 4324 applicatas
420 4259 561 4325 aequalium
572 4272 676 4310 arcuum
687 4257 772 4308 cisami
784 4255 934 4318 constitutis)
948 4259 1113 4323 asugnantur,
1133 4265 1269 4308 attestante
1288 4265 1314 4307 et
1328 4259 1471 4323 operatione

124 4340 293 4381 numerorum:
312 4345 360 4396 qno
377 4337 480 4398 unoque
497 4329 571 4380 modo
589 4336 616 4380 et
632 4329 842 4380 observationibus
859 4327 957 4379 ausit.

213 4418 291 4484 (lap.
310 4417 365 4470 Lx.
405 4415 432 4482 1)
450 4419 488 4470 Ex
506 4419 681 4468 demonstratis
699 4430 754 4482 cap.
773 4415 838 4468 LIX.
855 4416 985 4468 methodus
1001 4417 1155 4468 constituitur
1168 4417 1351 4481 aequationnm.
1377 4415 1406 4477 2)
1419 4415 1471 4467 De·

125 4491 411 4556 monstrats'opraeceptl,
424 4490 545 4556 quomodo
553 4505 585 4541 ex
595 4489 908 4541 dataanomallaaecentri
918 4489 1031 4540 elchatur
1040 4489 1417 4540 anomaliamediaetenomalia
1427 4501 1468 4537 co·

127 4569 242 4630 aequata
254 4558 283 4623 3)
292 4561 363 4612 Data
371 4569 511 4628 coaequata
520 4567 547 4611 et
556 4561 742 4612 eooentricitate
751 4561 871 4624 quomodo
882 4560 995 4610 eliciatur
1003 4560 1127 4610 anomalia
1137 4560 1422 4616 eccentri,moduaunos,
1432 4559 1473 4624 qul

126 4633 237 4684 mnititnr
250 4633 413 4698 specnIatIoni
424 4633 603 4701 pulcherrimae
613 4633 719 4695 etplane
727 4633 893 4696 geometricae
902 4645 975 4696 super
983 4631 1078 4682 liueolls
1085 4633 1208 4696 ingressus
1217 4631 1333 4695 planetae
1343 4645 1360 4680 a
1367 4631 1471 4680 circum

126 4703 231 4756 wantis
242 4705 327 4756 olreuli
343 4706 377 4755 ad
389 4705 481 4756 hneam
491 4703 613 4769 apsidum,
624 4701 747 4767 habetque
756 4703 862 4768 quinque
873 4703 1061 4768 problemataet
1069 4702 1193 4767 perficitur
1202 4717 1246 4768 per
1254 4700 1400 4766 rectasqula
1409 4715 1470 4766 qna·

128 4775 229 4827 hantis.
265 4772 296 4838 1)
323 4777 382 4827 Alit
406 4777 535 4828 modiolus
561 4775 635 4839 hnjns
658 4773 816 4839 problematis
838 4789 883 4839 per
908 4775 1006 4840 regulas
1030 4774 1177 4837 analyticas.
1214 4773 1242 4832 5)
1260 4773 1329 4827 Data
1346 4771 1472 4823 womalia
1528 4819 1532 4828 ,

129 4849 210 4898 medis
233 4861 279 4898 seu
303 4853 414 4912 tempore
439 4847 581 4898 Inveniendi
608 4845 757 4897 anomrdiam
787 4847 895 4897 comuni
924 4852 951 4897 at
981 4845 1130 4897 anomaliam
1154 4851 1316 4909 coaequatam
1342 4843 1472 4894 methodus

129 4906 244 4985 ἄτεχνος
261 4921 333 4986 quart
350 4933 395 4984 per
411 4919 468 4970 Islsi
485 4919 609 4984 segniam:
627 4925 655 4968 et
671 4930 749 4969 canu
765 4931 809 4968 cnr
825 4916 963 4982 methodus
973 4918 1124 4984 geometrica
1140 4917 1205 4968 uadi
1222 4930 1271 4966 nou
1288 4915 1371 4980 possit.
