3517 5525
245 454 248 461 ,
294 378 340 457 ιιθ
480 366 482 373 ¹
691 398 694 405 ⁴
669 380 813 459 ,ιιιιιιι
829 377 934 455 Κιριιιι
950 328 1105 457 mm.
1117 395 1219 443 munte

293 566 378 633 ιιιιιι
401 576 569 649 φαιιασιιιι
590 566 628 631 de
651 566 770 648 gemino
803 566 913 633 stellae
939 570 1085 661 perigaeo
1107 568 1209 633 causis
1232 568 1302 631 aliis
1323 564 1570 631 concurrentibus
1586 562 1647 627 ad-

287 657 396 738 insere
417 664 529 739 potest.
576 649 682 721 Simile
704 653 753 717 his
776 665 825 721 est
846 666 878 721 et
894 654 1005 739 procul
1018 658 1109 723 dnbio
1124 678 1164 721 ex
1178 657 1284 721 eadem
1299 672 1544 731 massmannus,
1566 646 1648 736 quod

290 745 485 811 Ptolemaeus
509 746 632 828 ejusque
654 746 704 809 hic
727 744 892 811 imitator
883 768 915 810 ιι
941 748 1004 810 alia
1032 747 1194 831 hypothesi
1224 742 1647 829 (inpernicusttlt.V1)rh·

198 876 200 885 =
271 834 473 899 ‹clinationes
494 835 683 917 planorum'
674 855 705 911 ιιι
728 834 861 915 planetis
883 836 1044 901 libratione
1067 836 1179 920 aliqua,
1201 856 1278 919 qnae
1302 836 1344 899 sit
1365 832 1546 898 resolutioni
1563 830 1648 895 Solis

293 923 446 1005 ιιιαιογις,
470 924 629 997 instabiles
651 924 788 987 reddunt.
836 926 872 988 Id
889 926 967 989 mihi
991 946 1109 1007 semper
1131 927 1262 989 alienum
1284 946 1304 987 a
1324 933 1434 988 natura
1454 924 1564 1002 ιιιιιι,
1587 920 1648 985 etsi

292 1014 413 1102 quidem
435 1002 650 1077 latitudinum
642 1034 673 1077 ιι
688 1032 754 1077 meo
773 1008 878 1077 libello
894 1036 953 1079 non
969 1016 1028 1079 ieci
1040 1016 1232 1093 mentionem,
1251 1022 1285 1077 at
1299 1012 1506 1097 deprehendi
1498 1032 1529 1075 m
1543 1012 1648 1075 Marte

277 1102 517 1169 ,inclinationem
547 1103 632 1184 plani
663 1104 956 1180 constantissimam,
987 1106 1106 1189 quoties
1135 1105 1166 1167 in
1197 1104 1325 1191 eandem
1355 1104 1454 1165 locum
1485 1097 1648 1165 eccentrici
1705 1112 1710 1119 ·

289 1192 436 1268 recurrit,
499 1212 700 1275 orumcuuqne
724 1194 819 1257 uem
841 1194 1011 1258 recesserit
1048 1194 1164 1258 Idem
1155 1215 1187 1257 ιι
1201 1178 1322 1269 Venere
1345 1200 1378 1261 ιι
1390 1191 1541 1257 Mercurio
1564 1189 1648 1253 cirea
1731 1228 1738 1237 -

291 1283 389 1347 nodos
402 1213 516 1347 ebrssr
539 1282 728 1365 exploratum
749 1282 858 1347 haheo.

378 1372 464 1435 Haec
496 1373 523 1434 si
545 1371 669 1453 Magine
702 1371 903 1445 solertissime
936 1371 1030 1435 fueris
1060 1372 1147 1436 unico
1177 1371 1289 1435 mentis
1320 1371 1430 1435 intuitu
1460 1367 1647 1451 complexus,

289 1480 405 1525 mecum
428 1461 573 1543 equidem.
589 1462 715 1536 ιιιιιιι,
740 1462 869 1525 omnium
894 1463 913 1525 7
936 1461 1135 1537 theoriarnnr,
1167 1462 1248 1543 qnod
1269 1468 1369 1525 motus
1392 1460 1523 1527 siderum
1545 1456 1646 1521 reales

277 1542 410 1626 'attinet
433 1551 561 1613 formam
580 1568 648 1615 esse
673 1550 762 1633 plane
782 1552 909 1614 eandem
931 1570 1057 1633 eamque
1076 1544 1332 1633 simplicissimam
1338 1569 1349 1626 3
1372 1548 1501 1631 quilibet
1517 1546 1597 1612 enim
1615 1544 1647 1607 in

289 1658 350 1704 una
379 1640 566 1703 revolutione
587 1640 865 1705 constantissimum
892 1640 1176 1723 exactissirnnmqne
1197 1640 1342 1703 circulum
1362 1636 1508 1713 decurrit,
1527 1635 1646 1699 tardius

290 1748 391 1810 supra,
408 1729 542 1793 velocius
559 1729 684 1793 ιιιιιιι.
699 1748 725 1791 e.
740 1748 833 1812 prope
847 1729 960 1806 Solem,
980 1730 1068 1811 idque
1084 1750 1143 1794 non
1157 1749 1211 1811 per
1228 1728 1421 1810 phantasiam
1439 1728 1494 1791 sed
1507 1745 1539 1789 re
1561 1743 1659 1787 vera.

289 1820 368 1883 biam
384 1818 487 1900 Tycho
511 1818 603 1883 etiam
624 1818 656 1880 in
669 1820 756 1891 Luna
771 1827 951 1901 aequantem
964 1819 1110 1885 adhibuit.
1149 1820 1198 1882 Ex
1216 1839 1276 1902 qna
1296 1817 1510 1899 concinnitate
1514 1823 1547 1877 et
1568 1813 1645 1877 sim

277 1905 426 1996 'plicitate
458 1909 488 1971 h
513 1926 538 1969 e.
562 1909 747 1989 perfectione
779 1916 914 1972 motuum
944 1907 1121 1971 coelestium
1152 1916 1296 1992 quantum
1328 1908 1496 2009 Cepernice
1526 1902 1646 1968 roboris

267 1997 426 2077 '‘accedat,
450 1998 540 2061 facile
562 1997 720 2079 perspicis.
766 1999 846 2062 Nam
869 1998 928 2061 etsi
950 1997 1054 2081 'tycho
1077 1998 1278 2079 (lopernicum
1300 2017 1389 2079 quarn
1410 1996 1547 2078 proxime
1573 1993 1646 2055 imi

278 2094 372 2149 «tatur
394 2092 441 2149 ιι
448 2095 658 2168 repraesentat
680 2094 798 2149 retenta
821 2087 947 2151 Terra'
938 2108 970 2149 ιι
993 2086 1092 2149 medic
1114 2086 1276 2162 immobili,
1309 2086 1384 2149 illud
1412 2094 1514 2151 tamen
1535 2100 1644 2146 cavere

291 2196 351 2238 non
374 2183 495 2257 potest,
518 2176 590 2257 quin
613 2176 691 2251 vias,
714 2195 769 2278 per
791 2198 866 2259 quas
889 2164 1062 2258 planetae
1052 2196 1085 2239 ιι
1108 2176 1308 2263 liquidissimo
1331 2175 1464 2253 aethere,
1487 2173 1594 2258 quod
1586 2171 1646 2253 rpsi

289 2264 379 2328 facile
403 2266 510 2339 credo,
540 2272 700 2347 gyrantes,
723 2266 877 2347 inspiras
900 2266 1100 2347 inaequaliter
1122 2284 1298 2355 semperque
1322 2265 1413 2327 aliter
1435 2269 1645 2345 contorqueat

278 2357 335 2417 'At
355 2373 417 2418 non
440 2353 508 2417 ideo
532 2354 650 2417 facilior
673 2356 725 2417 liet
746 2355 891 2417 calculus.
917 2356 1007 2419 Jmc
1029 2362 1142 2435 quanto
1171 2362 1262 2437 captu
1289 2353 1409 2437 plenior
1435 2354 1512 2417 haec
1540 2361 1646 2415 astro-

289 2442 407 2507 nomiae
431 2445 537 2519 forma,
560 2452 647 2507 tanto
671 2452 843 2535 camputatn
865 2444 1057 2521 laboriosior,
1079 2446 1203 2507 inventu
1225 2444 1404 2507 intricatior.
1640 2494 1645 2501 .

292 2586 296 2597 .
378 2532 469 2606 Quod
491 2534 532 2597 ad
554 2526 756 2596 inventionem
780 2534 906 2608 attinet,
929 2532 1125 2614 pericnlum'
1116 2554 1146 2595 m
1169 2535 1296 2597 Marte
1312 2533 1393 2611 ¹ieci3
1416 2533 1495 2595 unde
1518 2532 1647 2595 demon·

290 2622 470 2687 strationnm
493 2622 611 2685 initium
632 2623 765 2687 iacerem
786 2643 847 2687 non
869 2622 978 2699 habni,
1009 2629 1096 2687 erant
1125 2624 1225 2687 omnia
1254 2624 1379 2687 incerta
1426 2621 1544 2694 Quodsi
1577 2620 1647 2703 quis

289 2706 441 2776 iomanem
463 2712 630 2794 periclitari
653 2721 685 2776 et
706 2731 948 2797 praesupponere
971 2712 1074 2797 aliqua
1095 2732 1149 2776 ceu
1172 2722 1258 2777 certa
1287 2712 1377 2789 velit,
1407 2730 1502 2794 eaque
1530 2729 1647 2793 suppo·

180 2826 185 2840 ·
289 2803 399 2866 sitione
422 2802 586 2868 identidem
607 2803 726 2866 variata
749 2803 836 2886 quasi
858 2821 913 2885 per
934 2803 1072 2884 regulam
1094 2803 1165 2865 falsi
1187 2804 1335 2885 paulatim
1356 2803 1397 2866 ad
1418 2822 1509 2865 veras
1524 2799 1647 2882 dimen-

288 2891 391 2958 siones
414 2893 610 2967 contendere,
643 2893 688 2955 illi
711 2893 743 2956 in
773 2899 858 2955 tanto
886 2912 1009 2958 numero
1033 2893 1270 2975 quaerendorum
1298 2913 1360 2956 non
1388 2892 1478 2956 facile
1506 2898 1647 2974 apparet,

288 3001 348 3064 qua
368 2981 402 3044 in
423 2990 511 3063 parte
541 2981 638 3045 latest
665 3001 762 3059 error3
795 3001 958 3064 processus
988 3003 1061 3046 vero
1093 2983 1205 3064 singuli
1235 2982 1274 3046 ab
1305 2982 1392 3062 initio
1425 2979 1646 3064 suppositionis

288 3089 383 3152 usque
413 3072 454 3133 ad
486 3073 574 3136 linem
602 3091 680 3153 pene
712 3072 845 3135 infinitae
877 3071 1084 3153 longitudinis.
1149 3075 1255 3157 ltaque
1287 3073 1388 3158 divine
1413 3090 1467 3148 ,me
1498 3069 1647 3134 beneficio

288 3160 411 3241 Magius
433 3161 697 3242 praestantissime
720 3163 869 3237 afficeres,
893 3162 920 3224 si
941 3182 990 3225 me
1013 3164 1139 3226 doceres
1161 3163 1212 3224 via
1233 3161 1365 3225 faciliori
1386 3160 1535 3243 inquirere
1559 3177 1647 3222 cem·

286 3252 406 3332 positas
427 3251 559 3314 eccentri
589 3251 795 3335 aequationes.
841 3253 920 3315 Rem
949 3253 1071 3334 quidem
1098 3271 1135 3314 ec
1156 3252 1300 3336 perduxi,
1332 3259 1368 3314 ut
1396 3249 1471 3314 mihi
1491 3269 1553 3312 non
1574 3249 1647 3330 plus

286 3339 403 3404 duabus
425 3340 728 3423 multiplicationibus
751 3361 827 3424 opns
851 3343 900 3402 sit
946 3343 992 3404 At
1013 3343 1085 3404 dnm
1105 3340 1199 3404 nimia
1217 3341 1381 3424 cupiditate
1400 3341 1482 3403 teror
1494 3339 1526 3402 in
1541 3337 1645 3420 inqui-

288 3429 432 3495 sitionem
452 3431 679 3494 ιιιιιιιιιιιιιιι
701 3429 938 3512 proportionum,
961 3430 1082 3494 tabulas
1100 3431 1312 3512 aequationem
1326 3430 1427 3493 nullas
1444 3429 1550 3504 condo,
1574 3428 1646 3510 qui-

288 3517 345 3583 hus
367 3519 399 3582 in
422 3519 574 3601 operando
598 3520 753 3582 sublever:
778 3537 845 3580 cum
866 3537 928 3580 non
950 3518 995 3582 ita
1016 3537 1143 3600 magnus
1166 3539 1239 3583 sane
1262 3520 1348 3584 labor
1370 3519 1427 3595 sit,
1449 3515 1516 3583 360
1537 3516 1646 3582 multi-

288 3603 834 3690 plicationespr0180⁰periicere3
868 3607 972 3682 labor,
1004 3608 1140 3690 inquam,
1171 3629 1231 3672 non
1260 3609 1308 3672 ita
1327 3628 1470 3690 ιιιιιιι,
1499 3608 1527 3671 ιι
1548 3607 1646 3672 semel

287 3697 501 3780 susciperetur.
533 3699 579 3761 At
600 3696 693 3760 toties
715 3703 824 3760 novata
847 3695 976 3760 condere
998 3697 1143 3774 tabulam,
1166 3699 1285 3782 quoties
1308 3707 1446 3763 emunata
1467 3695 1647 3781 symmetria

288 3786 368 3850 falsa
383 3786 624 3869 deprehenditur,
649 3786 682 3849 id
694 3805 767 3849 vero
782 3787 1000 3869 permolestum
1012 3795 1046 3850 et
1058 3788 1282 3870 praestabilius,
1306 3799 1360 3853 tuo
1373 3786 1503 3872 mystico
1517 3805 1643 3851 numero

287 3876 333 3940 uti
355 3875 395 3938 ad
418 3895 471 3939 eas
495 3876 579 3940 solas
602 3876 798 3959 aequationes
821 3876 996 3954 eliciendas,
1018 3877 1126 3960 quibus
1147 3899 1203 3961 pro
1225 3898 1259 3942 re
1281 3887 1355 3944 nate
1377 3897 1454 3959 opus
1475 3870 1570 3951 est')

376 3963 453 4029 Cum
466 3967 568 4048 itaque
583 3966 634 4028 din
649 3967 835 4030 laborassem
850 3965 994 4049 variaque
1008 3968 1297 4034 demonstrationnm
1311 3967 1494 4032 admimcma
1506 3966 1643 4030 effinxis-

287 4073 365 4131 sem,
399 4055 552 4120 tandem
544 4076 575 4120 ιι
596 4056 672 4119 haec
695 4056 753 4118 dno
776 4056 966 4138 problemata
986 4057 1096 4134 incidi,
1128 4078 1206 4142 qnae
1233 4059 1272 4120 ad
1302 4077 1366 4122 rem
1387 4057 1518 4120 maxime
1540 4057 1642 4118 iacere

285 4153 375 4228 puto:
400 4163 526 4228 quorum
547 4145 676 4208 alterum
697 4145 767 4228 plns
790 4146 990 4221 certitudinis,
1013 4149 1142 4212 alterum
1164 4149 1234 4230 plus
1250 4148 1362 4230 ingenii
1380 4148 1492 4211 habere
1510 4146 1640 4209 videtur.

374 4235 473 4299 Detur
494 4235 623 4316 angulus
645 4242 745 4298 motus
768 4237 859 4298 medii
881 4235 1024 4318 planetae
1039 4238 1170 4321 itemque
1184 4238 1268 4302 Solis
1283 4239 1364 4302 circa
1378 4244 1491 4317 puncta
1504 4255 1640 4318 aequan-

285 4331 350 4388 tum
372 4325 412 4387 ad
442 4324 589 4405 temporis
621 4324 777 4407 quodlibet
807 4325 938 4407 spatium
969 4326 1208 4392 determinatum.
1254 4330 1351 4392 Detur
1382 4335 1414 4388 et
1440 4326 1527 4391 locus
1554 4325 1639 4389 Solis

285 4431 375 4478 verns
398 4414 439 4475 ad
460 4423 642 4478 momentum
666 4415 830 4497 quodlibet,
854 4433 923 4478 cnm
944 4435 1003 4497 quo
1025 4416 1114 4479 datur
1129 4425 1162 4479 et
1174 4436 1341 4499 apogaeum
1357 4425 1389 4478 et
1402 4415 1640 4490 eccentricitatia

285 4504 471 4586 compositae
493 4504 533 4566 ad
556 4504 658 4568 orbem
680 4506 843 4586 proportio.
890 4506 1054 4569 Nesciatur
1076 4526 1148 4570 vero
1171 4507 1326 4588 longitudo
1350 4506 1479 4588 simplex
1495 4507 1639 4588 planetae

286 4593 371 4669 (narn
393 4603 425 4657 et
446 4595 529 4657 circa
545 4593 623 4658 hane
639 4594 847 4674 corrigendam
862 4593 995 4658 artifices
1009 4599 1220 4679 ‘occupantnr),
1243 4598 1395 4660 nesciatur
1409 4598 1494 4659 locus
1509 4593 1638 4678 apogaei

288 4683 405 4764 (potius
427 4683 567 4763 dpqhoa)
590 4683 742 4765 planetae,
765 4685 918 4748 nesciatur
940 4686 1095 4766 proportio
1119 4687 1235 4750 orbium
1257 4689 1368 4750 Terrae
1392 4689 1461 4761 (sen
1483 4685 1582 4765 Solis)
1597 4693 1640 4746 'et

284 4773 434 4854 planetae,
458 4771 612 4862 nesciatur
624 4773 778 4854 proportio
793 4773 1029 4836 eccentricitatis
1040 4775 1181 4856 planetae
1196 4777 1352 4840 ederham
1367 4795 1462 4853 mum,
1483 4777 1638 4839 nesciatur
1656 4790 1658 4795 ·

284 4863 439 4943 proportio
461 4863 593 4944 partium
614 4863 703 4945 hujus
727 4863 972 4940 eccentricitatis,
995 4866 1148 4929 nesciatur
1169 4867 1261 4929 etiam
1279 4867 1310 4929 in
1331 4866 1451 4930 theoria
1464 4866 1548 4930 Solis
1570 4865 1637 4941 (vel

284 4953 411 5026 Terrae)
434 4953 590 5036 proportio
611 4954 741 5035 partium
764 4953 1000 5018 eccentricitatis
1021 4957 1214 5037 compositae.
1255 4960 1373 5022 Dentur
1391 4958 1455 5038 jam
1476 4966 1542 5020 tres
1564 4955 1635 5038 pla-
