3517 5525
730 355 770 408 Da
787 353 896 408 Motibus
914 353 1008 410 Stellae
1022 323 1114 410 hom

632 660 637 667 ,
724 665 726 673 ,
756 589 876 690 Caput
901 551 1086 665 XXXIII.

396 752 558 827 Virtutem,
582 769 664 834 qaae
681 748 829 833 planetae
850 760 956 827 movet,
981 752 1121 814 residere
1142 750 1179 814 ia
1200 769 1332 832 scopere
1354 749 1451 816 Solia.

338 894 413 960 Ourn
429 911 501 974 ergo
516 893 753 954 demonstratum
773 891 815 953 sit
829 892 928 972 capite
952 892 1108 972 superiori,
1131 910 1233 954 moras
1249 891 1389 973 planetae
1413 894 1444 956 in
1458 893 1600 975 aequali-

248 987 305 1049 bus
326 983 463 1066 partibus
492 981 596 1044 circuli
619 981 779 1043 eccentrici
802 980 882 1053 (sive
910 981 941 1042 in
964 981 1139 1063 aequalibus
1172 981 1280 1060 spatiis
1309 1001 1400 1045 aurae
1423 983 1599 1058 aethereae)

251 1093 319 1138 esse
337 1074 368 1135 iu
391 1071 583 1154 proportione
608 1090 658 1144 ea,
693 1071 722 1134 in
746 1089 804 1151 qua
828 1070 960 1132 suntad
990 1070 1119 1132 invicem
1142 1071 1304 1132 eorundem
1336 1074 1503 1153 spatiorum
1525 1071 1599 1133 abs-

250 1181 355 1226 cessus
379 1183 397 1222 a
418 1168 540 1242 puncto,
563 1160 640 1221 unde
664 1165 852 1240 computatur
868 1159 1093 1235 ecceutricitas;
1118 1177 1172 1221 seu
1196 1157 1377 1240 simmicius:
1402 1183 1459 1244 quo
1482 1161 1600 1240 longius

251 1255 338 1315 abest
357 1253 481 1332 planeta
503 1271 522 1310 a
544 1255 654 1329 puncto
677 1248 741 1324 illo,
765 1248 844 1328 quod
867 1266 921 1327 pro
946 1255 1048 1310 centro
1072 1247 1173 1309 mundi
1196 1249 1369 1326 assumitur,
1392 1252 1449 1314 hoc
1472 1249 1601 1313 debilius

252 1342 337 1404 illum
359 1338 479 1402 incitari
503 1339 583 1400 circa
605 1338 681 1400 illud
701 1345 862 1418 punctum:
897 1336 1102 1398 necessarium
1125 1343 1173 1398 est
1195 1335 1303 1416 igitur,
1335 1347 1370 1402 ut
1392 1360 1485 1403 causa
1512 1339 1603 1421 hujus

252 1428 470 1492 debilitationis
492 1426 568 1489 insit
589 1434 642 1488 aut
663 1427 694 1488 in
717 1426 784 1507 ipso
807 1425 949 1506 planetae
972 1445 1096 1508 corpore
1120 1425 1205 1507 eique
1228 1425 1321 1489 insita
1342 1428 1374 1488 vi
1391 1430 1527 1506 motrice,
1551 1434 1606 1490 aut

251 1520 371 1600 inipso
395 1525 536 1600 suscepto
559 1515 661 1577 mundi
685 1524 798 1577 centro.

338 1609 398 1671 Est
421 1605 567 1688 siquidem
588 1604 820 1666 usitatissimum
843 1603 963 1664 axioma
990 1621 1044 1683 per
1067 1602 1239 1670 universam
1261 1605 1485 1688 philosophiam
1511 1613 1604 1668 natu-

253 1699 364 1762 ralem:
399 1714 537 1769 eornm,
561 1713 656 1775 quae
680 1692 794 1755 simul
818 1693 1006 1754 eteodem
1028 1692 1135 1754 modo
1158 1693 1262 1758 fiunt
1283 1703 1321 1757 et
1343 1697 1493 1761 easdem
1521 1695 1604 1757 ubi-

253 1808 323 1871 que
339 1785 598 1848 dImensioues
623 1783 830 1862 accipiunt,
846 1781 1009 1843 alterum
1031 1781 1192 1845 alterius
1211 1805 1362 1847 causam
1378 1794 1444 1847 aut
1465 1792 1604 1847 utrum·

253 1897 318 1960 quc
342 1874 509 1955 ejusdem
532 1891 670 1935 causae
694 1871 874 1933 ellectum
897 1889 999 1944 esse;
1023 1876 1057 1931 ut
1078 1871 1128 1932 hic
1151 1872 1278 1935 intentio
1294 1880 1325 1934 et
1345 1873 1484 1938 remissio
1502 1881 1605 1936 motus

253 1985 321 2028 cum
343 1981 468 2027 accessu
497 1970 528 2023 et
550 1980 670 2023 recessu
694 1981 712 2022 a
735 1966 838 2022 centro
869 1959 972 2020 mundi
999 1959 1030 2020 iu
1056 1963 1250 2040 proportione
1277 1972 1422 2044 perpetuo
1453 1961 1605 2025 coincidit

255 2055 356 2128 Quare
379 2052 428 2114 vel
452 2051 620 2114 debilitatio
644 2049 705 2111 ista
728 2051 785 2112 orit
808 2065 902 2110 causa
916 2047 1112 2112 discessionis
1136 2051 1243 2116 sideris
1258 2056 1279 2113 'a
1294 2061 1396 2115 centro
1419 2053 1532 2128 mundi,
1554 2049 1607 2112 vel

255 2143 403 2207 discessio
416 2140 643 2214 debilitationis,
666 2139 715 2200 vel
738 2137 892 2218 utriusque
915 2138 973 2198 erit
994 2137 1096 2217 aliqua
1118 2159 1211 2203 causa
1233 2143 1407 2204 communis.
1440 2143 1487 2205 At
1508 2159 1606 2222 nequa

255 2231 373 2314 opinari
390 2231 547 2312 quisquam
569 2234 681 2309 potest,
705 2227 827 2290 tertium
850 2225 962 2306 aliquid
977 2245 1163 2304 concurrere,
1187 2231 1266 2312 quod
1283 2232 1398 2293 duobus
1420 2230 1505 2294 hisce
1519 2249 1605 2293 com-

255 2322 353 2386 munis
370 2339 461 2382 causa
486 2319 542 2393 sit3
567 2325 598 2378 et
619 2317 650 2378 iu
675 2315 867 2398 sequentibus
884 2315 1034 2395 capitibus
1056 2318 1182 2398 patebit,
1205 2339 1265 2382 uon
1285 2340 1352 2383 esse
1371 2320 1458 2384 nobis
1481 2336 1607 2382 neccsse

255 2411 319 2475 tale
343 2409 495 2492 quippiam
518 2408 696 2486 confingere,
722 2423 787 2467 cum
811 2404 958 2466 sufficiant
982 2403 1040 2466 duo
1064 2404 1125 2467 ista
1147 2407 1205 2470 sibi
1228 2409 1313 2490 ipsis.

344 2501 439 2563 Porro
462 2515 557 2578 neque
581 2502 628 2556 est
651 2503 775 2558 naturae
799 2501 1042 2568 consentaneum,
1066 2494 1272 2559 fortitudinem
1296 2497 1345 2560 vel
1368 2497 1555 2560 debilitatem
1576 2497 1609 2560 iu

257 2598 340 2654 motu
362 2584 559 2667 longitudinis
582 2603 650 2646 esse
665 2602 787 2646 cansam
803 2581 966 2645 distantiae
990 2602 1009 2642 a
1032 2591 1144 2646 centro.
1181 2587 1337 2650 Distentis
1359 2590 1437 2650 enim
1461 2607 1481 2650 a
1503 2594 1608 2649 centro

256 2681 339 2763 prior
362 2683 410 2739 est
432 2673 615 2755 cogitatione
638 2681 670 2734 et
691 2680 800 2734 natura
822 2691 912 2753 quam
933 2677 1032 2734 motus
1055 2672 1085 2734 in
1108 2674 1239 2755 longum.
1285 2677 1433 2759 Equidem
1454 2684 1553 2740 motus
1572 2674 1609 2739 iu

257 2770 379 2851 longum
401 2784 550 2846 nunquam
575 2770 623 2825 est
644 2763 722 2825 citra
743 2762 921 2825 distantiam
944 2782 963 2821 a
985 2768 1107 2839 centro,
1139 2784 1206 2828 cum
1235 2768 1369 2848 requirat
1396 2766 1544 2848 spatium,
1576 2764 1609 2827 in

259 2878 317 2941 quo
340 2855 528 2920 conficiatur:
562 2852 708 2915 distantia
735 2870 806 2913 vero
835 2872 854 2911 a
883 2857 986 2913 centro
1015 2850 1093 2914 citra
1121 2864 1235 2918 motum
1265 2857 1337 2937 fingi
1368 2863 1478 2937 potest
1524 2856 1609 2935 Ergo

260 2946 407 3011 distantia
429 2946 487 3021 erit
505 2962 597 3005 causa
620 2940 733 3020 vigoris
758 2940 789 3001 in
811 2947 908 3013 motu,
940 2946 972 3000 ct
993 2941 1089 3021 major
1117 2944 1271 3026 minorque
1302 2944 1448 3009 distantia
1487 2944 1614 3025 majoris

261 3036 442 3115 minorisque
470 3050 581 3095 morae.
627 3030 758 3093 Etcum
782 3030 928 3091 distantia
955 3028 996 3091 sit
1025 3048 1063 3092 ex
1090 3032 1251 3097 relatorum
1276 3054 1403 3116 genere,
1435 3034 1520 3113 cujus
1544 3050 1615 3095 esse

260 3126 367 3191 recidit
397 3124 429 3185 in
458 3120 617 3196 terminos,
649 3118 805 3181 relationis
828 3136 899 3180 vero
926 3136 981 3199 per
1004 3138 1071 3181 sese
1096 3122 1188 3196 (citra
1211 3125 1405 3187 terminorum
1427 3124 1615 3203 respectum)

261 3222 390 3299 nequeat
412 3230 480 3275 esse
503 3211 567 3275 ulla
590 3208 763 3272 efficientia:
796 3207 930 3289 sequitur
953 3206 1059 3287 igitur,
1085 3212 1164 3292 quod
1186 3212 1298 3277 dictum
1322 3223 1384 3288 est,
1415 3213 1445 3275 in
1467 3213 1615 3274 altemtro

261 3305 454 3369 terminorum
475 3302 600 3363 haerere
623 3316 747 3366 causam
768 3296 917 3359 variantis
941 3296 1053 3375 rigoris
1076 3299 1106 3360 in
1130 3310 1222 3363 motu.

351 3392 469 3473 Corpus
483 3409 554 3452 vcro
569 3389 710 3470 planetae
734 3404 766 3447 se
785 3385 851 3467 ipso
867 3403 963 3465 neque
978 3388 1100 3465 gravius
1115 3389 1252 3453 discessu
1276 3410 1369 3472 neque
1383 3384 1482 3451 le'vius
1500 3408 1615 3470 appro-

197 3524 208 3547 ι
263 3481 434 3568 pinquando
450 3480 582 3541 efficitur.
621 3474 792 3540 Animalem
808 3492 922 3555 quoque
938 3472 1008 3548 viru,
1033 3496 1108 3558 quae
1124 3488 1237 3541 motum
1252 3480 1345 3542 sideri
1368 3479 1487 3553 inferat,
1503 3479 1616 3539 seden-

263 3582 325 3637 tem
348 3572 380 3634 in
401 3568 505 3632 mobili
527 3567 669 3647 planetae
694 3581 832 3644 corpore,
864 3562 956 3623 toties
979 3561 1092 3627 intendi
1116 3575 1147 3629 et
1169 3570 1281 3631 remitti
1306 3570 1383 3633 citra
1406 3565 1616 3647 fatigationem

265 3672 296 3727 et
319 3661 443 3734 senium,
466 3657 497 3719 id
519 3657 623 3717 forsan
639 3653 696 3717 erit
719 3652 880 3715 absurdum
895 3652 984 3712 dictu.
1022 3654 1120 3730 Adde,
1146 3658 1225 3738 qnod
1247 3658 1377 3738 intelligi
1399 3656 1512 3737 nequit,
1537 3677 1616 3738 quo-

265 3752 353 3817 modo
381 3750 428 3811 vis
457 3748 531 3810 haec
561 3743 700 3806 animalis
724 3760 831 3821 corpus
860 3758 945 3801 suum
975 3759 1029 3820 per
1062 3744 1160 3824 spatia
1184 3748 1284 3811 mundi
1315 3754 1515 3821 transvectet,
1548 3765 1615 3807 cum

191 3874 198 3891 ·
263 3842 341 3904 hulli
368 3838 430 3902 sint
457 3836 545 3899 orbes
570 3832 674 3909 solidi,
707 3840 741 3893 ut
762 3828 989 3917 TycholBrahe
1017 3831 1249 3898 demonstrarit:
1284 3836 1338 3898 sed
1370 3852 1464 3917 neque
1497 3836 1616 3897 alarum

267 3938 320 3993 aut
341 3929 449 4010 pedum
471 3922 652 3988 adminicula
674 3920 776 3983 adsint
798 3919 926 3981 rotundo
949 3920 1075 4000 corpori,
1100 3943 1223 4005 quorum
1245 3924 1408 3987 motatione
1432 3923 1532 3986 anima
1554 3923 1615 3985 hoc

269 4038 354 4084 suum
376 4034 484 4098 corpus
506 4032 560 4096 per
589 4030 692 4074 auram
716 4009 901 4079 aetheream,
934 4026 987 4069 ceu
1010 4030 1083 4073 aves
1106 4032 1161 4095 per
1183 4022 1297 4090 aerem,
1329 4014 1397 4076 uisu
1430 4014 1557 4094 quodam
1582 4019 1615 4075 et

270 4105 441 4172 contranisu
463 4104 546 4169 illius
569 4120 659 4163 aurae
682 4104 877 4179 transportet.

357 4194 549 4277 Relinquitur
570 4192 677 4272 Igitur,
705 4195 740 4251 ut
762 4206 854 4249 causa
876 4186 966 4266 hujus
990 4187 1205 4254 debilitationis
1228 4199 1259 4254 et
1281 4190 1460 4256 intensionis
1482 4190 1618 4253 resideat

271 4285 450 4351 intermino
474 4284 585 4357 altero,
617 4278 735 4343 scilicet
756 4275 874 4356 inipso
899 4275 1038 4357 suscepto
1061 4282 1162 4343 mundi
1186 4291 1306 4359 centro,
1331 4299 1429 4361 aquo
1454 4278 1617 4343 distantiae

272 4380 489 4459 computantur.
1304 4387 1306 4392 ·

362 4461 479 4537 Quodsi
509 4460 611 4541 itaque
643 4455 794 4535 elongatio
826 4454 920 4515 centri
957 4454 1058 4516 mundi
1092 4476 1111 4517 a
1142 4477 1265 4538 corpore
1303 4458 1444 4539 planetae
1480 4463 1619 4539 praestat

272 4558 413 4641 planetae
428 4550 613 4624 tarditatem,
629 4542 876 4629 appropinquatio
891 4542 1081 4606 velocitatem
1087 4566 1097 4622 3
1122 4548 1188 4609 lons
1207 4547 1308 4629 itaque
1335 4547 1457 4609 virtutis
1481 4547 1618 4609 motricis

274 4648 306 4710 in
328 4646 381 4709 illo
406 4646 545 4720 suscepto
564 4636 664 4699 mundi
688 4640 790 4696 centro
814 4631 887 4693 insit
908 4651 1031 4696 necesse
1054 4644 1110 4697 est
1149 4638 1214 4699 Hoc
1233 4638 1312 4699 euim
1334 4636 1434 4717 posito
1458 4644 1490 4698 et
1511 4635 1618 4699 modus

276 4754 385 4800 causae
407 4729 532 4813 patebit.
572 4723 771 4804 Intelligimus
786 4719 864 4782 enim
886 4721 964 4798 hinc,
988 4724 1066 4804 quod
1088 4725 1227 4805 planetae
1250 4744 1325 4807 pene
1348 4726 1465 4788 ratione
1484 4732 1618 4787 staterae

278 4846 331 4889 seu
354 4822 449 4886 vectis
472 4822 656 4880 moveantur.
695 4814 775 4876 Nam
798 4808 825 4871 si
845 4810 978 4890 planeta,
1002 4832 1059 4893 quo
1082 4813 1199 4895 longior
1221 4836 1241 4876 a
1263 4823 1373 4890 centro,
1397 4814 1455 4876 hoc
1470 4813 1620 4876 difficilius

279 4913 395 4996 (utique
418 4907 550 4982 tardius)
565 4924 584 4967 a
599 4901 693 4965 centri
706 4899 818 4963 virtute
834 4906 984 4963 movetur:
1010 4901 1146 4981 equidem
1167 4901 1290 4986 perinde
1307 4910 1355 4967 est
1377 4922 1413 4966 ac
1435 4900 1463 4966 si
1478 4900 1619 4979 dicerem,
