3517 5525
279 356 342 423 152
478 375 480 384 ·
642 355 673 407 ln
691 354 876 405 Commentario,
893 354 924 408 de
942 356 1047 407 motibus
1066 352 1154 407 stellae
1172 352 1260 407 llartr's

276 540 429 609 Episcopus
444 537 567 595 arabiae
587 542 618 590 et
631 537 812 607 Taprobanae
831 535 928 608 utique
949 534 1064 603 vicinae,
1086 554 1141 592 nou
1159 552 1226 592 vero
1248 533 1306 591 500
1327 532 1492 593 milliaribus
1513 552 1624 608 germa

275 618 343 685 uicis
365 614 431 685 (imo
453 636 518 673 rero
538 635 589 689 per
609 618 751 673 anfractus
771 617 812 671 illi
827 614 918 672 aetati
930 616 1047 671 usitatos
1063 616 1179 689 amplius
1193 610 1283 684 mille)
1303 616 1331 671 in
1345 616 1477 671 orientem
1491 624 1625 673 remotae.

277 702 355 762 Quae
376 716 441 753 rero
462 698 543 752 bodie
557 699 722 769 Taprobane
742 705 858 769 putatur
871 697 1000 757 Sumatra
1020 697 1118 761 insula,
1141 712 1203 754 eam
1221 696 1348 753 existimo
1363 695 1427 753 olim
1440 696 1526 751 irrisae
1540 697 1625 753 Cher·

276 796 422 833 sounesum
443 795 556 833 auream
578 778 677 832 isthmo
696 767 791 833 indiae
811 778 986 847 conjunctam
1015 779 1049 833 ad
1078 779 1174 833 urbem
1195 777 1357 833 Malaooam.
1399 776 1469 833 Nam
1489 777 1625 832 Cherson-

275 877 367 925 nesus,
389 876 470 930 quam
486 858 571 1001 ¹qusdie
590 858 722 914 oredimus
738 875 832 923 aurea,
854 876 910 915 non
923 860 1009 913 multo
1023 859 1112 931 magis
1128 859 1332 913 Chersonnesus
1346 856 1398 913 dici
1411 874 1493 929 posse
1508 856 1625 923 ridetur,

276 957 356 1012 quam
378 940 471 995 Italia.
511 1002 515 1007 ,

356 1021 433 1083 Quae
455 1020 578 1091 quamvis
599 1024 680 1073 erant
699 1018 771 1073 alius
791 1018 854 1083 loci,
876 1018 916 1075 sio
936 1037 990 1075 uno
1012 1024 1145 1073 contextu
1166 1017 1309 1088 explicare
1329 1016 1418 1083 volui,
1439 1024 1471 1074 ut
1491 1016 1622 1089 maiorem

275 1100 366 1156 aestui
385 1099 490 1155 marino
512 1106 542 1155 et
560 1116 611 1171 per
631 1099 704 1153 huno
723 1096 820 1156 uirtuti
840 1101 936 1155 Lunae
958 1098 1108 1155 tractoriae
1129 1099 1208 1153 fldem
1230 1098 1357 1153 lacerem.

325 1184 330 1194 '
354 1180 485 1251 Sequitur
504 1180 588 1245 enim,
619 1178 644 1233 si
671 1180 758 1235 virtus
788 1180 921 1236 tractoria
940 1182 1036 1237 Lunae
1057 1178 1209 1251 porrigitur
1230 1176 1258 1233 in
1278 1178 1378 1235 Terras
1405 1196 1507 1251 usque,
1539 1180 1625 1233 multo

275 1261 364 1332 magis
384 1261 514 1315 virtutem
535 1259 695 1317 tractoriam
715 1262 834 1316 Telluris
855 1262 960 1335 porrigi
981 1261 1009 1315 in
1027 1260 1133 1315 Lunam
1164 1264 1193 1315 et
1212 1259 1296 1331 longe
1317 1258 1417 1324 altius,
1448 1266 1482 1313 ac
1511 1259 1624 1329 proinde

276 1342 345 1396 nibil
365 1358 473 1405 eorum,
505 1344 575 1412 quod
597 1359 633 1395 ex
665 1348 776 1398 terrena
795 1342 913 1398 materia
933 1341 1175 1414 quomodocunque
1196 1345 1319 1404 constat,
1350 1338 1432 1412 inque
1453 1340 1540 1395 altum
1560 1342 1625 1395 sub·

274 1420 393 1485 rebitur,
414 1422 587 1491 complexum
606 1422 679 1475 hunc
700 1422 875 1477 fortissimum
896 1422 1006 1477 virtutis
1026 1420 1176 1476 tractoriae
1197 1436 1316 1492 unquam
1337 1420 1468 1493 elingere.

352 1502 428 1555 Leve
448 1518 515 1557 rero
535 1500 604 1555 nihil
624 1508 668 1556 est
689 1504 830 1568 absolute,
861 1505 932 1574 quod
954 1518 1087 1573 corporea
1107 1500 1224 1555 materia
1245 1506 1367 1565 constat,
1397 1503 1445 1557 sed
1465 1507 1625 1571 comparate

273 1580 362 1637 levius
383 1589 435 1645 est,
458 1584 529 1653 quod
548 1582 639 1637 rarius
660 1588 705 1637 est
725 1583 784 1637 sire
804 1590 906 1639 natura
925 1600 985 1647 sua,
1007 1582 1065 1635 sire
1086 1599 1123 1635 ex
1144 1581 1286 1635 accidente
1306 1581 1408 1639 calore.
1442 1582 1545 1636 Rarum
1559 1598 1624 1636 vero

274 1662 333 1717 dico
354 1680 409 1718 non
429 1662 496 1716 illud
517 1670 640 1725 tautum,
669 1665 739 1735 quod
769 1680 897 1735 porosum
918 1670 963 1719 est
983 1662 1059 1717 etin
1080 1662 1181 1717 multas
1203 1660 1338 1717 caritates
1358 1661 1488 1727 dehiscit,
1519 1663 1566 1716 sed
1598 1660 1625 1715 iu

273 1761 386 1816 genere,
409 1744 479 1814 quod
501 1744 552 1797 sub
573 1744 670 1797 eadem
689 1743 743 1797 loci
764 1744 953 1815 amplitudine,
975 1760 1056 1815 qnam
1077 1748 1195 1813 occupat
1213 1741 1327 1814 gravius
1349 1741 1472 1815 aliquod,
1494 1742 1624 1797 minorem

276 1825 463 1895 quantitatem
482 1822 617 1880 materiae
637 1840 786 1895 corporeae
807 1826 952 1882 concludit.

352 1903 467 1959 Levium
488 1903 671 1959 definitionem
685 1904 809 1977 sequitur
821 1912 852 1959 et
864 1912 963 1961 motus.
1003 1904 1064 1959 Non
1078 1902 1150 1957 enim
1163 1909 1209 1959 est
1221 1902 1441 1967 existimandum,
1462 1902 1513 1958 illa
1526 1902 1624 1975 iugera

275 1986 310 2038 ad
331 1984 503 2054 superficiem
523 2001 611 2056 usque
631 1986 731 2049 mundi,
753 1989 815 2040 dum
836 1987 962 2041 feruntur
982 2002 1096 2049 sursum,
1119 1991 1169 2040 aut
1189 2001 1243 2039 non
1257 1985 1363 2042 attrahi
1384 1986 1515 2039 aTerra:
1536 1984 1624 2039 miuus

274 2064 345 2119 enim
365 2065 546 2119 attrahuntur
566 2082 648 2137 quam
668 2066 775 2137 gravia,
797 2066 887 2121 etsie
907 2066 1087 2138 expelluntur
1108 2080 1125 2118 a
1145 2064 1286 2137 gravibus,
1313 2081 1366 2138 quo
1387 2066 1461 2121 facto
1482 2064 1626 2137 quiescant

273 2145 481 2216 retinenturque
503 2161 522 2199 a
541 2146 629 2201 Terra
648 2147 709 2200 loco
729 2164 789 2202 suo.

252 2222 257 2231 ’
329 2225 414 2294 1Ειιὶ
434 2242 501 2279 vero
522 2225 609 2280 virtus
630 2227 765 2282 tractoria
783 2228 900 2291 Terrae,
931 2232 963 2281 ut
989 2225 1103 2291 dictum,
1134 2226 1286 2299 porrigitur
1314 2224 1475 2297 longissime
1510 2240 1625 2289 sursum,

275 2312 369 2360 tamen
391 2305 415 2359 si
434 2305 508 2376 lapis
529 2306 629 2378 aliquis
650 2313 730 2361 tanto
750 2307 899 2363 intervallo
921 2308 1048 2371 abesset,
1080 2305 1149 2379 quod
1171 2308 1250 2362 lieret
1270 2308 1305 2361 ad
1325 2306 1487 2362 diametrum
1507 2305 1625 2361 Telluris

274 2385 418 2451 sensibile,
448 2403 542 2441 rerum
563 2393 620 2451 est,
642 2388 729 2441 Terra
752 2394 829 2444 mota
855 2387 976 2457 lapidem
1003 2388 1089 2444 talem
1109 2405 1163 2442 non
1184 2388 1267 2458 plane
1289 2392 1461 2453 secuturum,
1492 2389 1540 2443 sed
1561 2402 1625 2441 suas

272 2466 420 2521 resistendi
440 2465 513 2520 vires
534 2466 732 2537 permixturum
753 2486 814 2522 cum
834 2468 937 2521 uiribus
959 2466 1061 2522 Terrae
1082 2460 1234 2533 tractoriis,
1266 2474 1349 2539 atque
1380 2469 1420 2525 ita
1449 2486 1479 2523 se
1501 2466 1625 2538 explica·

274 2554 364 2603 turum
385 2546 509 2601 nonnihil
530 2562 549 2601 a
567 2552 651 2617 raptu
672 2547 721 2601 illo
741 2548 875 2604 Telluris:
907 2565 961 2604 non
989 2564 1068 2603 secus
1096 2555 1180 2621 atque
1200 2554 1290 2603 motus
1311 2547 1447 2604 violentus
1470 2547 1627 2621 projeotilia

273 2627 397 2681 nonnihil
418 2642 436 2680 a
456 2633 541 2697 raptu
560 2627 679 2683 Telluris
700 2628 839 2699 explicat,
867 2634 900 2683 ut
928 2628 973 2681 rel
994 2636 1191 2700 praecurrunt,
1217 2628 1346 2701 projecta
1365 2644 1461 2685 versus
1483 2630 1624 2699 orientem,

273 2708 319 2760 vel
340 2705 536 2769 destituantur,
557 2708 581 2762 si
602 2707 630 2764 in
651 2708 818 2764 occidentem
838 2708 1034 2784 projiciantur:
1057 2717 1140 2782 atque
1162 2709 1204 2766 ita
1224 2710 1313 2766 locum
1333 2726 1427 2776 suum,
1448 2726 1467 2765 a
1487 2728 1540 2784 quc
1562 2726 1624 2781 pro·

268 2789 348 2858 jecta
367 2794 441 2851 sunt,
462 2788 490 2843 vi
510 2789 652 2860 compulsa
672 2791 814 2845 deserant:
835 2807 925 2862 neque
945 2798 1043 2860 raptus
1064 2793 1167 2846 Terrae
1188 2792 1261 2846 bano
1281 2789 1440 2846 violentiam
1461 2791 1488 2846 iu
1509 2791 1625 2848 solidum

272 2867 403 2940 impedire
424 2867 521 2938 possit,
545 2885 624 2940 quam
646 2870 692 2927 diu
712 2870 850 2926 violentus
871 2877 960 2926 motus
982 2871 1008 2926 in
1030 2889 1079 2927 suo
1100 2871 1197 2944 rigore
1218 2880 1270 2926 est.
1285 2864 1319 2936 ²¹)

352 2957 408 3015 Sed
430 2957 495 3030 quia
513 2959 618 3013 nullum
639 2959 784 3030 projectile
805 2961 910 3017 centies
930 2959 1102 3017 millesimam
1120 2960 1245 3016 diametri
1260 2959 1362 3016 Terrae
1376 2965 1484 3031 partem
1497 2977 1516 3015 a
1528 2977 1624 3031 super·

273 3039 333 3093 fioie
354 3040 456 3094 Terrae
478 3046 643 3110 separatur,
672 3039 804 3112 ipsaeque
825 3043 894 3095 adeo
916 3042 1002 3096 nubes
1024 3049 1108 3114 atque
1129 3040 1208 3106 fumi,
1236 3056 1307 3112 quae
1328 3040 1464 3096 minimum
1484 3040 1625 3096 terrestris

271 3117 406 3175 materiae
427 3119 561 3184 obtinent,
582 3137 637 3175 non
657 3120 804 3178 millesima
823 3121 1016 3177 semidiametri
1036 3129 1118 3194 perte
1139 3123 1253 3178 evolant
1273 3122 1301 3176 iu
1322 3123 1421 3177 altum:
1450 3121 1517 3176 nihil
1539 3120 1626 3194 igitur

271 3205 365 3272 potest
384 3198 504 3264 nubium,
525 3195 660 3257 summum
680 3207 710 3254 et
730 3219 831 3266 eorum,
853 3219 925 3272 quae
940 3202 1207 3274 perpendiculariter
1220 3203 1246 3257 in
1262 3203 1349 3258 altum
1362 3200 1544 3274 projiciuntur
1556 3202 1625 3257 resi·

273 3280 378 3335 atentia
397 3287 428 3334 et
447 3281 584 3336 naturalis
606 3283 639 3335 ad
666 3281 784 3353 quietem
811 3281 969 3346 inclinatio,
1000 3283 1068 3338 nihil
1098 3282 1208 3354 inquam
1238 3289 1332 3356 potest
1361 3285 1397 3337 ad
1427 3282 1624 3353 impediendum

271 3362 345 3416 bunc
365 3360 407 3416 sui
428 3368 554 3430 raptum,
574 3367 673 3432 utpote
696 3362 731 3415 ad
752 3379 831 3432 quem
853 3363 924 3416 haec
944 3363 1104 3426 resistentia
1118 3363 1145 3418 in
1158 3364 1236 3418 nulla
1248 3364 1426 3435 proportione
1441 3369 1492 3420 est
1527 3363 1624 3434 ltaque

274 3444 344 3512 quod
364 3441 633 3513 perpendiculariter
652 3458 758 3495 sursum
780 3438 824 3495 est
844 3442 1006 3512 projectum,
1028 3445 1132 3498 recidet
1153 3445 1181 3498 in
1201 3443 1290 3499 locum
1309 3461 1401 3509 suum,
1423 3442 1491 3498 nihil
1511 3443 1624 3516 impedi·

271 3527 330 3576 tum
349 3529 426 3578 motu
446 3522 573 3585 Telluris,
595 3527 628 3575 ut
648 3538 719 3592 quae
740 3521 854 3576 subduci
873 3540 929 3598 non
949 3529 1051 3593 potest,
1073 3527 1121 3578 sed
1141 3541 1198 3578 una
1214 3523 1289 3594 rapit
1311 3525 1339 3580 in
1363 3530 1428 3580 abre
1442 3524 1576 3592 volantia,
1596 3527 1625 3582 ri

272 3603 431 3674 magnetica
451 3601 503 3656 sibi
523 3618 578 3654 non
598 3598 685 3655 minus
706 3607 903 3666 concatenata,
926 3619 1006 3674 quam
1026 3603 1051 3659 si
1071 3621 1187 3675 corpora
1207 3604 1257 3658 illa
1277 3605 1459 3678 contingeret.

353 3682 437 3735 Hisce
458 3680 690 3750 propositionibus
711 3688 802 3736 mente
823 3683 1026 3752 comprehensis
1047 3691 1077 3739 et
1095 3685 1244 3757 diligenter
1264 3685 1420 3751 trutinatis,
1442 3703 1496 3742 non
1517 3691 1624 3742 tantum

275 3762 418 3816 evanescit
438 3760 596 3816 absurditas
616 3765 647 3813 et
673 3761 744 3815 falso
770 3761 925 3834 imaginata
954 3764 1158 3838 impossibilitas
1185 3766 1302 3837 physica
1329 3773 1419 3822 motus
1440 3767 1551 3831 Terrae,
1578 3769 1626 3822 sed

275 3843 361 3897 etiam
380 3842 499 3915 patebit,
521 3840 585 3913 quid
606 3843 640 3894 ad
662 3841 774 3910 objecta
792 3843 912 3914 physica
932 3847 1170 3918 quomodocunque
1189 3846 1336 3903 informate
1349 3847 1386 3901 sit
1399 3847 1624 3918 respondendum.

353 3931 416 3986 Etsi
437 3929 588 4002 Copernioo
609 3931 699 4004 magis
720 3933 823 4002 placet,
844 3933 956 3988 Terram
978 3940 1008 3987 et
1028 3941 1140 3990 terrena
1160 3935 1265 3998 omniu,
1286 3935 1352 3990 licet
1373 3937 1472 3991 avulsa
1493 3951 1511 3991 a
1530 3937 1624 4002 Terra,

272 4029 330 4067 una
350 4016 380 4066 et
399 4013 496 4066 eadem
516 4011 608 4066 anima
627 4012 740 4066 motrioe
761 4013 913 4080 informari,
937 4030 1007 4085 quae
1028 4015 1155 4080 Terram,
1181 4033 1281 4086 corpus
1308 4033 1398 4082 suum,
1429 4023 1524 4072 rotans
1550 4025 1626 4074 rotet

272 4093 359 4147 etiam
376 4108 435 4146 una
454 4091 608 4161 particulas
629 4091 698 4146 istas
723 4109 742 4148 a
761 4111 875 4164 corpore
903 4112 953 4150 suo
979 4097 1105 4151 avulsas:
1136 4103 1168 4151 ut
1187 4095 1226 4150 sic
1246 4113 1296 4169 per
1316 4102 1405 4151 motus
1425 4097 1563 4154 violentos
1583 4098 1625 4156 ris

273 4173 325 4227 fiat
355 4172 419 4226 huic
449 4171 557 4226 animae
586 4190 638 4245 per
667 4189 760 4228 omnes
789 4174 941 4244 particulas
971 4175 1098 4242 didlrsae,
1129 4179 1351 4249 quemadmodum
1380 4193 1434 4250 ego
1464 4177 1537 4242 dico,
1571 4178 1624 4234 vim

271 4251 331 4307 fieri
359 4252 487 4308 facultati
516 4270 666 4324 corporeae
696 4250 793 4325 (quam
821 4255 991 4328 gravitatem
1021 4257 1132 4313 dicimus
1162 4274 1212 4326 seu
1236 4253 1435 4332 magnetioam)
1459 4257 1552 4315 itidem
1574 4276 1626 4331 per

271 4341 364 4388 motus
386 4333 531 4387 violentos.

351 4411 458 4468 Sufficit
477 4419 570 4470 tamen
591 4431 641 4486 pro
661 4414 758 4469 solutis
780 4431 799 4469 a
811 4416 900 4471 Terra
914 4415 1034 4471 facultas
1049 4416 1105 4472 ista
1118 4432 1264 4488 torporem
1285 4419 1410 4474 abundat
1423 4419 1474 4476 illa
1488 4405 1623 4479 animalis.

353 4504 430 4566 Quod
451 4521 517 4557 vero
537 4522 556 4559 a
575 4505 720 4561 celeritate
740 4512 829 4562 motus
850 4505 933 4576 hujus
954 4505 1032 4562 multi
1053 4507 1106 4562 sibi
1127 4513 1271 4577 terraeque
1292 4507 1470 4564 nascentibus
1497 4516 1625 4568 extrema

271 4591 406 4657 metuunt,
428 4600 540 4640 causam
559 4586 665 4642 nullam
685 4585 799 4642 habent
840 4587 910 4642 Vide
931 4589 964 4642 de
984 4588 1039 4642 hac
1058 4605 1088 4641 re
1109 4587 1177 4658 Gap.
1196 4587 1257 4642 XV.
1280 4595 1310 4643 et
1328 4589 1404 4648 xvi.
1426 4589 1489 4646 libri
1510 4592 1563 4650 mei
1588 4591 1623 4646 de

270 4664 361 4719 Stella
380 4664 550 4736 Serpentarii
572 4667 617 4722 iol.
639 4665 686 4722 82.
708 4673 740 4722 et
759 4667 805 4723 84.
830 4671 876 4736 (ll,
895 4690 919 4740 p.
939 4669 990 4724 672
1008 4673 1041 4731 ι.)

351 4745 454 4801 lbidem
474 4745 559 4800 etiem
579 4746 701 4802 inuenies
722 4747 812 4817 plenis
832 4748 901 4802 relis
923 4748 1085 4819 navigatum
1097 4763 1149 4818 per
1162 4747 1373 4804 immensitatem
1391 4749 1464 4804 orbis
1484 4753 1621 4819 mundani,

270 4842 341 4897 quae
363 4823 513 4898 Coperuioo
534 4826 607 4882 solet
625 4827 709 4896 objici
728 4833 761 4883 ut
781 4829 955 4902 prodigiosa:
978 4831 1181 4885 demonstratur
1199 4829 1279 4896 enim,
1300 4830 1371 4884 bene
1385 4831 1622 4902 proportionatam
