<?xml version="1.0" encoding="UTF-8"?>
<!DOCTYPE html PUBLIC "-//W3C//DTD XHTML 1.0 Transitional//EN"
    "http://www.w3.org/TR/xhtml1/DTD/xhtml1-transitional.dtd">
<html xmlns="http://www.w3.org/1999/xhtml" xml:lang="en" lang="en">
 <head>
  <title>
</title>
<meta http-equiv="Content-Type" content="text/html;charset=utf-8" />
  <meta name='ocr-system' content='tesseract 3.04.00' />
  <meta name='ocr-capabilities' content='ocr_page ocr_carea ocr_par ocr_line ocrx_word'/>
</head>
<body>
  <div class='ocr_page' id='page_1' title='image "./joanniskepleria23frisgoog/joanniskepleria23frisgoog_0400.png"; bbox 0 0 3517 5525; ppageno 0'>
   <div class='ocr_carea' id='block_1_1' title="bbox 669 441 1622 532">
    <p class='ocr_par' dir='ltr' id='par_1_1' title="bbox 669 441 1622 532">
     <span class='ocr_line' id='line_1_1' title="bbox 669 441 1622 532; baseline -0.007 -15"><span class='ocrx_word' id='word_1_1' title='bbox 669 460 730 517; x_wconf 73' lang='lat' dir='ltr'>raa</span> <span class='ocrx_word' id='word_1_2' title='bbox 749 460 853 528; x_wconf 69' lang='lat' dir='ltr'>caua</span> <span class='ocrx_word' id='word_1_3' title='bbox 890 458 972 530; x_wconf 81' lang='lat' dir='ltr'>caput</span> <span class='ocrx_word' id='word_1_4' title='bbox 988 461 1067 517; x_wconf 81' lang='lat' dir='ltr'>nvn.</span> <span class='ocrx_word' id='word_1_5' title='bbox 1298 441 1302 448; x_wconf 78' lang='grc'><strong>’</strong></span> <span class='ocrx_word' id='word_1_6' title='bbox 1475 450 1538 532; x_wconf 81' lang='grc'>389</span> <span class='ocrx_word' id='word_1_7' title='bbox 1618 491 1622 510; x_wconf 84' lang='grc'><strong><em>.</em></strong></span> 
     </span>
    </p>
   </div>
   <div class='ocr_carea' id='block_1_2' title="bbox 133 637 1720 5093">
    <p class='ocr_par' dir='ltr' id='par_1_2' title="bbox 200 637 1568 1525">
     <span class='ocr_line' id='line_1_2' title="bbox 202 637 1542 724; baseline 0 -20"><span class='ocrx_word' id='word_1_8' title='bbox 202 637 379 704; x_wconf 72' lang='lat' dir='ltr'><strong>retentionis</strong></span> <span class='ocrx_word' id='word_1_9' title='bbox 411 661 478 703; x_wconf 88' lang='lat' dir='ltr'>esse</span> <span class='ocrx_word' id='word_1_10' title='bbox 510 642 614 704; x_wconf 90' lang='lat' dir='ltr'>multis</span> <span class='ocrx_word' id='word_1_11' title='bbox 647 643 783 724; x_wconf 90' lang='lat' dir='ltr'>partibus</span> <span class='ocrx_word' id='word_1_12' title='bbox 813 642 966 706; x_wconf 83' lang='lat' dir='ltr'><strong>fortiorem</strong></span> <span class='ocrx_word' id='word_1_13' title='bbox 999 663 1087 724; x_wconf 88' lang='lat' dir='ltr'>qnam</span> <span class='ocrx_word' id='word_1_14' title='bbox 1111 648 1253 704; x_wconf 90' lang='lat' dir='ltr'>annutum</span> <span class='ocrx_word' id='word_1_15' title='bbox 1279 642 1347 704; x_wconf 85' lang='lat' dir='ltr'>axis</span> <span class='ocrx_word' id='word_1_16' title='bbox 1369 643 1408 704; x_wconf 88' lang='lat' dir='ltr'>ad</span> <span class='ocrx_word' id='word_1_17' title='bbox 1431 641 1542 716; x_wconf 89' lang='lat' dir='ltr'>Solem,</span> 
     </span>
     <span class='ocr_line' id='line_1_3' title="bbox 202 729 1568 812; baseline 0.001 -20"><span class='ocrx_word' id='word_1_18' title='bbox 202 739 291 812; x_wconf 90' lang='lat' dir='ltr'>atque</span> <span class='ocrx_word' id='word_1_19' title='bbox 321 729 365 793; x_wconf 83' lang='lat' dir='ltr'>ita</span> <span class='ocrx_word' id='word_1_20' title='bbox 392 730 476 793; x_wconf 87' lang='lat' dir='ltr'>illam</span> <span class='ocrx_word' id='word_1_21' title='bbox 506 731 544 792; x_wconf 91' lang='lat' dir='ltr'>ab</span> <span class='ocrx_word' id='word_1_22' title='bbox 567 732 740 794; x_wconf 89' lang='lat' dir='ltr'>adversario</span> <span class='ocrx_word' id='word_1_23' title='bbox 768 742 831 795; x_wconf 86' lang='lat' dir='ltr'>tam</span> <span class='ocrx_word' id='word_1_24' title='bbox 853 731 995 795; x_wconf 85' lang='lat' dir='ltr'>imbecilli</span> <span class='ocrx_word' id='word_1_25' title='bbox 1018 733 1066 792; x_wconf 88' lang='lat' dir='ltr'>vel</span> <span class='ocrx_word' id='word_1_26' title='bbox 1089 731 1164 794; x_wconf 90' lang='lat' dir='ltr'>nihil</span> <span class='ocrx_word' id='word_1_27' title='bbox 1187 732 1236 792; x_wconf 88' lang='lat' dir='ltr'>vel</span> <span class='ocrx_word' id='word_1_28' title='bbox 1258 751 1361 812; x_wconf 91' lang='lat' dir='ltr'>parum</span> <span class='ocrx_word' id='word_1_29' title='bbox 1385 733 1543 794; x_wconf 85' lang='lat' dir='ltr'><strong>admodum</strong></span> <span class='ocrx_word' id='word_1_30' title='bbox 1566 765 1568 770; x_wconf 37' lang='lat' dir='ltr'>v</span> 
     </span>
     <span class='ocr_line' id='line_1_4' title="bbox 202 817 1542 903; baseline 0.001 -22"><span class='ocrx_word' id='word_1_31' title='bbox 202 817 346 899; x_wconf 86' lang='lat' dir='ltr'>fatigari?</span> <span class='ocrx_word' id='word_1_32' title='bbox 390 819 568 900; x_wconf 80' lang='lat' dir='ltr'>Exemplum</span> <span class='ocrx_word' id='word_1_33' title='bbox 596 841 713 884; x_wconf 89' lang='lat' dir='ltr'>rursum</span> <span class='ocrx_word' id='word_1_34' title='bbox 742 820 895 903; x_wconf 86' lang='lat' dir='ltr'>capiamus</span> <span class='ocrx_word' id='word_1_35' title='bbox 925 841 963 883; x_wconf 86' lang='lat' dir='ltr'>ex</span> <span class='ocrx_word' id='word_1_36' title='bbox 985 829 1134 900; x_wconf 75' lang='lat' dir='ltr'>magnete.</span> <span class='ocrx_word' id='word_1_37' title='bbox 1181 821 1216 886; x_wconf 90' lang='lat' dir='ltr'>In</span> <span class='ocrx_word' id='word_1_38' title='bbox 1240 839 1275 881; x_wconf 91' lang='lat' dir='ltr'>eo</span> <span class='ocrx_word' id='word_1_39' title='bbox 1298 821 1542 882; x_wconf 79' lang='lat' dir='ltr'>manifestissime</span> 
     </span>
     <span class='ocr_line' id='line_1_5' title="bbox 200 908 1542 990; baseline 0.001 -20"><span class='ocrx_word' id='word_1_40' title='bbox 200 908 366 990; x_wconf 80' lang='lat' dir='ltr'>permixtae</span> <span class='ocrx_word' id='word_1_41' title='bbox 397 916 467 971; x_wconf 89' lang='lat' dir='ltr'>suut</span> <span class='ocrx_word' id='word_1_42' title='bbox 490 909 565 970; x_wconf 89' lang='lat' dir='ltr'>duae</span> <span class='ocrx_word' id='word_1_43' title='bbox 588 909 733 985; x_wconf 89' lang='lat' dir='ltr'>virtutes,</span> <span class='ocrx_word' id='word_1_44' title='bbox 757 912 854 974; x_wconf 86' lang='lat' dir='ltr'>altera</span> <span class='ocrx_word' id='word_1_45' title='bbox 876 910 1052 973; x_wconf 84' lang='lat' dir='ltr'>directionis</span> <span class='ocrx_word' id='word_1_46' title='bbox 1076 911 1114 971; x_wconf 88' lang='lat' dir='ltr'>ad</span> <span class='ocrx_word' id='word_1_47' title='bbox 1137 909 1248 989; x_wconf 91' lang='lat' dir='ltr'>polum,</span> <span class='ocrx_word' id='word_1_48' title='bbox 1273 910 1370 971; x_wconf 89' lang='lat' dir='ltr'>altera</span> <span class='ocrx_word' id='word_1_49' title='bbox 1392 911 1464 972; x_wconf 92' lang='lat' dir='ltr'>ferri</span> <span class='ocrx_word' id='word_1_50' title='bbox 1487 929 1542 990; x_wconf 91' lang='lat' dir='ltr'>ap-</span> 
     </span>
     <span class='ocr_line' id='line_1_6' title="bbox 201 997 1543 1079; baseline 0.001 -21"><span class='ocrx_word' id='word_1_51' title='bbox 201 1004 316 1077; x_wconf 89' lang='lat' dir='ltr'>petens.</span> <span class='ocrx_word' id='word_1_52' title='bbox 363 999 470 1078; x_wconf 90' lang='lat' dir='ltr'>Itaque</span> <span class='ocrx_word' id='word_1_53' title='bbox 499 999 525 1059; x_wconf 91' lang='lat' dir='ltr'>si</span> <span class='ocrx_word' id='word_1_54' title='bbox 555 997 671 1078; x_wconf 88' lang='lat' dir='ltr'>lingula</span> <span class='ocrx_word' id='word_1_55' title='bbox 703 1019 756 1061; x_wconf 91' lang='lat' dir='ltr'>seu</span> <span class='ocrx_word' id='word_1_56' title='bbox 778 1020 850 1062; x_wconf 88' lang='lat' dir='ltr'>aens</span> <span class='ocrx_word' id='word_1_57' title='bbox 874 1000 995 1062; x_wconf 88' lang='lat' dir='ltr'>nautica</span> <span class='ocrx_word' id='word_1_58' title='bbox 1018 999 1166 1078; x_wconf 87' lang='lat' dir='ltr'>dirigatur</span> <span class='ocrx_word' id='word_1_59' title='bbox 1188 1017 1292 1060; x_wconf 87' lang='lat' dir='ltr'>versus</span> <span class='ocrx_word' id='word_1_60' title='bbox 1315 999 1429 1079; x_wconf 93' lang='lat' dir='ltr'>polum,</span> <span class='ocrx_word' id='word_1_61' title='bbox 1454 1018 1543 1061; x_wconf 89' lang='lat' dir='ltr'>acce-</span> 
     </span>
     <span class='ocr_line' id='line_1_7' title="bbox 202 1085 1543 1169; baseline 0.001 -21"><span class='ocrx_word' id='word_1_62' title='bbox 202 1087 256 1148; x_wconf 90' lang='lat' dir='ltr'>dat</span> <span class='ocrx_word' id='word_1_63' title='bbox 286 1105 357 1149; x_wconf 88' lang='lat' dir='ltr'>vero</span> <span class='ocrx_word' id='word_1_64' title='bbox 380 1086 491 1148; x_wconf 91' lang='lat' dir='ltr'>ferrum</span> <span class='ocrx_word' id='word_1_65' title='bbox 513 1107 532 1147; x_wconf 90' lang='lat' dir='ltr'>a</span> <span class='ocrx_word' id='word_1_66' title='bbox 553 1085 662 1162; x_wconf 87' lang='lat' dir='ltr'>latere,</span> <span class='ocrx_word' id='word_1_67' title='bbox 696 1108 766 1150; x_wconf 89' lang='lat' dir='ltr'>acus</span> <span class='ocrx_word' id='word_1_68' title='bbox 790 1111 809 1149; x_wconf 94' lang='lat' dir='ltr'>a</span> <span class='ocrx_word' id='word_1_69' title='bbox 830 1090 898 1169; x_wconf 93' lang='lat' dir='ltr'>polo</span> <span class='ocrx_word' id='word_1_70' title='bbox 914 1089 1044 1150; x_wconf 85' lang='lat' dir='ltr'>declinat</span> <span class='ocrx_word' id='word_1_71' title='bbox 1066 1106 1224 1168; x_wconf 85' lang='lat' dir='ltr'>parumper</span> <span class='ocrx_word' id='word_1_72' title='bbox 1248 1093 1279 1149; x_wconf 92' lang='lat' dir='ltr'>et</span> <span class='ocrx_word' id='word_1_73' title='bbox 1301 1088 1338 1148; x_wconf 90' lang='lat' dir='ltr'>ad</span> <span class='ocrx_word' id='word_1_74' title='bbox 1362 1089 1472 1150; x_wconf 87' lang='lat' dir='ltr'>ferrum</span> <span class='ocrx_word' id='word_1_75' title='bbox 1493 1089 1543 1149; x_wconf 90' lang='lat' dir='ltr'>in-</span> 
     </span>
     <span class='ocr_line' id='line_1_8' title="bbox 202 1174 1543 1258; baseline 0.001 -22"><span class='ocrx_word' id='word_1_76' title='bbox 202 1174 305 1252; x_wconf 91' lang='lat' dir='ltr'>clinat,</span> <span class='ocrx_word' id='word_1_77' title='bbox 330 1183 421 1255; x_wconf 89' lang='lat' dir='ltr'>atque</span> <span class='ocrx_word' id='word_1_78' title='bbox 443 1175 488 1237; x_wconf 91' lang='lat' dir='ltr'>ita</span> <span class='ocrx_word' id='word_1_79' title='bbox 505 1176 639 1238; x_wconf 92' lang='lat' dir='ltr'>nonnihil</span> <span class='ocrx_word' id='word_1_80' title='bbox 653 1177 788 1258; x_wconf 85' lang='lat' dir='ltr'>indulget</span> <span class='ocrx_word' id='word_1_81' title='bbox 806 1175 1003 1240; x_wconf 80' lang='lat' dir='ltr'>familiaritati</span> <span class='ocrx_word' id='word_1_82' title='bbox 1023 1175 1108 1250; x_wconf 90' lang='lat' dir='ltr'>ferri,</span> <span class='ocrx_word' id='word_1_83' title='bbox 1133 1176 1176 1238; x_wconf 89' lang='lat' dir='ltr'>sic</span> <span class='ocrx_word' id='word_1_84' title='bbox 1197 1184 1306 1251; x_wconf 87' lang='lat' dir='ltr'>tamen,</span> <span class='ocrx_word' id='word_1_85' title='bbox 1331 1183 1364 1238; x_wconf 94' lang='lat' dir='ltr'>ut</span> <span class='ocrx_word' id='word_1_86' title='bbox 1385 1176 1543 1258; x_wconf 91' lang='lat' dir='ltr'>plurimum</span> 
     </span>
     <span class='ocr_line' id='line_1_9' title="bbox 202 1261 1542 1348; baseline 0.002 -24"><span class='ocrx_word' id='word_1_87' title='bbox 202 1263 273 1345; x_wconf 93' lang='lat' dir='ltr'>polo</span> <span class='ocrx_word' id='word_1_88' title='bbox 295 1263 418 1327; x_wconf 78' lang='lat' dir='ltr'>tribuat</span> <span class='ocrx_word' id='word_1_89' title='bbox 464 1264 541 1326; x_wconf 90' lang='lat' dir='ltr'>Hinc</span> <span class='ocrx_word' id='word_1_90' title='bbox 565 1266 640 1326; x_wconf 92' lang='lat' dir='ltr'>adeo</span> <span class='ocrx_word' id='word_1_91' title='bbox 662 1266 727 1328; x_wconf 85' lang='lat' dir='ltr'>fieri</span> <span class='ocrx_word' id='word_1_92' title='bbox 749 1261 837 1348; x_wconf 90' lang='lat' dir='ltr'>putat</span> <span class='ocrx_word' id='word_1_93' title='bbox 860 1265 1073 1340; x_wconf 87' lang='lat' dir='ltr'>Gilbertus,</span> <span class='ocrx_word' id='word_1_94' title='bbox 1098 1273 1132 1326; x_wconf 91' lang='lat' dir='ltr'>ut</span> <span class='ocrx_word' id='word_1_95' title='bbox 1154 1265 1266 1344; x_wconf 90' lang='lat' dir='ltr'>lingula</span> <span class='ocrx_word' id='word_1_96' title='bbox 1281 1285 1300 1325; x_wconf 90' lang='lat' dir='ltr'>a</span> <span class='ocrx_word' id='word_1_97' title='bbox 1314 1266 1382 1346; x_wconf 94' lang='lat' dir='ltr'>polo</span> <span class='ocrx_word' id='word_1_98' title='bbox 1399 1265 1438 1327; x_wconf 92' lang='lat' dir='ltr'>ad</span> <span class='ocrx_word' id='word_1_99' title='bbox 1451 1284 1542 1345; x_wconf 91' lang='lat' dir='ltr'>prae-</span> 
     </span>
     <span class='ocr_line' id='line_1_10' title="bbox 203 1352 1544 1436; baseline 0.001 -22"><span class='ocrx_word' id='word_1_100' title='bbox 203 1352 306 1432; x_wconf 91' lang='lat' dir='ltr'>cipuae</span> <span class='ocrx_word' id='word_1_101' title='bbox 329 1352 542 1432; x_wconf 82' lang='lat' dir='ltr'>magnitudinis</span> <span class='ocrx_word' id='word_1_102' title='bbox 566 1355 752 1417; x_wconf 87' lang='lat' dir='ltr'>continentes</span> <span class='ocrx_word' id='word_1_103' title='bbox 776 1355 921 1430; x_wconf 91' lang='lat' dir='ltr'>declinet,</span> <span class='ocrx_word' id='word_1_104' title='bbox 946 1364 1036 1436; x_wconf 88' lang='lat' dir='ltr'>atque</span> <span class='ocrx_word' id='word_1_105' title='bbox 1060 1354 1103 1416; x_wconf 89' lang='lat' dir='ltr'>ita</span> <span class='ocrx_word' id='word_1_106' title='bbox 1127 1373 1219 1416; x_wconf 90' lang='lat' dir='ltr'>causa</span> <span class='ocrx_word' id='word_1_107' title='bbox 1233 1353 1442 1417; x_wconf 85' lang='lat' dir='ltr'>declinationis</span> <span class='ocrx_word' id='word_1_108' title='bbox 1456 1353 1544 1434; x_wconf 89' lang='lat' dir='ltr'>hujus</span> 
     </span>
     <span class='ocr_line' id='line_1_11' title="bbox 202 1440 1544 1525; baseline 0.002 -22"><span class='ocrx_word' id='word_1_109' title='bbox 202 1441 278 1504; x_wconf 91' lang='lat' dir='ltr'>insit</span> <span class='ocrx_word' id='word_1_110' title='bbox 306 1440 337 1504; x_wconf 93' lang='lat' dir='ltr'>in</span> <span class='ocrx_word' id='word_1_111' title='bbox 359 1443 518 1505; x_wconf 86' lang='lat' dir='ltr'>Terrarum</span> <span class='ocrx_word' id='word_1_112' title='bbox 542 1443 703 1518; x_wconf 86' lang='lat' dir='ltr'>tractibus,</span> <span class='ocrx_word' id='word_1_113' title='bbox 727 1453 817 1525; x_wconf 90' lang='lat' dir='ltr'>prout</span> <span class='ocrx_word' id='word_1_114' title='bbox 839 1465 858 1506; x_wconf 90' lang='lat' dir='ltr'>a</span> <span class='ocrx_word' id='word_1_115' title='bbox 882 1444 996 1507; x_wconf 85' lang='lat' dir='ltr'>dextris</span> <span class='ocrx_word' id='word_1_116' title='bbox 1019 1443 1065 1504; x_wconf 87' lang='lat' dir='ltr'>vel</span> <span class='ocrx_word' id='word_1_117' title='bbox 1089 1464 1109 1504; x_wconf 92' lang='lat' dir='ltr'>a</span> <span class='ocrx_word' id='word_1_118' title='bbox 1131 1443 1261 1505; x_wconf 85' lang='lat' dir='ltr'>sinistris</span> <span class='ocrx_word' id='word_1_119' title='bbox 1284 1443 1423 1520; x_wconf 88' lang='lat' dir='ltr'>altiores,</span> <span class='ocrx_word' id='word_1_120' title='bbox 1446 1443 1544 1524; x_wconf 63' lang='lat' dir='ltr'>majo÷</span> 
     </span>
    </p>

    <p class='ocr_par' dir='ltr' id='par_1_3' title="bbox 154 1529 988 1616">
     <span class='ocr_line' id='line_1_12' title="bbox 154 1529 988 1616; baseline 0.005 -24"><span class='ocrx_word' id='word_1_121' title='bbox 154 1564 157 1568; x_wconf 93' lang='lat'>·</span> <span class='ocrx_word' id='word_1_122' title='bbox 202 1551 252 1593; x_wconf 89' lang='lat' dir='ltr'>res</span> <span class='ocrx_word' id='word_1_123' title='bbox 274 1539 307 1592; x_wconf 93' lang='lat' dir='ltr'>et</span> <span class='ocrx_word' id='word_1_124' title='bbox 329 1530 439 1593; x_wconf 89' lang='lat' dir='ltr'>virtute</span> <span class='ocrx_word' id='word_1_125' title='bbox 461 1529 654 1611; x_wconf 90' lang='lat' dir='ltr'>pollentiores</span> <span class='ocrx_word' id='word_1_126' title='bbox 677 1533 707 1593; x_wconf 93' lang='lat' dir='ltr'>in</span> <span class='ocrx_word' id='word_1_127' title='bbox 729 1534 894 1616; x_wconf 91' lang='lat' dir='ltr'>propinquo</span> <span class='ocrx_word' id='word_1_128' title='bbox 919 1535 988 1596; x_wconf 92' lang='lat' dir='ltr'>sint.</span> 
     </span>
    </p>

    <p class='ocr_par' dir='ltr' id='par_1_4' title="bbox 203 1619 1544 1968">
     <span class='ocr_line' id='line_1_13' title="bbox 291 1619 1542 1702; baseline 0.001 -20"><span class='ocrx_word' id='word_1_129' title='bbox 291 1620 436 1702; x_wconf 88' lang='lat' dir='ltr'>Adeoque</span> <span class='ocrx_word' id='word_1_130' title='bbox 468 1619 573 1681; x_wconf 90' lang='lat' dir='ltr'>eadem</span> <span class='ocrx_word' id='word_1_131' title='bbox 605 1641 697 1702; x_wconf 89' lang='lat' dir='ltr'>opera</span> <span class='ocrx_word' id='word_1_132' title='bbox 727 1631 759 1684; x_wconf 91' lang='lat' dir='ltr'>et</span> <span class='ocrx_word' id='word_1_133' title='bbox 789 1623 977 1702; x_wconf 86' lang='lat' dir='ltr'>aequabilem</span> <span class='ocrx_word' id='word_1_134' title='bbox 1009 1621 1125 1702; x_wconf 92' lang='lat' dir='ltr'>utrique</span> <span class='ocrx_word' id='word_1_135' title='bbox 1155 1620 1291 1683; x_wconf 90' lang='lat' dir='ltr'>facultati</span> <span class='ocrx_word' id='word_1_136' title='bbox 1315 1620 1444 1682; x_wconf 89' lang='lat' dir='ltr'>naturali</span> <span class='ocrx_word' id='word_1_137' title='bbox 1468 1641 1542 1702; x_wconf 92' lang='lat' dir='ltr'>ope-</span> 
     </span>
     <span class='ocr_line' id='line_1_14' title="bbox 203 1708 1543 1792; baseline 0.003 -22"><span class='ocrx_word' id='word_1_138' title='bbox 203 1708 349 1772; x_wconf 90' lang='lat' dir='ltr'>rationem</span> <span class='ocrx_word' id='word_1_139' title='bbox 371 1709 545 1791; x_wconf 89' lang='lat' dir='ltr'>permittere</span> <span class='ocrx_word' id='word_1_140' title='bbox 567 1730 743 1789; x_wconf 88' lang='lat' dir='ltr'>possumus,</span> <span class='ocrx_word' id='word_1_141' title='bbox 767 1719 798 1774; x_wconf 91' lang='lat' dir='ltr'>et</span> <span class='ocrx_word' id='word_1_142' title='bbox 819 1709 1092 1792; x_wconf 85' lang='lat' dir='ltr'>contemperatione</span> <span class='ocrx_word' id='word_1_143' title='bbox 1115 1709 1268 1790; x_wconf 90' lang='lat' dir='ltr'>utriusque</span> <span class='ocrx_word' id='word_1_144' title='bbox 1296 1730 1354 1772; x_wconf 91' lang='lat' dir='ltr'>non</span> <span class='ocrx_word' id='word_1_145' title='bbox 1386 1711 1543 1790; x_wconf 74' lang='lat' dir='ltr'>obscuram</span> 
     </span>
     <span class='ocr_line' id='line_1_15' title="bbox 203 1797 1542 1879; baseline 0.001 -19"><span class='ocrx_word' id='word_1_146' title='bbox 203 1817 298 1879; x_wconf 90' lang='lat' dir='ltr'>neque</span> <span class='ocrx_word' id='word_1_147' title='bbox 327 1797 495 1860; x_wconf 89' lang='lat' dir='ltr'>mehercule</span> <span class='ocrx_word' id='word_1_148' title='bbox 524 1818 633 1863; x_wconf 81' lang='lat' dir='ltr'>ranam</span> <span class='ocrx_word' id='word_1_149' title='bbox 669 1800 826 1862; x_wconf 91' lang='lat' dir='ltr'>ostendere</span> <span class='ocrx_word' id='word_1_150' title='bbox 850 1821 972 1863; x_wconf 90' lang='lat' dir='ltr'>causam</span> <span class='ocrx_word' id='word_1_151' title='bbox 996 1799 1203 1862; x_wconf 86' lang='lat' dir='ltr'>translationis</span> <span class='ocrx_word' id='word_1_152' title='bbox 1227 1799 1419 1878; x_wconf 90' lang='lat' dir='ltr'>apheliorum.</span> <span class='ocrx_word' id='word_1_153' title='bbox 1465 1800 1542 1862; x_wconf 86' lang='lat' dir='ltr'>Esto</span> 
     </span>
     <span class='ocr_line' id='line_1_16' title="bbox 205 1886 1544 1968; baseline 0 -19"><span class='ocrx_word' id='word_1_154' title='bbox 205 1888 292 1962; x_wconf 92' lang='lat' dir='ltr'>enim,</span> <span class='ocrx_word' id='word_1_155' title='bbox 315 1895 356 1948; x_wconf 52' lang='lat' dir='ltr'>ut*</span> <span class='ocrx_word' id='word_1_156' title='bbox 370 1887 445 1949; x_wconf 88' lang='lat' dir='ltr'>haec</span> <span class='ocrx_word' id='word_1_157' title='bbox 467 1886 514 1948; x_wconf 90' lang='lat' dir='ltr'>vis</span> <span class='ocrx_word' id='word_1_158' title='bbox 538 1887 684 1968; x_wconf 88' lang='lat' dir='ltr'>dirigendi</span> <span class='ocrx_word' id='word_1_159' title='bbox 707 1891 773 1950; x_wconf 85' lang='lat' dir='ltr'>axis</span> <span class='ocrx_word' id='word_1_160' title='bbox 796 1889 826 1951; x_wconf 94' lang='lat' dir='ltr'>in</span> <span class='ocrx_word' id='word_1_161' title='bbox 850 1891 954 1954; x_wconf 86' lang='lat' dir='ltr'>Solem</span> <span class='ocrx_word' id='word_1_162' title='bbox 977 1890 1102 1968; x_wconf 89' lang='lat' dir='ltr'>deroget</span> <span class='ocrx_word' id='word_1_163' title='bbox 1115 1887 1249 1950; x_wconf 92' lang='lat' dir='ltr'>nonnihil</span> <span class='ocrx_word' id='word_1_164' title='bbox 1269 1887 1371 1950; x_wconf 85' lang='lat' dir='ltr'>virtuti</span> <span class='ocrx_word' id='word_1_165' title='bbox 1390 1889 1544 1951; x_wconf 87' lang='lat' dir='ltr'>retentrici</span> 
     </span>
    </p>

    <p class='ocr_par' dir='ltr' id='par_1_5' title="bbox 156 1976 1720 2595">
     <span class='ocr_line' id='line_1_17' title="bbox 156 1976 1569 2059; baseline 0.001 -21"><span class='ocrx_word' id='word_1_166' title='bbox 156 2006 162 2018; x_wconf 92' lang='lat'><strong>·</strong></span> <span class='ocrx_word' id='word_1_167' title='bbox 203 1996 257 2059; x_wconf 89' lang='lat' dir='ltr'>pro</span> <span class='ocrx_word' id='word_1_168' title='bbox 283 1976 404 2039; x_wconf 92' lang='lat' dir='ltr'>modulo</span> <span class='ocrx_word' id='word_1_169' title='bbox 435 1994 507 2037; x_wconf 91' lang='lat' dir='ltr'>snae</span> <span class='ocrx_word' id='word_1_170' title='bbox 539 1977 578 2038; x_wconf 88' lang='lat' dir='ltr'>ad</span> <span class='ocrx_word' id='word_1_171' title='bbox 605 1978 689 2040; x_wconf 90' lang='lat' dir='ltr'>illam</span> <span class='ocrx_word' id='word_1_172' title='bbox 710 1979 923 2059; x_wconf 89' lang='lat' dir='ltr'>proportionis.</span> <span class='ocrx_word' id='word_1_173' title='bbox 969 1980 1004 2041; x_wconf 93' lang='lat' dir='ltr'>In</span> <span class='ocrx_word' id='word_1_174' title='bbox 1028 1976 1213 2039; x_wconf 87' lang='lat' dir='ltr'>semicirculo</span> <span class='ocrx_word' id='word_1_175' title='bbox 1237 1977 1327 2057; x_wconf 86' lang='lat' dir='ltr'>igitur</span> <span class='ocrx_word' id='word_1_176' title='bbox 1350 1977 1474 2057; x_wconf 90' lang='lat' dir='ltr'>aphelii,</span> <span class='ocrx_word' id='word_1_177' title='bbox 1512 1985 1569 2039; x_wconf 88' lang='lat' dir='ltr'>ut·</span> 
     </span>
     <span class='ocr_line' id='line_1_18' title="bbox 205 2065 1543 2150; baseline 0.001 -24"><span class='ocrx_word' id='word_1_178' title='bbox 205 2066 235 2126; x_wconf 92' lang='lat' dir='ltr'>in</span> <span class='ocrx_word' id='word_1_179' title='bbox 260 2065 455 2141; x_wconf 60' lang='lat' dir='ltr'>Cfflgllo),</span> <span class='ocrx_word' id='word_1_180' title='bbox 478 2084 578 2127; x_wconf 89' lang='lat' dir='ltr'>mucro</span> <span class='ocrx_word' id='word_1_181' title='bbox 602 2086 707 2128; x_wconf 86' lang='lat' dir='ltr'>versus</span> <span class='ocrx_word' id='word_1_182' title='bbox 729 2069 759 2130; x_wconf 91' lang='lat' dir='ltr'><strong>H</strong></span> <span class='ocrx_word' id='word_1_183' title='bbox 782 2077 893 2130; x_wconf 89' lang='lat' dir='ltr'>annuet</span> <span class='ocrx_word' id='word_1_184' title='bbox 915 2086 1087 2150; x_wconf 88' lang='lat' dir='ltr'>parumper,</span> <span class='ocrx_word' id='word_1_185' title='bbox 1119 2066 1175 2128; x_wconf 91' lang='lat' dir='ltr'>hoc</span> <span class='ocrx_word' id='word_1_186' title='bbox 1203 2074 1250 2127; x_wconf 92' lang='lat' dir='ltr'>est</span> <span class='ocrx_word' id='word_1_187' title='bbox 1273 2067 1303 2127; x_wconf 93' lang='lat' dir='ltr'>in</span> <span class='ocrx_word' id='word_1_188' title='bbox 1327 2067 1543 2141; x_wconf 84' lang='lat' dir='ltr'>antecedentia,</span> 
     </span>
     <span class='ocr_line' id='line_1_19' title="bbox 205 2154 1545 2238; baseline 0.001 -22"><span class='ocrx_word' id='word_1_189' title='bbox 205 2155 302 2216; x_wconf 89' lang='lat' dir='ltr'>cauda</span> <span class='ocrx_word' id='word_1_190' title='bbox 325 2173 396 2217; x_wconf 85' lang='lat' dir='ltr'>vero</span> <span class='ocrx_word' id='word_1_191' title='bbox 419 2155 530 2215; x_wconf 89' lang='lat' dir='ltr'>abnuet</span> <span class='ocrx_word' id='word_1_192' title='bbox 553 2176 571 2216; x_wconf 95' lang='lat' dir='ltr'>a</span> <span class='ocrx_word' id='word_1_193' title='bbox 593 2154 674 2231; x_wconf 89' lang='lat' dir='ltr'>Sole,</span> <span class='ocrx_word' id='word_1_194' title='bbox 698 2157 819 2219; x_wconf 89' lang='lat' dir='ltr'>vincens</span> <span class='ocrx_word' id='word_1_195' title='bbox 841 2176 1001 2238; x_wconf 86' lang='lat' dir='ltr'>parumper</span> <span class='ocrx_word' id='word_1_196' title='bbox 1019 2157 1079 2216; x_wconf 92' lang='lat' dir='ltr'>vim</span> <span class='ocrx_word' id='word_1_197' title='bbox 1094 2155 1294 2217; x_wconf 89' lang='lat' dir='ltr'>retentricem.</span> <span class='ocrx_word' id='word_1_198' title='bbox 1332 2155 1545 2237; x_wconf 87' lang='lat' dir='ltr'>Itaqueaphe-</span> 
     </span>
     <span class='ocr_line' id='line_1_20' title="bbox 204 2239 1657 2326; baseline 0.001 -20"><span class='ocrx_word' id='word_1_199' title='bbox 204 2245 277 2306; x_wconf 93' lang='lat' dir='ltr'>lium</span> <span class='ocrx_word' id='word_1_200' title='bbox 298 2243 350 2306; x_wconf 88' lang='lat' dir='ltr'>fiet</span> <span class='ocrx_word' id='word_1_201' title='bbox 371 2243 587 2323; x_wconf 88' lang='lat' dir='ltr'>retrogradum.</span> <span class='ocrx_word' id='word_1_202' title='bbox 632 2246 678 2315; x_wconf 84' lang='lat' dir='ltr'>At</span> <span class='ocrx_word' id='word_1_203' title='bbox 698 2244 730 2308; x_wconf 93' lang='lat' dir='ltr'>in</span> <span class='ocrx_word' id='word_1_204' title='bbox 752 2246 939 2309; x_wconf 90' lang='lat' dir='ltr'>semicirculo</span> <span class='ocrx_word' id='word_1_205' title='bbox 962 2245 1112 2326; x_wconf 91' lang='lat' dir='ltr'>perihelii,</span> <span class='ocrx_word' id='word_1_206' title='bbox 1150 2251 1183 2306; x_wconf 92' lang='lat' dir='ltr'>ut</span> <span class='ocrx_word' id='word_1_207' title='bbox 1205 2241 1234 2304; x_wconf 91' lang='lat' dir='ltr'>in</span> <span class='ocrx_word' id='word_1_208' title='bbox 1258 2245 1300 2319; x_wconf 86' lang='lat' dir='ltr'>F,</span> <span class='ocrx_word' id='word_1_209' title='bbox 1334 2253 1446 2308; x_wconf 89' lang='lat' dir='ltr'>annuet</span> <span class='ocrx_word' id='word_1_210' title='bbox 1467 2243 1546 2308; x_wconf 89' lang='lat' dir='ltr'>idem</span> <span class='ocrx_word' id='word_1_211' title='bbox 1578 2283 1597 2316; x_wconf 61' lang='grc' dir='ltr'>ι,</span> <span class='ocrx_word' id='word_1_212' title='bbox 1614 2239 1657 2295; x_wconf 56' lang='lat'>*¹¹-</span> 
     </span>
     <span class='ocr_line' id='line_1_21' title="bbox 203 2323 1720 2422; baseline 0.001 -27"><span class='ocrx_word' id='word_1_213' title='bbox 203 2351 306 2396; x_wconf 91' lang='lat' dir='ltr'>mucro</span> <span class='ocrx_word' id='word_1_214' title='bbox 328 2351 433 2395; x_wconf 89' lang='lat' dir='ltr'>versus</span> <span class='ocrx_word' id='word_1_215' title='bbox 459 2329 497 2409; x_wconf 87' lang='lat' dir='ltr'>G,</span> <span class='ocrx_word' id='word_1_216' title='bbox 522 2332 578 2394; x_wconf 94' lang='lat' dir='ltr'>hoc</span> <span class='ocrx_word' id='word_1_217' title='bbox 601 2335 697 2398; x_wconf 90' lang='lat' dir='ltr'>estin</span> <span class='ocrx_word' id='word_1_218' title='bbox 719 2337 941 2417; x_wconf 86' lang='lat' dir='ltr'>consequentia,</span> <span class='ocrx_word' id='word_1_219' title='bbox 965 2353 1066 2398; x_wconf 91' lang='lat' dir='ltr'>rusum</span> <span class='ocrx_word' id='word_1_220' title='bbox 1088 2333 1210 2396; x_wconf 90' lang='lat' dir='ltr'>vincens</span> <span class='ocrx_word' id='word_1_221' title='bbox 1234 2334 1294 2396; x_wconf 89' lang='lat' dir='ltr'>vim</span> <span class='ocrx_word' id='word_1_222' title='bbox 1311 2335 1501 2396; x_wconf 88' lang='lat' dir='ltr'>retentricem</span> <span class='ocrx_word' id='word_1_223' title='bbox 1515 2335 1545 2396; x_wconf 90' lang='lat' dir='ltr'>in</span> <span class='ocrx_word' id='word_1_224' title='bbox 1652 2375 1667 2422; x_wconf 47' lang='lat'>23*</span> <span class='ocrx_word' id='word_1_225' title='bbox 1683 2323 1720 2409; x_wconf 75' lang='grc'>.,“’</span> 
     </span>
     <span class='ocr_line' id='line_1_22' title="bbox 205 2417 1692 2506; baseline 0 -21"><span class='ocrx_word' id='word_1_226' title='bbox 205 2423 414 2486; x_wconf 90' lang='lat' dir='ltr'>eontrarium..</span> <span class='ocrx_word' id='word_1_227' title='bbox 440 2423 524 2487; x_wconf 81' lang='lat' dir='ltr'>&#39;Ihnc</span> <span class='ocrx_word' id='word_1_228' title='bbox 546 2422 638 2502; x_wconf 90' lang='lat' dir='ltr'>igitur</span> <span class='ocrx_word' id='word_1_229' title='bbox 661 2425 811 2506; x_wconf 84' lang='lat' dir='ltr'>aphelium</span> <span class='ocrx_word' id='word_1_230' title='bbox 826 2425 879 2486; x_wconf 85' lang='lat' dir='ltr'>fiet</span> <span class='ocrx_word' id='word_1_231' title='bbox 898 2423 1041 2486; x_wconf 86' lang='lat' dir='ltr'>directum</span> <span class='ocrx_word' id='word_1_232' title='bbox 1056 2429 1088 2485; x_wconf 94' lang='lat' dir='ltr'>et</span> <span class='ocrx_word' id='word_1_233' title='bbox 1105 2422 1203 2484; x_wconf 87' lang='lat' dir='ltr'>velox.</span> <span class='ocrx_word' id='word_1_234' title='bbox 1246 2420 1326 2493; x_wconf 85' lang='lat' dir='ltr'>Quia</span> <span class='ocrx_word' id='word_1_235' title='bbox 1342 2442 1413 2485; x_wconf 83' lang='lat' dir='ltr'>vero</span> <span class='ocrx_word' id='word_1_236' title='bbox 1428 2423 1547 2500; x_wconf 78' lang='lat' dir='ltr'>brevior</span> <span class='ocrx_word' id='word_1_237' title='bbox 1595 2462 1597 2470; x_wconf 64' lang='lat'>.</span> <span class='ocrx_word' id='word_1_238' title='bbox 1689 2417 1692 2429; x_wconf 77' lang='grc'><strong>“</strong></span> 
     </span>
     <span class='ocr_line' id='line_1_23' title="bbox 205 2508 1545 2595; baseline 0.002 -22"><span class='ocrx_word' id='word_1_239' title='bbox 205 2519 254 2574; x_wconf 92' lang='lat' dir='ltr'>est</span> <span class='ocrx_word' id='word_1_240' title='bbox 275 2511 332 2576; x_wconf 80' lang='lat' dir='ltr'>Ar</span> <span class='ocrx_word' id='word_1_241' title='bbox 354 2530 443 2593; x_wconf 88' lang='lat' dir='ltr'>qnam</span> <span class='ocrx_word' id='word_1_242' title='bbox 463 2510 541 2587; x_wconf 80' lang='lat' dir='ltr'>Ao,</span> <span class='ocrx_word' id='word_1_243' title='bbox 576 2520 607 2574; x_wconf 91' lang='lat' dir='ltr'>et</span> <span class='ocrx_word' id='word_1_244' title='bbox 629 2512 684 2575; x_wconf 87' lang='lat' dir='ltr'>Sol</span> <span class='ocrx_word' id='word_1_245' title='bbox 706 2513 828 2595; x_wconf 91' lang='lat' dir='ltr'>propior</span> <span class='ocrx_word' id='word_1_246' title='bbox 850 2514 909 2595; x_wconf 89' lang='lat' dir='ltr'>ipsi</span> <span class='ocrx_word' id='word_1_247' title='bbox 932 2515 957 2576; x_wconf 77' lang='lat' dir='ltr'>F</span> <span class='ocrx_word' id='word_1_248' title='bbox 980 2533 1068 2594; x_wconf 87' lang='lat' dir='ltr'>quam</span> <span class='ocrx_word' id='word_1_249' title='bbox 1090 2511 1150 2595; x_wconf 90' lang='lat' dir='ltr'>ipsi</span> <span class='ocrx_word' id='word_1_250' title='bbox 1173 2508 1217 2588; x_wconf 85' lang='lat' dir='ltr'>O,</span> <span class='ocrx_word' id='word_1_251' title='bbox 1250 2509 1318 2573; x_wconf 91' lang='lat' dir='ltr'>ideo</span> <span class='ocrx_word' id='word_1_252' title='bbox 1347 2519 1378 2573; x_wconf 91' lang='lat' dir='ltr'>et</span> <span class='ocrx_word' id='word_1_253' title='bbox 1400 2513 1447 2574; x_wconf 88' lang='lat' dir='ltr'>vis</span> <span class='ocrx_word' id='word_1_254' title='bbox 1471 2533 1545 2576; x_wconf 90' lang='lat' dir='ltr'>con-</span> 
     </span>
    </p>

    <p class='ocr_par' dir='ltr' id='par_1_6' title="bbox 171 2598 1548 3218">
     <span class='ocr_line' id='line_1_24' title="bbox 171 2598 1548 2684; baseline 0.002 -23"><span class='ocrx_word' id='word_1_255' title='bbox 171 2671 176 2676; x_wconf 39' lang='lat'>,</span> <span class='ocrx_word' id='word_1_256' title='bbox 205 2598 354 2663; x_wconf 82' lang='lat' dir='ltr'>versionis</span> <span class='ocrx_word' id='word_1_257' title='bbox 386 2600 452 2662; x_wconf 89' lang='lat' dir='ltr'>axis</span> <span class='ocrx_word' id='word_1_258' title='bbox 484 2602 645 2680; x_wconf 90' lang='lat' dir='ltr'>magnetici</span> <span class='ocrx_word' id='word_1_259' title='bbox 677 2603 716 2665; x_wconf 90' lang='lat' dir='ltr'>ad</span> <span class='ocrx_word' id='word_1_260' title='bbox 739 2603 841 2666; x_wconf 87' lang='lat' dir='ltr'>Solem</span> <span class='ocrx_word' id='word_1_261' title='bbox 874 2603 981 2665; x_wconf 94' lang='lat' dir='ltr'>fortior</span> <span class='ocrx_word' id='word_1_262' title='bbox 1011 2603 1041 2664; x_wconf 91' lang='lat' dir='ltr'>in</span> <span class='ocrx_word' id='word_1_263' title='bbox 1064 2603 1090 2663; x_wconf 89' lang='lat' dir='ltr'><strong>F</strong></span> <span class='ocrx_word' id='word_1_264' title='bbox 1113 2617 1200 2684; x_wconf 89' lang='lat' dir='ltr'>quam</span> <span class='ocrx_word' id='word_1_265' title='bbox 1224 2599 1253 2661; x_wconf 91' lang='lat' dir='ltr'>in</span> <span class='ocrx_word' id='word_1_266' title='bbox 1278 2598 1313 2663; x_wconf 87' lang='lat' dir='ltr'>C.</span> <span class='ocrx_word' id='word_1_267' title='bbox 1357 2601 1432 2664; x_wconf 91' lang='lat' dir='ltr'>Plus</span> <span class='ocrx_word' id='word_1_268' title='bbox 1455 2601 1548 2682; x_wconf 88' lang='lat' dir='ltr'>igitur</span> 
     </span>
     <span class='ocr_line' id='line_1_25' title="bbox 207 2688 1547 2775; baseline 0.001 -23"><span class='ocrx_word' id='word_1_269' title='bbox 207 2690 399 2770; x_wconf 90' lang='lat' dir='ltr'>derogabitur</span> <span class='ocrx_word' id='word_1_270' title='bbox 420 2688 575 2752; x_wconf 85' lang='lat' dir='ltr'>retentrici</span> <span class='ocrx_word' id='word_1_271' title='bbox 596 2691 627 2752; x_wconf 91' lang='lat' dir='ltr'>in</span> <span class='ocrx_word' id='word_1_272' title='bbox 650 2691 675 2752; x_wconf 82' lang='lat' dir='ltr'>F</span> <span class='ocrx_word' id='word_1_273' title='bbox 697 2712 786 2775; x_wconf 89' lang='lat' dir='ltr'>qnam</span> <span class='ocrx_word' id='word_1_274' title='bbox 807 2693 838 2755; x_wconf 91' lang='lat' dir='ltr'>in</span> <span class='ocrx_word' id='word_1_275' title='bbox 863 2691 897 2757; x_wconf 86' lang='lat' dir='ltr'>O.</span> <span class='ocrx_word' id='word_1_276' title='bbox 936 2692 1005 2754; x_wconf 91' lang='lat' dir='ltr'>Non</span> <span class='ocrx_word' id='word_1_277' title='bbox 1023 2699 1139 2753; x_wconf 86' lang='lat' dir='ltr'>tantum</span> <span class='ocrx_word' id='word_1_278' title='bbox 1160 2689 1251 2770; x_wconf 90' lang='lat' dir='ltr'>igitur</span> <span class='ocrx_word' id='word_1_279' title='bbox 1266 2698 1441 2771; x_wconf 88' lang='lat' dir='ltr'>compensat</span> <span class='ocrx_word' id='word_1_280' title='bbox 1457 2698 1547 2753; x_wconf 90' lang='lat' dir='ltr'>nutus</span> 
     </span>
     <span class='ocr_line' id='line_1_26' title="bbox 205 2779 1547 2867; baseline 0 -24"><span class='ocrx_word' id='word_1_281' title='bbox 205 2780 369 2863; x_wconf 91' lang='lat' dir='ltr'>perihelius</span> <span class='ocrx_word' id='word_1_282' title='bbox 396 2779 426 2841; x_wconf 92' lang='lat' dir='ltr'>in</span> <span class='ocrx_word' id='word_1_283' title='bbox 457 2781 671 2863; x_wconf 89' lang='lat' dir='ltr'>consequentia</span> <span class='ocrx_word' id='word_1_284' title='bbox 699 2791 802 2846; x_wconf 92' lang='lat' dir='ltr'>nutum</span> <span class='ocrx_word' id='word_1_285' title='bbox 825 2781 977 2862; x_wconf 91' lang='lat' dir='ltr'>aphelium</span> <span class='ocrx_word' id='word_1_286' title='bbox 999 2782 1028 2843; x_wconf 90' lang='lat' dir='ltr'>in</span> <span class='ocrx_word' id='word_1_287' title='bbox 1051 2780 1279 2856; x_wconf 86' lang='lat' dir='ltr'>antecedentia,</span> <span class='ocrx_word' id='word_1_288' title='bbox 1303 2781 1356 2842; x_wconf 90' lang='lat' dir='ltr'>sed</span> <span class='ocrx_word' id='word_1_289' title='bbox 1380 2780 1470 2844; x_wconf 89' lang='lat' dir='ltr'>stiam</span> <span class='ocrx_word' id='word_1_290' title='bbox 1494 2802 1547 2867; x_wconf 69' lang='lat' dir='ltr'>su7</span> 
     </span>
     <span class='ocr_line' id='line_1_27' title="bbox 206 2861 1547 2954; baseline 0 -23"><span class='ocrx_word' id='word_1_291' title='bbox 206 2877 293 2950; x_wconf 87' lang='lat' dir='ltr'>perat</span> <span class='ocrx_word' id='word_1_292' title='bbox 316 2888 391 2930; x_wconf 90' lang='lat' dir='ltr'>enm.</span> <span class='ocrx_word' id='word_1_293' title='bbox 436 2861 537 2954; x_wconf 83' lang='lat' dir='ltr'>¹Atque</span> <span class='ocrx_word' id='word_1_294' title='bbox 560 2870 605 2933; x_wconf 89' lang='lat' dir='ltr'>ita</span> <span class='ocrx_word' id='word_1_295' title='bbox 627 2888 719 2934; x_wconf 91' lang='lat' dir='ltr'>cansa</span> <span class='ocrx_word' id='word_1_296' title='bbox 739 2879 834 2952; x_wconf 89' lang='lat' dir='ltr'>patet,</span> <span class='ocrx_word' id='word_1_297' title='bbox 857 2890 910 2934; x_wconf 89' lang='lat' dir='ltr'>our</span> <span class='ocrx_word' id='word_1_298' title='bbox 930 2870 1054 2951; x_wconf 90' lang='lat' dir='ltr'>apsides</span> <span class='ocrx_word' id='word_1_299' title='bbox 1076 2862 1315 2950; x_wconf 84' lang='lat' dir='ltr'>progrediantur,</span> <span class='ocrx_word' id='word_1_300' title='bbox 1338 2890 1396 2931; x_wconf 92' lang='lat' dir='ltr'>non</span> <span class='ocrx_word' id='word_1_301' title='bbox 1414 2878 1547 2933; x_wconf 86' lang='lat' dir='ltr'>retroce-</span> 
     </span>
     <span class='ocr_line' id='line_1_28' title="bbox 206 2956 1547 3039; baseline 0 -18"><span class='ocrx_word' id='word_1_302' title='bbox 206 2960 289 3021; x_wconf 90' lang='lat' dir='ltr'>dant.</span> <span class='ocrx_word' id='word_1_303' title='bbox 335 2956 440 3039; x_wconf 89' lang='lat' dir='ltr'>Itaque</span> <span class='ocrx_word' id='word_1_304' title='bbox 464 2958 614 3038; x_wconf 89' lang='lat' dir='ltr'>aphelium</span> <span class='ocrx_word' id='word_1_305' title='bbox 637 2979 656 3020; x_wconf 86' lang='lat' dir='ltr'>a</span> <span class='ocrx_word' id='word_1_306' title='bbox 677 2960 763 3024; x_wconf 90' lang='lat' dir='ltr'>nobis</span> <span class='ocrx_word' id='word_1_307' title='bbox 786 2960 939 3023; x_wconf 89' lang='lat' dir='ltr'>inventum</span> <span class='ocrx_word' id='word_1_308' title='bbox 962 2959 1077 3021; x_wconf 87' lang='lat' dir='ltr'>valebit</span> <span class='ocrx_word' id='word_1_309' title='bbox 1098 2964 1215 3019; x_wconf 88' lang='lat' dir='ltr'>tantum</span> <span class='ocrx_word' id='word_1_310' title='bbox 1238 2958 1268 3018; x_wconf 92' lang='lat' dir='ltr'>in</span> <span class='ocrx_word' id='word_1_311' title='bbox 1292 2958 1442 3021; x_wconf 86' lang='lat' dir='ltr'>anomalia</span> <span class='ocrx_word' id='word_1_312' title='bbox 1457 2979 1547 3022; x_wconf 85' lang='lat' dir='ltr'>coae-</span> 
     </span>
     <span class='ocr_line' id='line_1_29' title="bbox 207 3042 1548 3133; baseline -0.001 -24"><span class='ocrx_word' id='word_1_313' title='bbox 207 3055 298 3129; x_wconf 87' lang='lat' dir='ltr'>quata</span> <span class='ocrx_word' id='word_1_314' title='bbox 320 3042 382 3112; x_wconf 81' lang='lat'>90⁰</span> <span class='ocrx_word' id='word_1_315' title='bbox 403 3054 435 3108; x_wconf 90' lang='lat' dir='ltr'>et</span> <span class='ocrx_word' id='word_1_316' title='bbox 456 3043 554 3122; x_wconf 82' lang='lat'>270⁰,</span> <span class='ocrx_word' id='word_1_317' title='bbox 583 3050 700 3130; x_wconf 86' lang='lat' dir='ltr'>qnando</span> <span class='ocrx_word' id='word_1_318' title='bbox 728 3049 794 3111; x_wconf 84' lang='lat' dir='ltr'>axis</span> <span class='ocrx_word' id='word_1_319' title='bbox 816 3048 968 3133; x_wconf 83' lang='lat' dir='ltr'>virtuosus</span> <span class='ocrx_word' id='word_1_320' title='bbox 992 3048 1022 3110; x_wconf 92' lang='lat' dir='ltr'>in</span> <span class='ocrx_word' id='word_1_321' title='bbox 1046 3047 1149 3111; x_wconf 88' lang='lat' dir='ltr'>Solem</span> <span class='ocrx_word' id='word_1_322' title='bbox 1171 3048 1270 3127; x_wconf 89' lang='lat' dir='ltr'>ipsum</span> <span class='ocrx_word' id='word_1_323' title='bbox 1291 3046 1469 3127; x_wconf 87' lang='lat' dir='ltr'>porrigitur,</span> <span class='ocrx_word' id='word_1_324' title='bbox 1496 3048 1548 3129; x_wconf 93' lang='lat' dir='ltr'>qui</span> 
     </span>
     <span class='ocr_line' id='line_1_30' title="bbox 208 3134 1546 3218; baseline -0.001 -19"><span class='ocrx_word' id='word_1_325' title='bbox 208 3145 256 3199; x_wconf 91' lang='lat' dir='ltr'>est</span> <span class='ocrx_word' id='word_1_326' title='bbox 273 3136 374 3216; x_wconf 89' lang='lat' dir='ltr'>justus</span> <span class='ocrx_word' id='word_1_327' title='bbox 398 3136 463 3215; x_wconf 88' lang='lat' dir='ltr'>ejus</span> <span class='ocrx_word' id='word_1_328' title='bbox 486 3135 582 3209; x_wconf 88' lang='lat' dir='ltr'>situs,-</span> <span class='ocrx_word' id='word_1_329' title='bbox 620 3138 735 3218; x_wconf 91' lang='lat' dir='ltr'>eritque</span> <span class='ocrx_word' id='word_1_330' title='bbox 756 3144 855 3199; x_wconf 92' lang='lat' dir='ltr'>motus</span> <span class='ocrx_word' id='word_1_331' title='bbox 878 3136 991 3218; x_wconf 89' lang='lat' dir='ltr'>aphelii</span> <span class='ocrx_word' id='word_1_332' title='bbox 1015 3134 1147 3217; x_wconf 89' lang='lat' dir='ltr'>spiralis,</span> <span class='ocrx_word' id='word_1_333' title='bbox 1170 3142 1204 3197; x_wconf 93' lang='lat' dir='ltr'>ut</span> <span class='ocrx_word' id='word_1_334' title='bbox 1222 3134 1300 3196; x_wconf 89' lang='lat' dir='ltr'>infra</span> <span class='ocrx_word' id='word_1_335' title='bbox 1318 3153 1382 3217; x_wconf 89' lang='lat' dir='ltr'>cap.</span> <span class='ocrx_word' id='word_1_336' title='bbox 1399 3136 1546 3200; x_wconf 83' lang='lat' dir='ltr'>LXVIH.</span> 
     </span>
    </p>

    <p class='ocr_par' dir='ltr' id='par_1_7' title="bbox 133 3223 1547 3575">
     <span class='ocr_line' id='line_1_31' title="bbox 133 3223 1546 3307; baseline -0.003 -18"><span class='ocrx_word' id='word_1_337' title='bbox 133 3254 137 3261; x_wconf 91' lang='lat'><em>·</em></span> <span class='ocrx_word' id='word_1_338' title='bbox 208 3226 301 3289; x_wconf 92' lang='lat' dir='ltr'>etiam</span> <span class='ocrx_word' id='word_1_339' title='bbox 328 3225 365 3286; x_wconf 93' lang='lat' dir='ltr'>de</span> <span class='ocrx_word' id='word_1_340' title='bbox 396 3233 480 3289; x_wconf 89' lang='lat' dir='ltr'>motu</span> <span class='ocrx_word' id='word_1_341' title='bbox 509 3225 730 3305; x_wconf 87' lang='lat' dir='ltr'>praecessionis</span> <span class='ocrx_word' id='word_1_342' title='bbox 760 3225 1015 3307; x_wconf 87' lang='lat' dir='ltr'>aequinoctiorum</span> <span class='ocrx_word' id='word_1_343' title='bbox 1047 3224 1083 3286; x_wconf 95' lang='lat' dir='ltr'>ob</span> <span class='ocrx_word' id='word_1_344' title='bbox 1114 3242 1236 3285; x_wconf 90' lang='lat' dir='ltr'>causam</span> <span class='ocrx_word' id='word_1_345' title='bbox 1268 3223 1359 3286; x_wconf 87' lang='lat' dir='ltr'>aliam</span> <span class='ocrx_word' id='word_1_346' title='bbox 1387 3225 1546 3305; x_wconf 83' lang='lat' dir='ltr'>existentis</span> 
     </span>
     <span class='ocr_line' id='line_1_32' title="bbox 207 3312 1546 3397; baseline 0 -20"><span class='ocrx_word' id='word_1_347' title='bbox 207 3313 332 3397; x_wconf 84' lang='lat' dir='ltr'>patebit.</span> <span class='ocrx_word' id='word_1_348' title='bbox 377 3314 513 3376; x_wconf 90' lang='lat' dir='ltr'>Directio</span> <span class='ocrx_word' id='word_1_349' title='bbox 542 3315 634 3395; x_wconf 90' lang='lat' dir='ltr'>igitur</span> <span class='ocrx_word' id='word_1_350' title='bbox 656 3314 722 3377; x_wconf 89' lang='lat' dir='ltr'>axis</span> <span class='ocrx_word' id='word_1_351' title='bbox 744 3314 907 3395; x_wconf 91' lang='lat' dir='ltr'>magnetici</span> <span class='ocrx_word' id='word_1_352' title='bbox 928 3314 1069 3377; x_wconf 90' lang='lat' dir='ltr'>insitum</span> <span class='ocrx_word' id='word_1_353' title='bbox 1090 3312 1283 3393; x_wconf 88' lang='lat' dir='ltr'>parallelum,</span> <span class='ocrx_word' id='word_1_354' title='bbox 1307 3332 1360 3375; x_wconf 91' lang='lat' dir='ltr'>seu</span> <span class='ocrx_word' id='word_1_355' title='bbox 1383 3313 1440 3389; x_wconf 91' lang='lat' dir='ltr'>vis,</span> <span class='ocrx_word' id='word_1_356' title='bbox 1463 3314 1546 3377; x_wconf 92' lang='lat' dir='ltr'>illius</span> 
     </span>
     <span class='ocr_line' id='line_1_33' title="bbox 208 3400 1547 3484; baseline 0 -18"><span class='ocrx_word' id='word_1_357' title='bbox 208 3412 320 3479; x_wconf 89' lang='lat' dir='ltr'>custos,</span> <span class='ocrx_word' id='word_1_358' title='bbox 342 3423 402 3465; x_wconf 92' lang='lat' dir='ltr'>non</span> <span class='ocrx_word' id='word_1_359' title='bbox 423 3404 565 3484; x_wconf 89' lang='lat' dir='ltr'>respiciet</span> <span class='ocrx_word' id='word_1_360' title='bbox 586 3404 662 3467; x_wconf 87' lang='lat' dir='ltr'>fixas</span> <span class='ocrx_word' id='word_1_361' title='bbox 685 3404 740 3466; x_wconf 91' lang='lat' dir='ltr'>has</span> <span class='ocrx_word' id='word_1_362' title='bbox 762 3404 811 3466; x_wconf 88' lang='lat' dir='ltr'>vel</span> <span class='ocrx_word' id='word_1_363' title='bbox 833 3404 918 3478; x_wconf 88' lang='lat' dir='ltr'>illas,</span> <span class='ocrx_word' id='word_1_364' title='bbox 943 3405 997 3466; x_wconf 92' lang='lat' dir='ltr'>sed</span> <span class='ocrx_word' id='word_1_365' title='bbox 1018 3410 1135 3465; x_wconf 91' lang='lat' dir='ltr'>tautum</span> <span class='ocrx_word' id='word_1_366' title='bbox 1158 3401 1248 3463; x_wconf 90' lang='lat' dir='ltr'>situm</span> <span class='ocrx_word' id='word_1_367' title='bbox 1273 3400 1319 3464; x_wconf 92' lang='lat' dir='ltr'>sui</span> <span class='ocrx_word' id='word_1_368' title='bbox 1342 3403 1489 3484; x_wconf 90' lang='lat' dir='ltr'>corporis,</span> <span class='ocrx_word' id='word_1_369' title='bbox 1514 3411 1547 3466; x_wconf 91' lang='lat' dir='ltr'>ut</span> 
     </span>
     <span class='ocr_line' id='line_1_34' title="bbox 208 3491 1545 3575; baseline 0.001 -21"><span class='ocrx_word' id='word_1_370' title='bbox 208 3494 235 3555; x_wconf 88' lang='lat' dir='ltr'>is</span> <span class='ocrx_word' id='word_1_371' title='bbox 262 3498 310 3554; x_wconf 89' lang='lat' dir='ltr'>est</span> <span class='ocrx_word' id='word_1_372' title='bbox 337 3491 470 3574; x_wconf 86' lang='lat' dir='ltr'>quolibet</span> <span class='ocrx_word' id='word_1_373' title='bbox 496 3499 639 3575; x_wconf 91' lang='lat' dir='ltr'>tempore.</span> <span class='ocrx_word' id='word_1_374' title='bbox 689 3492 731 3555; x_wconf 84' lang='lat' dir='ltr'>Et</span> <span class='ocrx_word' id='word_1_375' title='bbox 756 3512 788 3555; x_wconf 91' lang='lat' dir='ltr'>re</span> <span class='ocrx_word' id='word_1_376' title='bbox 817 3492 992 3573; x_wconf 90' lang='lat' dir='ltr'>simpliciter</span> <span class='ocrx_word' id='word_1_377' title='bbox 1018 3510 1184 3574; x_wconf 89' lang='lat' dir='ltr'>perpensa,</span> <span class='ocrx_word' id='word_1_378' title='bbox 1222 3492 1291 3572; x_wconf 87' lang='lat' dir='ltr'>quia</span> <span class='ocrx_word' id='word_1_379' title='bbox 1321 3491 1446 3553; x_wconf 89' lang='lat' dir='ltr'>directio</span> <span class='ocrx_word' id='word_1_380' title='bbox 1469 3492 1545 3555; x_wconf 90' lang='lat' dir='ltr'>haec</span> 
     </span>
    </p>

    <p class='ocr_par' dir='ltr' id='par_1_8' title="bbox 162 3572 1546 3755">
     <span class='ocr_line' id='line_1_35' title="bbox 162 3572 1546 3665; baseline 0.001 -22"><span class='ocrx_word' id='word_1_381' title='bbox 162 3572 167 3582; x_wconf 80' lang='grc'><strong>’</strong></span> <span class='ocrx_word' id='word_1_382' title='bbox 208 3582 301 3665; x_wconf 90' lang='lat' dir='ltr'>quieti</span> <span class='ocrx_word' id='word_1_383' title='bbox 323 3581 447 3644; x_wconf 91' lang='lat' dir='ltr'>similior</span> <span class='ocrx_word' id='word_1_384' title='bbox 470 3590 517 3644; x_wconf 88' lang='lat' dir='ltr'>est</span> <span class='ocrx_word' id='word_1_385' title='bbox 539 3602 627 3664; x_wconf 90' lang='lat' dir='ltr'>qnam</span> <span class='ocrx_word' id='word_1_386' title='bbox 648 3582 752 3659; x_wconf 90' lang='lat' dir='ltr'>motui,</span> <span class='ocrx_word' id='word_1_387' title='bbox 775 3583 807 3645; x_wconf 90' lang='lat' dir='ltr'>in</span> <span class='ocrx_word' id='word_1_388' title='bbox 823 3583 950 3645; x_wconf 89' lang='lat' dir='ltr'>materia</span> <span class='ocrx_word' id='word_1_389' title='bbox 971 3582 1059 3665; x_wconf 90' lang='lat' dir='ltr'>inque</span> <span class='ocrx_word' id='word_1_390' title='bbox 1076 3580 1209 3661; x_wconf 90' lang='lat' dir='ltr'>corporis</span> <span class='ocrx_word' id='word_1_391' title='bbox 1224 3578 1420 3662; x_wconf 87' lang='lat' dir='ltr'>dispositione</span> <span class='ocrx_word' id='word_1_392' title='bbox 1434 3580 1546 3663; x_wconf 88' lang='lat' dir='ltr'>potiori</span> 
     </span>
     <span class='ocr_line' id='line_1_36' title="bbox 204 3670 912 3755; baseline 0.001 -22"><span class='ocrx_word' id='word_1_393' title='bbox 204 3672 272 3752; x_wconf 91' lang='lat' dir='ltr'>jure</span> <span class='ocrx_word' id='word_1_394' title='bbox 295 3670 457 3753; x_wconf 85' lang='lat' dir='ltr'>quaeritur,</span> <span class='ocrx_word' id='word_1_395' title='bbox 480 3690 568 3751; x_wconf 92' lang='lat' dir='ltr'>quam</span> <span class='ocrx_word' id='word_1_396' title='bbox 590 3671 621 3733; x_wconf 90' lang='lat' dir='ltr'>in</span> <span class='ocrx_word' id='word_1_397' title='bbox 643 3672 744 3755; x_wconf 90' lang='lat' dir='ltr'>aliqua</span> <span class='ocrx_word' id='word_1_398' title='bbox 766 3679 874 3734; x_wconf 88' lang='lat' dir='ltr'>mente.</span> <span class='ocrx_word' id='word_1_399' title='bbox 910 3744 912 3751; x_wconf 18' lang='grc' dir='ltr'><strong><em>Α</em></strong></span> 
     </span>
    </p>

    <p class='ocr_par' dir='ltr' id='par_1_9' title="bbox 208 3756 1547 4467">
     <span class='ocr_line' id='line_1_37' title="bbox 296 3756 1544 3841; baseline -0.001 -19"><span class='ocrx_word' id='word_1_400' title='bbox 296 3760 364 3841; x_wconf 85' lang='lat' dir='ltr'>Age</span> <span class='ocrx_word' id='word_1_401' title='bbox 386 3779 467 3833; x_wconf 85' lang='lat' dir='ltr'>vero,</span> <span class='ocrx_word' id='word_1_402' title='bbox 489 3760 666 3824; x_wconf 84' lang='lat' dir='ltr'>arctioribus</span> <span class='ocrx_word' id='word_1_403' title='bbox 696 3760 834 3841; x_wconf 88' lang='lat' dir='ltr'>vestigiis</span> <span class='ocrx_word' id='word_1_404' title='bbox 864 3777 1078 3841; x_wconf 87' lang='lat' dir='ltr'>persequamur</span> <span class='ocrx_word' id='word_1_405' title='bbox 1100 3758 1176 3822; x_wconf 87' lang='lat' dir='ltr'>hanc</span> <span class='ocrx_word' id='word_1_406' title='bbox 1204 3756 1427 3820; x_wconf 90' lang='lat' dir='ltr'>similitudinem</span> <span class='ocrx_word' id='word_1_407' title='bbox 1449 3758 1544 3821; x_wconf 89' lang='lat' dir='ltr'>libra-</span> 
     </span>
     <span class='ocr_line' id='line_1_38' title="bbox 210 3847 1546 3931; baseline -0.001 -20"><span class='ocrx_word' id='word_1_408' title='bbox 210 3848 301 3911; x_wconf 89' lang='lat' dir='ltr'>tionis</span> <span class='ocrx_word' id='word_1_409' title='bbox 332 3849 519 3930; x_wconf 87' lang='lat' dir='ltr'>planetariae</span> <span class='ocrx_word' id='word_1_410' title='bbox 543 3868 610 3912; x_wconf 92' lang='lat' dir='ltr'>oum</span> <span class='ocrx_word' id='word_1_411' title='bbox 636 3858 720 3914; x_wconf 91' lang='lat' dir='ltr'>motu</span> <span class='ocrx_word' id='word_1_412' title='bbox 748 3849 915 3931; x_wconf 87' lang='lat' dir='ltr'>magnetis,</span> <span class='ocrx_word' id='word_1_413' title='bbox 946 3848 1033 3929; x_wconf 92' lang='lat' dir='ltr'>idque</span> <span class='ocrx_word' id='word_1_414' title='bbox 1064 3848 1316 3911; x_wconf 87' lang='lat' dir='ltr'>demonstratione</span> <span class='ocrx_word' id='word_1_415' title='bbox 1348 3847 1546 3927; x_wconf 90' lang='lat' dir='ltr'>pulcherrima</span> 
     </span>
     <span class='ocr_line' id='line_1_39' title="bbox 210 3936 1547 4021; baseline 0.001 -22"><span class='ocrx_word' id='word_1_416' title='bbox 210 3937 407 4019; x_wconf 88' lang='lat' dir='ltr'>geometrica:</span> <span class='ocrx_word' id='word_1_417' title='bbox 429 3946 463 4000; x_wconf 90' lang='lat' dir='ltr'>nt</span> <span class='ocrx_word' id='word_1_418' title='bbox 485 3948 639 4021; x_wconf 90' lang='lat' dir='ltr'>appareat,</span> <span class='ocrx_word' id='word_1_419' title='bbox 662 3949 818 4021; x_wconf 87' lang='lat' dir='ltr'>magnetes</span> <span class='ocrx_word' id='word_1_420' title='bbox 840 3938 932 4001; x_wconf 90' lang='lat' dir='ltr'>talem</span> <span class='ocrx_word' id='word_1_421' title='bbox 955 3937 1063 3999; x_wconf 88' lang='lat' dir='ltr'>habere</span> <span class='ocrx_word' id='word_1_422' title='bbox 1086 3944 1208 4011; x_wconf 90' lang='lat' dir='ltr'>motum,</span> <span class='ocrx_word' id='word_1_423' title='bbox 1232 3936 1350 4018; x_wconf 91' lang='lat' dir='ltr'>qualem</span> <span class='ocrx_word' id='word_1_424' title='bbox 1371 3936 1402 3999; x_wconf 92' lang='lat' dir='ltr'>in</span> <span class='ocrx_word' id='word_1_425' title='bbox 1424 3939 1547 4019; x_wconf 89' lang='lat' dir='ltr'>planeta</span> 
     </span>
     <span class='ocr_line' id='line_1_40' title="bbox 208 4025 1545 4113; baseline 0.002 -26"><span class='ocrx_word' id='word_1_426' title='bbox 208 4025 466 4113; x_wconf 85' lang='lat' dir='ltr'>deprehendimus.</span> <span class='ocrx_word' id='word_1_427' title='bbox 512 4028 561 4091; x_wconf 89' lang='lat' dir='ltr'>Sit</span> <span class='ocrx_word' id='word_1_428' title='bbox 582 4028 668 4092; x_wconf 86' lang='lat' dir='ltr'>DFA</span> <span class='ocrx_word' id='word_1_429' title='bbox 690 4034 755 4105; x_wconf 72' lang='lat' dir='ltr'>(rig.</span> <span class='ocrx_word' id='word_1_430' title='bbox 775 4033 838 4099; x_wconf 84' lang='grc'>114)</span> <span class='ocrx_word' id='word_1_431' title='bbox 861 4028 909 4089; x_wconf 89' lang='lat' dir='ltr'>vel</span> <span class='ocrx_word' id='word_1_432' title='bbox 932 4044 1054 4105; x_wconf 87' lang='lat' dir='ltr'>magnes</span> <span class='ocrx_word' id='word_1_433' title='bbox 1081 4027 1225 4089; x_wconf 90' lang='lat' dir='ltr'>rotundus</span> <span class='ocrx_word' id='word_1_434' title='bbox 1247 4025 1297 4087; x_wconf 85' lang='lat' dir='ltr'>vel</span> <span class='ocrx_word' id='word_1_435' title='bbox 1311 4026 1417 4107; x_wconf 86' lang='lat' dir='ltr'>¹ipsum</span> <span class='ocrx_word' id='word_1_436' title='bbox 1440 4046 1545 4107; x_wconf 89' lang='lat' dir='ltr'>corpus</span> 
     </span>
     <span class='ocr_line' id='line_1_41' title="bbox 209 4114 1545 4201; baseline 0.001 -21"><span class='ocrx_word' id='word_1_437' title='bbox 209 4117 339 4180; x_wconf 84' lang='lat' dir='ltr'>Martis:</span> <span class='ocrx_word' id='word_1_438' title='bbox 370 4116 431 4180; x_wconf 88' lang='lat' dir='ltr'>DA</span> <span class='ocrx_word' id='word_1_439' title='bbox 454 4116 548 4193; x_wconf 91' lang='lat' dir='ltr'>linea,</span> <span class='ocrx_word' id='word_1_440' title='bbox 573 4119 733 4181; x_wconf 89' lang='lat' dir='ltr'>secundum</span> <span class='ocrx_word' id='word_1_441' title='bbox 756 4137 842 4201; x_wconf 89' lang='lat' dir='ltr'>quam</span> <span class='ocrx_word' id='word_1_442' title='bbox 864 4114 1025 4198; x_wconf 88' lang='lat' dir='ltr'>porrigitur</span> <span class='ocrx_word' id='word_1_443' title='bbox 1054 4115 1149 4179; x_wconf 90' lang='lat' dir='ltr'>virtus</span> <span class='ocrx_word' id='word_1_444' title='bbox 1181 4114 1366 4194; x_wconf 86' lang='lat' dir='ltr'>magnetica:</span> <span class='ocrx_word' id='word_1_445' title='bbox 1402 4115 1430 4178; x_wconf 93' lang='lat' dir='ltr'>D</span> <span class='ocrx_word' id='word_1_446' title='bbox 1458 4118 1545 4198; x_wconf 89' lang='lat' dir='ltr'>polus</span> 
     </span>
     <span class='ocr_line' id='line_1_42' title="bbox 211 4203 1547 4287; baseline 0 -19"><span class='ocrx_word' id='word_1_447' title='bbox 211 4205 292 4269; x_wconf 87' lang='lat' dir='ltr'>Solis</span> <span class='ocrx_word' id='word_1_448' title='bbox 315 4215 480 4285; x_wconf 90' lang='lat' dir='ltr'>appetens,</span> <span class='ocrx_word' id='word_1_449' title='bbox 509 4204 648 4286; x_wconf 86' lang='lat' dir='ltr'>Apulus</span> <span class='ocrx_word' id='word_1_450' title='bbox 675 4228 695 4269; x_wconf 87' lang='lat' dir='ltr'>a</span> <span class='ocrx_word' id='word_1_451' title='bbox 716 4207 788 4271; x_wconf 93' lang='lat' dir='ltr'>Sole</span> <span class='ocrx_word' id='word_1_452' title='bbox 817 4208 942 4287; x_wconf 86' lang='lat' dir='ltr'>fugiens.</span> <span class='ocrx_word' id='word_1_453' title='bbox 993 4203 1126 4267; x_wconf 91' lang='lat' dir='ltr'>Primum</span> <span class='ocrx_word' id='word_1_454' title='bbox 1154 4203 1287 4279; x_wconf 89' lang='lat' dir='ltr'>notabis,</span> <span class='ocrx_word' id='word_1_455' title='bbox 1322 4204 1401 4266; x_wconf 94' lang='lat' dir='ltr'>idem</span> <span class='ocrx_word' id='word_1_456' title='bbox 1424 4225 1492 4268; x_wconf 90' lang='lat' dir='ltr'>esse</span> <span class='ocrx_word' id='word_1_457' title='bbox 1516 4206 1547 4268; x_wconf 92' lang='lat' dir='ltr'>in</span> 
     </span>
     <span class='ocr_line' id='line_1_43' title="bbox 210 4291 1545 4375; baseline -0.001 -17"><span class='ocrx_word' id='word_1_458' title='bbox 210 4294 268 4359; x_wconf 90' lang='lat' dir='ltr'>bae</span> <span class='ocrx_word' id='word_1_459' title='bbox 297 4292 515 4375; x_wconf 88' lang='lat' dir='ltr'>speculatione,</span> <span class='ocrx_word' id='word_1_460' title='bbox 551 4296 614 4357; x_wconf 90' lang='lat' dir='ltr'>sive</span> <span class='ocrx_word' id='word_1_461' title='bbox 646 4296 865 4359; x_wconf 89' lang='lat' dir='ltr'>consideremus</span> <span class='ocrx_word' id='word_1_462' title='bbox 897 4294 1046 4372; x_wconf 88' lang='lat' dir='ltr'>integrum</span> <span class='ocrx_word' id='word_1_463' title='bbox 1068 4294 1189 4374; x_wconf 93' lang='lat' dir='ltr'>globum</span> <span class='ocrx_word' id='word_1_464' title='bbox 1216 4291 1351 4373; x_wconf 90' lang='lat' dir='ltr'>corporis</span> <span class='ocrx_word' id='word_1_465' title='bbox 1374 4294 1545 4375; x_wconf 88' lang='lat' dir='ltr'>magnetici,</span> 
     </span>
     <span class='ocr_line' id='line_1_44' title="bbox 211 4382 1409 4467; baseline -0.001 -21"><span class='ocrx_word' id='word_1_466' title='bbox 211 4384 274 4446; x_wconf 88' lang='lat' dir='ltr'>sive</span> <span class='ocrx_word' id='word_1_467' title='bbox 297 4403 385 4446; x_wconf 91' lang='lat' dir='ltr'>uuam</span> <span class='ocrx_word' id='word_1_468' title='bbox 409 4385 505 4447; x_wconf 92' lang='lat' dir='ltr'>solam</span> <span class='ocrx_word' id='word_1_469' title='bbox 527 4384 592 4464; x_wconf 91' lang='lat' dir='ltr'>ejus</span> <span class='ocrx_word' id='word_1_470' title='bbox 614 4384 723 4447; x_wconf 90' lang='lat' dir='ltr'>lineam</span> <span class='ocrx_word' id='word_1_471' title='bbox 746 4384 902 4467; x_wconf 84' lang='lat' dir='ltr'>physicam</span> <span class='ocrx_word' id='word_1_472' title='bbox 924 4382 1046 4444; x_wconf 88' lang='lat' dir='ltr'>virtutis</span> <span class='ocrx_word' id='word_1_473' title='bbox 1070 4382 1128 4462; x_wconf 90' lang='lat' dir='ltr'>ipsi</span> <span class='ocrx_word' id='word_1_474' title='bbox 1150 4382 1210 4445; x_wconf 82' lang='lat' dir='ltr'>DA</span> <span class='ocrx_word' id='word_1_475' title='bbox 1232 4382 1409 4462; x_wconf 81' lang='lat' dir='ltr'>paralleloe.</span> 
     </span>
    </p>

    <p class='ocr_par' dir='ltr' id='par_1_10' title="bbox 207 4471 1676 5093">
     <span class='ocr_line' id='line_1_45' title="bbox 270 4471 1546 4554; baseline -0.003 -16"><span class='ocrx_word' id='word_1_476' title='bbox 270 4545 273 4549; x_wconf 54' lang='grc'><strong>,</strong></span> <span class='ocrx_word' id='word_1_477' title='bbox 300 4472 376 4538; x_wconf 82' lang='lat' dir='ltr'>Cum</span> <span class='ocrx_word' id='word_1_478' title='bbox 403 4472 481 4535; x_wconf 91' lang='lat' dir='ltr'>enim</span> <span class='ocrx_word' id='word_1_479' title='bbox 511 4474 608 4536; x_wconf 84' lang='lat' dir='ltr'>virtus</span> <span class='ocrx_word' id='word_1_480' title='bbox 636 4474 711 4535; x_wconf 89' lang='lat' dir='ltr'>haec</span> <span class='ocrx_word' id='word_1_481' title='bbox 733 4473 904 4554; x_wconf 88' lang='lat' dir='ltr'>magnetica</span> <span class='ocrx_word' id='word_1_482' title='bbox 926 4471 967 4533; x_wconf 91' lang='lat' dir='ltr'>sit</span> <span class='ocrx_word' id='word_1_483' title='bbox 989 4471 1154 4552; x_wconf 90' lang='lat' dir='ltr'>corporalis</span> <span class='ocrx_word' id='word_1_484' title='bbox 1178 4474 1209 4533; x_wconf 86' lang='lat' dir='ltr'>et</span> <span class='ocrx_word' id='word_1_485' title='bbox 1231 4490 1297 4533; x_wconf 92' lang='lat' dir='ltr'>cum</span> <span class='ocrx_word' id='word_1_486' title='bbox 1320 4491 1442 4554; x_wconf 91' lang='lat' dir='ltr'>corpore</span> <span class='ocrx_word' id='word_1_487' title='bbox 1466 4471 1546 4534; x_wconf 87' lang='lat' dir='ltr'>divi-</span> 
     </span>
     <span class='ocr_line' id='line_1_46' title="bbox 211 4512 1676 4707; baseline -0.006 -81"><span class='ocrx_word' id='word_1_488' title='bbox 211 4562 280 4637; x_wconf 89' lang='lat' dir='ltr'>dua,</span> <span class='ocrx_word' id='word_1_489' title='bbox 303 4570 336 4625; x_wconf 92' lang='lat' dir='ltr'>ut</span> <span class='ocrx_word' id='word_1_490' title='bbox 351 4562 492 4651; x_wconf 82' lang='lat' dir='ltr'>probavit</span> <span class='ocrx_word' id='word_1_491' title='bbox 505 4562 853 4643; x_wconf 87' lang='lat' dir='ltr'>GilbertusAnglus,</span> <span class='ocrx_word' id='word_1_492' title='bbox 876 4564 912 4625; x_wconf 93' lang='lat' dir='ltr'>B.</span> <span class='ocrx_word' id='word_1_493' title='bbox 929 4557 1096 4635; x_wconf 78' lang='lat' dir='ltr'>Porta··)</span> <span class='ocrx_word' id='word_1_494' title='bbox 1120 4567 1151 4621; x_wconf 86' lang='lat' dir='ltr'>et</span> <span class='ocrx_word' id='word_1_495' title='bbox 1164 4559 1233 4637; x_wconf 81' lang='lat' dir='ltr'>alii3</span> <span class='ocrx_word' id='word_1_496' title='bbox 1256 4569 1336 4623; x_wconf 91' lang='lat' dir='ltr'>certe</span> <span class='ocrx_word' id='word_1_497' title='bbox 1356 4560 1425 4642; x_wconf 91' lang='lat' dir='ltr'>quia</span> <span class='ocrx_word' id='word_1_498' title='bbox 1439 4561 1547 4641; x_wconf 92' lang='lat' dir='ltr'>globus</span> <span class='ocrx_word' id='word_1_499' title='bbox 1574 4512 1676 4707; x_wconf 60' lang='lat' dir='ltr'>qfr⁰i</span> 
     </span>
     <span class='ocr_line' id='line_1_47' title="bbox 212 4648 1547 4734; baseline -0.001 -19"><span class='ocrx_word' id='word_1_500' title='bbox 212 4658 334 4715; x_wconf 89' lang='lat' dir='ltr'>constat</span> <span class='ocrx_word' id='word_1_501' title='bbox 365 4669 404 4712; x_wconf 88' lang='lat' dir='ltr'>ex</span> <span class='ocrx_word' id='word_1_502' title='bbox 429 4651 553 4714; x_wconf 82' lang='lat' dir='ltr'>infinitis</span> <span class='ocrx_word' id='word_1_503' title='bbox 575 4652 662 4734; x_wconf 91' lang='lat' dir='ltr'>quasi</span> <span class='ocrx_word' id='word_1_504' title='bbox 683 4652 772 4714; x_wconf 89' lang='lat' dir='ltr'>lineis</span> <span class='ocrx_word' id='word_1_505' title='bbox 793 4650 926 4733; x_wconf 85' lang='lat' dir='ltr'>physicis</span> <span class='ocrx_word' id='word_1_506' title='bbox 948 4648 1007 4729; x_wconf 92' lang='lat' dir='ltr'>ipsi</span> <span class='ocrx_word' id='word_1_507' title='bbox 1028 4650 1093 4712; x_wconf 85' lang='lat' dir='ltr'>DA</span> <span class='ocrx_word' id='word_1_508' title='bbox 1111 4648 1282 4730; x_wconf 87' lang='lat' dir='ltr'>parallelis,</span> <span class='ocrx_word' id='word_1_509' title='bbox 1306 4669 1430 4732; x_wconf 89' lang='lat' dir='ltr'>quarum</span> <span class='ocrx_word' id='word_1_510' title='bbox 1453 4649 1547 4713; x_wconf 91' lang='lat' dir='ltr'>virtus</span> 
     </span>
     <span class='ocr_line' id='line_1_48' title="bbox 211 4737 1549 4823; baseline -0.001 -20"><span class='ocrx_word' id='word_1_511' title='bbox 211 4740 243 4803; x_wconf 92' lang='lat' dir='ltr'>in</span> <span class='ocrx_word' id='word_1_512' title='bbox 265 4750 378 4805; x_wconf 88' lang='lat' dir='ltr'>rectum</span> <span class='ocrx_word' id='word_1_513' title='bbox 401 4748 433 4802; x_wconf 91' lang='lat' dir='ltr'>et</span> <span class='ocrx_word' id='word_1_514' title='bbox 453 4759 543 4804; x_wconf 90' lang='lat' dir='ltr'>unam</span> <span class='ocrx_word' id='word_1_515' title='bbox 564 4741 666 4804; x_wconf 87' lang='lat' dir='ltr'>mundi</span> <span class='ocrx_word' id='word_1_516' title='bbox 686 4741 809 4823; x_wconf 89' lang='lat' dir='ltr'>plagam</span> <span class='ocrx_word' id='word_1_517' title='bbox 831 4738 1011 4815; x_wconf 86' lang='lat' dir='ltr'>extenditur,</span> <span class='ocrx_word' id='word_1_518' title='bbox 1035 4738 1071 4800; x_wconf 90' lang='lat' dir='ltr'>de</span> <span class='ocrx_word' id='word_1_519' title='bbox 1096 4737 1222 4819; x_wconf 89' lang='lat' dir='ltr'>singulis</span> <span class='ocrx_word' id='word_1_520' title='bbox 1246 4740 1372 4801; x_wconf 88' lang='lat' dir='ltr'>seorsim</span> <span class='ocrx_word' id='word_1_521' title='bbox 1393 4738 1474 4801; x_wconf 91' lang='lat' dir='ltr'>idem</span> <span class='ocrx_word' id='word_1_522' title='bbox 1490 4740 1549 4802; x_wconf 88' lang='lat' dir='ltr'>erit</span> 
     </span>
     <span class='ocr_line' id='line_1_49' title="bbox 207 4825 1548 4913; baseline -0.002 -20"><span class='ocrx_word' id='word_1_523' title='bbox 207 4827 353 4911; x_wconf 85' lang='lat' dir='ltr'>judicium</span> <span class='ocrx_word' id='word_1_524' title='bbox 383 4828 463 4893; x_wconf 90' lang='lat' dir='ltr'>circa</span> <span class='ocrx_word' id='word_1_525' title='bbox 494 4825 670 4913; x_wconf 82' lang='lat' dir='ltr'>qualitatem</span> <span class='ocrx_word' id='word_1_526' title='bbox 692 4837 809 4907; x_wconf 89' lang='lat' dir='ltr'>motus,</span> <span class='ocrx_word' id='word_1_527' title='bbox 841 4827 920 4912; x_wconf 90' lang='lat' dir='ltr'>quod</span> <span class='ocrx_word' id='word_1_528' title='bbox 943 4835 990 4891; x_wconf 90' lang='lat' dir='ltr'>est</span> <span class='ocrx_word' id='word_1_529' title='bbox 1012 4827 1049 4889; x_wconf 89' lang='lat' dir='ltr'>de</span> <span class='ocrx_word' id='word_1_530' title='bbox 1072 4827 1221 4891; x_wconf 87' lang='lat' dir='ltr'>universis</span> <span class='ocrx_word' id='word_1_531' title='bbox 1245 4827 1424 4908; x_wconf 89' lang='lat' dir='ltr'>conjunctim</span> <span class='ocrx_word' id='word_1_532' title='bbox 1447 4836 1478 4891; x_wconf 90' lang='lat' dir='ltr'>et</span> <span class='ocrx_word' id='word_1_533' title='bbox 1500 4828 1548 4890; x_wconf 88' lang='lat' dir='ltr'>vi-</span> 
     </span>
     <span class='ocr_line' id='line_1_50' title="bbox 213 4917 1551 4999; baseline -0.001 -17"><span class='ocrx_word' id='word_1_534' title='bbox 213 4917 307 4983; x_wconf 90' lang='lat' dir='ltr'>cisim.</span> <span class='ocrx_word' id='word_1_535' title='bbox 358 4919 407 4984; x_wconf 85' lang='lat' dir='ltr'>Sit</span> <span class='ocrx_word' id='word_1_536' title='bbox 439 4938 511 4999; x_wconf 91' lang='lat' dir='ltr'>ergo</span> <span class='ocrx_word' id='word_1_537' title='bbox 538 4920 604 4982; x_wconf 94' lang='lat' dir='ltr'>loco</span> <span class='ocrx_word' id='word_1_538' title='bbox 626 4920 720 4983; x_wconf 91' lang='lat' dir='ltr'>totins</span> <span class='ocrx_word' id='word_1_539' title='bbox 743 4917 887 4999; x_wconf 91' lang='lat' dir='ltr'>corporis-</span> <span class='ocrx_word' id='word_1_540' title='bbox 901 4918 1085 4999; x_wconf 87' lang='lat' dir='ltr'>omniumque</span> <span class='ocrx_word' id='word_1_541' title='bbox 1110 4918 1175 4999; x_wconf 87' lang='lat' dir='ltr'>ejus</span> <span class='ocrx_word' id='word_1_542' title='bbox 1197 4917 1414 4980; x_wconf 79' lang='lat' dir='ltr'>ilementorum</span> <span class='ocrx_word' id='word_1_543' title='bbox 1435 4918 1551 4981; x_wconf 90' lang='lat' dir='ltr'>medius</span> 
     </span>
     <span class='ocr_line' id='line_1_51' title="bbox 213 5006 1567 5093; baseline -0.001 -21"><span class='ocrx_word' id='word_1_544' title='bbox 213 5010 280 5074; x_wconf 88' lang='lat' dir='ltr'>axis</span> <span class='ocrx_word' id='word_1_545' title='bbox 302 5010 362 5073; x_wconf 82' lang='lat' dir='ltr'>DA</span> <span class='ocrx_word' id='word_1_546' title='bbox 384 5008 423 5072; x_wconf 90' lang='lat' dir='ltr'>ad</span> <span class='ocrx_word' id='word_1_547' title='bbox 446 5008 658 5093; x_wconf 88' lang='lat' dir='ltr'>speculandum</span> <span class='ocrx_word' id='word_1_548' title='bbox 679 5008 860 5093; x_wconf 88' lang='lat' dir='ltr'>propositus.</span> <span class='ocrx_word' id='word_1_549' title='bbox 907 5008 1065 5071; x_wconf 87' lang='lat' dir='ltr'>Bisecetur</span> <span class='ocrx_word' id='word_1_550' title='bbox 1087 5008 1146 5071; x_wconf 88' lang='lat' dir='ltr'>DA</span> <span class='ocrx_word' id='word_1_551' title='bbox 1168 5007 1200 5069; x_wconf 92' lang='lat' dir='ltr'>in</span> <span class='ocrx_word' id='word_1_552' title='bbox 1221 5006 1247 5067; x_wconf 93' lang='lat' dir='ltr'><strong>B</strong></span> <span class='ocrx_word' id='word_1_553' title='bbox 1272 5014 1304 5068; x_wconf 92' lang='lat' dir='ltr'>et</span> <span class='ocrx_word' id='word_1_554' title='bbox 1325 5006 1384 5087; x_wconf 91' lang='lat' dir='ltr'>ipsi</span> <span class='ocrx_word' id='word_1_555' title='bbox 1397 5008 1457 5073; x_wconf 84' lang='lat' dir='ltr'>DA</span> <span class='ocrx_word' id='word_1_556' title='bbox 1479 5027 1567 5090; x_wconf 26' lang='lat' dir='ltr'>per-¹</span> 
     </span>
    </p>
   </div>
   <div class='ocr_carea' id='block_1_3' title="bbox 0 0 1773 5525">
    <p class='ocr_par' dir='ltr' id='par_1_11' title="bbox 0 0 1773 5525">
     <span class='ocr_line' id='line_1_52' title="bbox 0 0 1773 5525; baseline 0 0"><span class='ocrx_word' id='word_1_557' title='bbox 0 0 1773 5525; x_wconf 95' lang='lat' dir='ltr'> </span> 
     </span>
    </p>
   </div>
  </div>
 </body>
</html>
