<?xml version="1.0" encoding="UTF-8"?>
<!DOCTYPE html PUBLIC "-//W3C//DTD XHTML 1.0 Transitional//EN"
    "http://www.w3.org/TR/xhtml1/DTD/xhtml1-transitional.dtd">
<html xmlns="http://www.w3.org/1999/xhtml" xml:lang="en" lang="en">
 <head>
  <title>
</title>
<meta http-equiv="Content-Type" content="text/html;charset=utf-8" />
  <meta name='ocr-system' content='tesseract 3.04.00' />
  <meta name='ocr-capabilities' content='ocr_page ocr_carea ocr_par ocr_line ocrx_word'/>
</head>
<body>
  <div class='ocr_page' id='page_1' title='image "./joanniskepleria23frisgoog/joanniskepleria23frisgoog_0318.png"; bbox 0 0 3517 5525; ppageno 0'>
   <div class='ocr_carea' id='block_1_1' title="bbox 569 380 1443 453">
    <p class='ocr_par' dir='ltr' id='par_1_1' title="bbox 569 380 1443 477">
     <span class='ocr_line' id='line_1_1' title="bbox 569 380 1443 453; baseline 0.021 -18"><span class='ocrx_word' id='word_1_1' title='bbox 569 380 629 435; x_wconf 79' lang='lat' dir='ltr'>Pars</span> <span class='ocrx_word' id='word_1_2' title='bbox 646 381 737 434; x_wconf 74' lang='lat' dir='ltr'>roras</span> <span class='ocrx_word' id='word_1_3' title='bbox 774 383 855 452; x_wconf 80' lang='lat' dir='ltr'>capue</span> <span class='ocrx_word' id='word_1_4' title='bbox 872 385 982 439; x_wconf 79' lang='lat' dir='ltr'>xxxlv.</span> <span class='ocrx_word' id='word_1_5' title='bbox 1379 385 1443 453; x_wconf 76' lang='lat'>30⁷</span> 
     </span>
    </p>
   </div>
   <div class='ocr_carea' id='block_1_2' title="bbox 105 559 1448 1358">
    <p class='ocr_par' dir='ltr' id='par_1_2' title="bbox 105 559 1447 716">
     <span class='ocr_line' id='line_1_2' title="bbox 105 559 1447 647; baseline 0.002 -21"><span class='ocrx_word' id='word_1_6' title='bbox 105 561 138 626; x_wconf 93' lang='lat' dir='ltr'>in</span> <span class='ocrx_word' id='word_1_7' title='bbox 153 559 225 625; x_wconf 90' lang='grc'><strong>8010</strong></span> <span class='ocrx_word' id='word_1_8' title='bbox 248 561 345 626; x_wconf 85' lang='lat' dir='ltr'>virtus</span> <span class='ocrx_word' id='word_1_9' title='bbox 367 581 490 626; x_wconf 81' lang='lat' dir='ltr'>movens</span> <span class='ocrx_word' id='word_1_10' title='bbox 512 567 598 626; x_wconf 86' lang='lat' dir='ltr'>tanto</span> <span class='ocrx_word' id='word_1_11' title='bbox 613 559 731 624; x_wconf 83' lang='lat' dir='ltr'>ridetur</span> <span class='ocrx_word' id='word_1_12' title='bbox 753 562 876 640; x_wconf 86' lang='lat' dir='ltr'>fortior,</span> <span class='ocrx_word' id='word_1_13' title='bbox 900 565 980 646; x_wconf 91' lang='lat' dir='ltr'>quod</span> <span class='ocrx_word' id='word_1_14' title='bbox 993 562 1156 629; x_wconf 86' lang='lat' dir='ltr'>verisimile</span> <span class='ocrx_word' id='word_1_15' title='bbox 1178 564 1230 638; x_wconf 87' lang='lat' dir='ltr'>sit,</span> <span class='ocrx_word' id='word_1_16' title='bbox 1252 581 1360 647; x_wconf 84' lang='lat' dir='ltr'>corpus</span> <span class='ocrx_word' id='word_1_17' title='bbox 1381 564 1447 646; x_wconf 87' lang='lat' dir='ltr'>ejus</span> 
     </span>
     <span class='ocr_line' id='line_1_3' title="bbox 106 650 658 716; baseline -0.004 -2"><span class='ocrx_word' id='word_1_18' title='bbox 106 669 175 714; x_wconf 87' lang='lat' dir='ltr'>esse</span> <span class='ocrx_word' id='word_1_19' title='bbox 199 650 294 716; x_wconf 88' lang='lat' dir='ltr'>totius</span> <span class='ocrx_word' id='word_1_20' title='bbox 316 652 418 716; x_wconf 89' lang='lat' dir='ltr'>mundi</span> <span class='ocrx_word' id='word_1_21' title='bbox 440 651 658 714; x_wconf 87' lang='lat' dir='ltr'>densissimum.</span> 
     </span>
    </p>

    <p class='ocr_par' dir='ltr' id='par_1_3' title="bbox 105 740 1448 1358">
     <span class='ocr_line' id='line_1_4' title="bbox 193 740 1443 824; baseline 0.003 -22"><span class='ocrx_word' id='word_1_22' title='bbox 193 740 237 802; x_wconf 85' lang='lat' dir='ltr'>Et</span> <span class='ocrx_word' id='word_1_23' title='bbox 254 747 321 804; x_wconf 87' lang='lat' dir='ltr'>ute</span> <span class='ocrx_word' id='word_1_24' title='bbox 344 747 481 821; x_wconf 82' lang='lat' dir='ltr'>magnete</span> <span class='ocrx_word' id='word_1_25' title='bbox 511 741 606 804; x_wconf 87' lang='lat' dir='ltr'>virtus</span> <span class='ocrx_word' id='word_1_26' title='bbox 620 741 795 804; x_wconf 60' lang='lat' dir='ltr'>vattractiva</span> <span class='ocrx_word' id='word_1_27' title='bbox 817 740 889 804; x_wconf 84' lang='lat' dir='ltr'>ferri</span> <span class='ocrx_word' id='word_1_28' title='bbox 917 740 1124 804; x_wconf 75' lang='lat' dir='ltr'>orbiculariter</span> <span class='ocrx_word' id='word_1_29' title='bbox 1154 742 1320 824; x_wconf 75' lang='lat' dir='ltr'>spargitur,</span> <span class='ocrx_word' id='word_1_30' title='bbox 1343 741 1388 806; x_wconf 82' lang='lat' dir='ltr'>ita</span> <span class='ocrx_word' id='word_1_31' title='bbox 1409 749 1443 806; x_wconf 90' lang='lat' dir='ltr'>ut</span> 
     </span>
     <span class='ocr_line' id='line_1_5' title="bbox 107 829 1446 911; baseline 0.003 -19"><span class='ocrx_word' id='word_1_32' title='bbox 107 832 221 892; x_wconf 87' lang='lat' dir='ltr'>certum</span> <span class='ocrx_word' id='word_1_33' title='bbox 240 829 375 893; x_wconf 87' lang='lat' dir='ltr'>obtineat</span> <span class='ocrx_word' id='word_1_34' title='bbox 388 831 499 905; x_wconf 86' lang='lat' dir='ltr'>orbern,</span> <span class='ocrx_word' id='word_1_35' title='bbox 523 829 602 892; x_wconf 88' lang='lat' dir='ltr'>intra</span> <span class='ocrx_word' id='word_1_36' title='bbox 616 849 702 911; x_wconf 88' lang='lat' dir='ltr'>quem</span> <span class='ocrx_word' id='word_1_37' title='bbox 716 831 909 894; x_wconf 88' lang='lat' dir='ltr'>constitutum</span> <span class='ocrx_word' id='word_1_38' title='bbox 923 831 1033 894; x_wconf 85' lang='lat' dir='ltr'>ierrum</span> <span class='ocrx_word' id='word_1_39' title='bbox 1047 829 1188 907; x_wconf 78' lang='lat' dir='ltr'>allicitur,</span> <span class='ocrx_word' id='word_1_40' title='bbox 1211 831 1320 895; x_wconf 83' lang='lat' dir='ltr'>fortius</span> <span class='ocrx_word' id='word_1_41' title='bbox 1334 838 1446 907; x_wconf 88' lang='lat' dir='ltr'>tamen,</span> 
     </span>
     <span class='ocr_line' id='line_1_6' title="bbox 106 918 1446 1001; baseline 0.001 -20"><span class='ocrx_word' id='word_1_42' title='bbox 106 918 133 981; x_wconf 91' lang='lat' dir='ltr'>si</span> <span class='ocrx_word' id='word_1_43' title='bbox 163 918 278 982; x_wconf 83' lang='lat' dir='ltr'>fenum</span> <span class='ocrx_word' id='word_1_44' title='bbox 302 919 425 1000; x_wconf 91' lang='lat' dir='ltr'>propius</span> <span class='ocrx_word' id='word_1_45' title='bbox 453 919 531 981; x_wconf 89' lang='lat' dir='ltr'>intra</span> <span class='ocrx_word' id='word_1_46' title='bbox 562 919 746 999; x_wconf 88' lang='lat' dir='ltr'>complexum</span> <span class='ocrx_word' id='word_1_47' title='bbox 774 920 855 984; x_wconf 90' lang='lat' dir='ltr'>illius</span> <span class='ocrx_word' id='word_1_48' title='bbox 880 918 961 982; x_wconf 91' lang='lat' dir='ltr'>orbis</span> <span class='ocrx_word' id='word_1_49' title='bbox 989 920 1105 983; x_wconf 85' lang='lat' dir='ltr'>veniat:</span> <span class='ocrx_word' id='word_1_50' title='bbox 1138 920 1329 984; x_wconf 83' lang='lat' dir='ltr'>adeundam</span> <span class='ocrx_word' id='word_1_51' title='bbox 1357 921 1446 1001; x_wconf 85' lang='lat' dir='ltr'>plane</span> 
     </span>
     <span class='ocr_line' id='line_1_7' title="bbox 106 1001 1446 1091; baseline 0.001 -21"><span class='ocrx_word' id='word_1_52' title='bbox 106 1007 229 1070; x_wconf 90' lang='lat' dir='ltr'>modum</span> <span class='ocrx_word' id='word_1_53' title='bbox 249 1001 347 1070; x_wconf 78' lang='lat' dir='ltr'>virtus</span> <span class='ocrx_word' id='word_1_54' title='bbox 369 1008 509 1087; x_wconf 79' lang='lat' dir='ltr'>planetas</span> <span class='ocrx_word' id='word_1_55' title='bbox 540 1027 664 1070; x_wconf 86' lang='lat' dir='ltr'>movens</span> <span class='ocrx_word' id='word_1_56' title='bbox 693 1027 731 1070; x_wconf 86' lang='lat' dir='ltr'>ex</span> <span class='ocrx_word' id='word_1_57' title='bbox 753 1009 825 1073; x_wconf 88' lang='lat' dir='ltr'>Sole</span> <span class='ocrx_word' id='word_1_58' title='bbox 847 1018 1032 1090; x_wconf 91' lang='lat' dir='ltr'>propagatur</span> <span class='ocrx_word' id='word_1_59' title='bbox 1053 1002 1091 1071; x_wconf 84' lang='lat' dir='ltr'>in&#39;</span> <span class='ocrx_word' id='word_1_60' title='bbox 1107 1009 1224 1086; x_wconf 88' lang='lat' dir='ltr'>orbem,</span> <span class='ocrx_word' id='word_1_61' title='bbox 1257 1018 1289 1071; x_wconf 90' lang='lat' dir='ltr'>et</span> <span class='ocrx_word' id='word_1_62' title='bbox 1309 1009 1446 1091; x_wconf 86' lang='lat' dir='ltr'>partibus</span> 
     </span>
     <span class='ocr_line' id='line_1_8' title="bbox 106 1095 1447 1185; baseline 0.003 -27"><span class='ocrx_word' id='word_1_63' title='bbox 106 1097 319 1162; x_wconf 82' lang='lat' dir='ltr'>remotioribus</span> <span class='ocrx_word' id='word_1_64' title='bbox 341 1095 423 1185; x_wconf 81' lang='lat' dir='ltr'>illius</span> <span class='ocrx_word' id='word_1_65' title='bbox 446 1095 527 1159; x_wconf 87' lang='lat' dir='ltr'>orbis</span> <span class='ocrx_word' id='word_1_66' title='bbox 550 1104 599 1159; x_wconf 90' lang='lat' dir='ltr'>est</span> <span class='ocrx_word' id='word_1_67' title='bbox 624 1097 808 1161; x_wconf 81' lang='lat' dir='ltr'>imbecillior.</span> <span class='ocrx_word' id='word_1_68' title='bbox 853 1099 898 1161; x_wconf 91' lang='lat' dir='ltr'>Ut</span> <span class='ocrx_word' id='word_1_69' title='bbox 923 1118 993 1162; x_wconf 84' lang='lat' dir='ltr'>vero</span> <span class='ocrx_word' id='word_1_70' title='bbox 1017 1115 1141 1178; x_wconf 86' lang='lat' dir='ltr'>magnes</span> <span class='ocrx_word' id='word_1_71' title='bbox 1169 1118 1229 1162; x_wconf 89' lang='lat' dir='ltr'>non</span> <span class='ocrx_word' id='word_1_72' title='bbox 1250 1097 1335 1162; x_wconf 80' lang='lat' dir='ltr'>&#39;omni</span> <span class='ocrx_word' id='word_1_73' title='bbox 1361 1105 1447 1180; x_wconf 88' lang='lat' dir='ltr'>parte</span> 
     </span>
     <span class='ocr_line' id='line_1_9' title="bbox 105 1185 1447 1262; baseline 0.002 -13"><span class='ocrx_word' id='word_1_74' title='bbox 105 1186 210 1262; x_wconf 89' lang='lat' dir='ltr'>trahit,</span> <span class='ocrx_word' id='word_1_75' title='bbox 230 1185 285 1249; x_wconf 87' lang='lat' dir='ltr'>sed</span> <span class='ocrx_word' id='word_1_76' title='bbox 302 1186 453 1249; x_wconf 86' lang='lat' dir='ltr'>filamenta</span> <span class='ocrx_word' id='word_1_77' title='bbox 471 1186 520 1260; x_wconf 87' lang='lat' dir='ltr'>(ut</span> <span class='ocrx_word' id='word_1_78' title='bbox 537 1185 581 1248; x_wconf 90' lang='lat' dir='ltr'>ita</span> <span class='ocrx_word' id='word_1_79' title='bbox 599 1185 711 1260; x_wconf 90' lang='lat' dir='ltr'>dicam)</span> <span class='ocrx_word' id='word_1_80' title='bbox 725 1206 779 1250; x_wconf 86' lang='lat' dir='ltr'>seu</span> <span class='ocrx_word' id='word_1_81' title='bbox 791 1187 882 1250; x_wconf 88' lang='lat' dir='ltr'>fibras</span> <span class='ocrx_word' id='word_1_82' title='bbox 899 1187 1057 1259; x_wconf 71' lang='lat' dir='ltr'>(nonnae</span> <span class='ocrx_word' id='word_1_83' title='bbox 1079 1187 1199 1251; x_wconf 82' lang='lat' dir='ltr'>virtutis</span> <span class='ocrx_word' id='word_1_84' title='bbox 1213 1188 1329 1260; x_wconf 87' lang='lat' dir='ltr'>sedem)</span> <span class='ocrx_word' id='word_1_85' title='bbox 1348 1195 1447 1252; x_wconf 82' lang='lat' dir='ltr'>rectas</span> 
     </span>
     <span class='ocr_line' id='line_1_10' title="bbox 106 1273 1448 1358; baseline 0.001 -20"><span class='ocrx_word' id='word_1_86' title='bbox 106 1276 200 1338; x_wconf 88' lang='lat' dir='ltr'>habat</span> <span class='ocrx_word' id='word_1_87' title='bbox 222 1295 277 1356; x_wconf 90' lang='lat' dir='ltr'>per</span> <span class='ocrx_word' id='word_1_88' title='bbox 299 1277 420 1356; x_wconf 86' lang='lat' dir='ltr'>longum</span> <span class='ocrx_word' id='word_1_89' title='bbox 444 1279 596 1351; x_wconf 64' lang='lat' dir='ltr'>extensas,</span> <span class='ocrx_word' id='word_1_90' title='bbox 620 1273 710 1341; x_wconf 88' lang='lat' dir='ltr'>itaut</span> <span class='ocrx_word' id='word_1_91' title='bbox 732 1276 805 1338; x_wconf 84' lang='lat' dir='ltr'>sarri</span> <span class='ocrx_word' id='word_1_92' title='bbox 827 1275 981 1358; x_wconf 87' lang='lat' dir='ltr'>lingulam,</span> <span class='ocrx_word' id='word_1_93' title='bbox 1004 1277 1031 1340; x_wconf 90' lang='lat' dir='ltr'>si</span> <span class='ocrx_word' id='word_1_94' title='bbox 1052 1276 1151 1339; x_wconf 87' lang='lat' dir='ltr'>medio</span> <span class='ocrx_word' id='word_1_95' title='bbox 1164 1277 1231 1340; x_wconf 89' lang='lat' dir='ltr'>loco</span> <span class='ocrx_word' id='word_1_96' title='bbox 1253 1276 1333 1339; x_wconf 85' lang='lat' dir='ltr'>inter</span> <span class='ocrx_word' id='word_1_97' title='bbox 1346 1277 1448 1358; x_wconf 91' lang='lat' dir='ltr'>capita</span> 
     </span>
    </p>
   </div>
   <div class='ocr_carea' id='block_1_3' title="bbox 5 1363 1446 1449">
    <p class='ocr_par' dir='ltr' id='par_1_4' title="bbox 5 1363 1446 1449">
     <span class='ocr_line' id='line_1_11' title="bbox 5 1363 1446 1449; baseline 0.002 -24"><span class='ocrx_word' id='word_1_98' title='bbox 5 1443 8 1449; x_wconf 18' lang='lat' dir='ltr'>y</span> <span class='ocrx_word' id='word_1_99' title='bbox 106 1366 257 1444; x_wconf 75' lang='lat' dir='ltr'>magnetis</span> <span class='ocrx_word' id='word_1_100' title='bbox 281 1386 299 1427; x_wconf 93' lang='lat' dir='ltr'>a</span> <span class='ocrx_word' id='word_1_101' title='bbox 321 1365 417 1427; x_wconf 88' lang='lat' dir='ltr'>latere</span> <span class='ocrx_word' id='word_1_102' title='bbox 440 1363 602 1440; x_wconf 85' lang='lat' dir='ltr'>consistat,</span> <span class='ocrx_word' id='word_1_103' title='bbox 629 1384 688 1428; x_wconf 91' lang='lat' dir='ltr'>non</span> <span class='ocrx_word' id='word_1_104' title='bbox 711 1365 858 1440; x_wconf 89' lang='lat' dir='ltr'>attrahat,</span> <span class='ocrx_word' id='word_1_105' title='bbox 887 1366 942 1428; x_wconf 89' lang='lat' dir='ltr'>sed</span> <span class='ocrx_word' id='word_1_106' title='bbox 964 1366 1169 1429; x_wconf 89' lang='lat' dir='ltr'>tautummodo</span> <span class='ocrx_word' id='word_1_107' title='bbox 1191 1364 1359 1447; x_wconf 89' lang='lat' dir='ltr'>parallelon</span> <span class='ocrx_word' id='word_1_108' title='bbox 1382 1365 1446 1428; x_wconf 91' lang='lat' dir='ltr'>suis</span> 
     </span>
    </p>
   </div>
   <div class='ocr_carea' id='block_1_4' title="bbox 106 1453 1456 2354">
    <p class='ocr_par' dir='ltr' id='par_1_5' title="bbox 106 1453 1456 2247">
     <span class='ocr_line' id='line_1_12' title="bbox 107 1453 1448 1536; baseline 0.001 -20"><span class='ocrx_word' id='word_1_109' title='bbox 107 1453 189 1517; x_wconf 84' lang='lat' dir='ltr'>fibris</span> <span class='ocrx_word' id='word_1_110' title='bbox 218 1453 344 1534; x_wconf 90' lang='lat' dir='ltr'>dirigat:</span> <span class='ocrx_word' id='word_1_111' title='bbox 379 1453 422 1514; x_wconf 89' lang='lat' dir='ltr'>ita</span> <span class='ocrx_word' id='word_1_112' title='bbox 449 1453 591 1516; x_wconf 88' lang='lat' dir='ltr'>credibile</span> <span class='ocrx_word' id='word_1_113' title='bbox 614 1460 676 1529; x_wconf 89' lang='lat' dir='ltr'>est,</span> <span class='ocrx_word' id='word_1_114' title='bbox 709 1455 739 1516; x_wconf 93' lang='lat' dir='ltr'>in</span> <span class='ocrx_word' id='word_1_115' title='bbox 766 1454 839 1518; x_wconf 88' lang='lat' dir='ltr'>Sole</span> <span class='ocrx_word' id='word_1_116' title='bbox 866 1473 925 1518; x_wconf 91' lang='lat' dir='ltr'>non</span> <span class='ocrx_word' id='word_1_117' title='bbox 952 1474 1020 1517; x_wconf 89' lang='lat' dir='ltr'>esse</span> <span class='ocrx_word' id='word_1_118' title='bbox 1050 1455 1143 1517; x_wconf 89' lang='lat' dir='ltr'>ullam</span> <span class='ocrx_word' id='word_1_119' title='bbox 1173 1454 1234 1518; x_wconf 87' lang='lat' dir='ltr'>vim</span> <span class='ocrx_word' id='word_1_120' title='bbox 1259 1454 1448 1536; x_wconf 85' lang='lat' dir='ltr'>planetarum</span> 
     </span>
     <span class='ocr_line' id='line_1_13' title="bbox 107 1542 1448 1624; baseline 0.001 -20"><span class='ocrx_word' id='word_1_121' title='bbox 107 1542 326 1618; x_wconf 83' lang='lat' dir='ltr'>attractoriam,</span> <span class='ocrx_word' id='word_1_122' title='bbox 349 1549 382 1604; x_wconf 91' lang='lat' dir='ltr'>ut</span> <span class='ocrx_word' id='word_1_123' title='bbox 404 1543 435 1604; x_wconf 90' lang='lat' dir='ltr'>in</span> <span class='ocrx_word' id='word_1_124' title='bbox 457 1550 595 1622; x_wconf 87' lang='lat' dir='ltr'>magnete</span> <span class='ocrx_word' id='word_1_125' title='bbox 609 1543 802 1615; x_wconf 84' lang='lat' dir='ltr'>(accederent</span> <span class='ocrx_word' id='word_1_126' title='bbox 819 1544 898 1606; x_wconf 89' lang='lat' dir='ltr'>enim</span> <span class='ocrx_word' id='word_1_127' title='bbox 911 1544 949 1605; x_wconf 87' lang='lat' dir='ltr'>ad</span> <span class='ocrx_word' id='word_1_128' title='bbox 965 1543 1067 1608; x_wconf 87' lang='lat' dir='ltr'>Solem</span> <span class='ocrx_word' id='word_1_129' title='bbox 1088 1543 1245 1624; x_wconf 88' lang='lat' dir='ltr'>tantisper,</span> <span class='ocrx_word' id='word_1_130' title='bbox 1268 1544 1363 1606; x_wconf 87' lang='lat' dir='ltr'>donec</span> <span class='ocrx_word' id='word_1_131' title='bbox 1380 1561 1448 1606; x_wconf 88' lang='lat' dir='ltr'>cum</span> 
     </span>
     <span class='ocr_line' id='line_1_14' title="bbox 107 1631 1447 1715; baseline 0.001 -21"><span class='ocrx_word' id='word_1_132' title='bbox 107 1634 171 1714; x_wconf 93' lang='lat' dir='ltr'>ipso</span> <span class='ocrx_word' id='word_1_133' title='bbox 196 1632 446 1712; x_wconf 77' lang='lat' dir='ltr'>coniungerentur</span> <span class='ocrx_word' id='word_1_134' title='bbox 468 1631 613 1712; x_wconf 88' lang='lat' dir='ltr'>penitus),</span> <span class='ocrx_word' id='word_1_135' title='bbox 638 1633 691 1694; x_wconf 90' lang='lat' dir='ltr'>sed</span> <span class='ocrx_word' id='word_1_136' title='bbox 714 1638 831 1695; x_wconf 88' lang='lat' dir='ltr'>tantum</span> <span class='ocrx_word' id='word_1_137' title='bbox 854 1633 1054 1708; x_wconf 89' lang='lat' dir='ltr'>directoriam,</span> <span class='ocrx_word' id='word_1_138' title='bbox 1077 1632 1200 1715; x_wconf 86' lang='lat' dir='ltr'>ideoque</span> <span class='ocrx_word' id='word_1_139' title='bbox 1223 1633 1313 1696; x_wconf 89' lang='lat' dir='ltr'>fibras</span> <span class='ocrx_word' id='word_1_140' title='bbox 1335 1631 1447 1696; x_wconf 90' lang='lat' dir='ltr'>habere</span> 
     </span>
     <span class='ocr_line' id='line_1_15' title="bbox 107 1715 1445 1802; baseline -0.001 -18"><span class='ocrx_word' id='word_1_141' title='bbox 107 1721 270 1784; x_wconf 87' lang='lat' dir='ltr'>circulares</span> <span class='ocrx_word' id='word_1_142' title='bbox 293 1721 323 1783; x_wconf 90' lang='lat' dir='ltr'>in</span> <span class='ocrx_word' id='word_1_143' title='bbox 340 1739 405 1782; x_wconf 90' lang='lat' dir='ltr'>eam</span> <span class='ocrx_word' id='word_1_144' title='bbox 419 1720 539 1800; x_wconf 85' lang='lat' dir='ltr'>plagam</span> <span class='ocrx_word' id='word_1_145' title='bbox 555 1720 834 1802; x_wconf 81' lang='lat' dir='ltr'>circumportectas,</span> <span class='ocrx_word' id='word_1_146' title='bbox 854 1741 930 1802; x_wconf 91' lang='lat' dir='ltr'>quae</span> <span class='ocrx_word' id='word_1_147' title='bbox 943 1715 1160 1786; x_wconf 80' lang='lat' dir='ltr'>monstratura</span> <span class='ocrx_word' id='word_1_148' title='bbox 1178 1721 1288 1786; x_wconf 89' lang='lat' dir='ltr'>circqu</span> <span class='ocrx_word' id='word_1_149' title='bbox 1309 1719 1445 1784; x_wconf 86' lang='lat' dir='ltr'>zodiaco.</span> 
     </span>
     <span class='ocr_line' id='line_1_16' title="bbox 107 1809 1447 1891; baseline -0.002 -16"><span class='ocrx_word' id='word_1_150' title='bbox 107 1811 179 1874; x_wconf 88' lang='lat' dir='ltr'>Sole</span> <span class='ocrx_word' id='word_1_151' title='bbox 194 1810 297 1891; x_wconf 87' lang='lat' dir='ltr'>itaque</span> <span class='ocrx_word' id='word_1_152' title='bbox 321 1828 387 1872; x_wconf 87' lang='lat' dir='ltr'>sese</span> <span class='ocrx_word' id='word_1_153' title='bbox 406 1816 542 1871; x_wconf 89' lang='lat' dir='ltr'>vertente</span> <span class='ocrx_word' id='word_1_154' title='bbox 556 1811 736 1889; x_wconf 88' lang='lat' dir='ltr'>perenniter,</span> <span class='ocrx_word' id='word_1_155' title='bbox 761 1811 945 1874; x_wconf 88' lang='lat' dir='ltr'>convertitur</span> <span class='ocrx_word' id='word_1_156' title='bbox 967 1819 999 1874; x_wconf 88' lang='lat' dir='ltr'>et</span> <span class='ocrx_word' id='word_1_157' title='bbox 1020 1811 1051 1872; x_wconf 94' lang='lat' dir='ltr'>in</span> <span class='ocrx_word' id='word_1_158' title='bbox 1073 1811 1176 1873; x_wconf 91' lang='lat' dir='ltr'>orbem</span> <span class='ocrx_word' id='word_1_159' title='bbox 1198 1811 1246 1872; x_wconf 88' lang='lat' dir='ltr'>ris</span> <span class='ocrx_word' id='word_1_160' title='bbox 1260 1809 1372 1872; x_wconf 75' lang='lat' dir='ltr'>metris</span> <span class='ocrx_word' id='word_1_161' title='bbox 1393 1829 1447 1873; x_wconf 89' lang='lat' dir='ltr'>seu</span> 
     </span>
     <span class='ocr_line' id='line_1_17' title="bbox 107 1897 1447 1984; baseline 0 -22"><span class='ocrx_word' id='word_1_162' title='bbox 107 1901 244 1962; x_wconf 84' lang='lat' dir='ltr'>defluxus</span> <span class='ocrx_word' id='word_1_163' title='bbox 267 1897 319 1960; x_wconf 90' lang='lat' dir='ltr'>ille</span> <span class='ocrx_word' id='word_1_164' title='bbox 343 1898 454 1979; x_wconf 87' lang='lat' dir='ltr'>speclei</span> <span class='ocrx_word' id='word_1_165' title='bbox 477 1919 496 1958; x_wconf 94' lang='lat' dir='ltr'>a</span> <span class='ocrx_word' id='word_1_166' title='bbox 517 1899 599 1964; x_wconf 89' lang='lat' dir='ltr'>libris</span> <span class='ocrx_word' id='word_1_167' title='bbox 618 1899 698 1961; x_wconf 86' lang='lat' dir='ltr'>Solis</span> <span class='ocrx_word' id='word_1_168' title='bbox 721 1900 909 1980; x_wconf 88' lang='lat' dir='ltr'>magnaticis,</span> <span class='ocrx_word' id='word_1_169' title='bbox 932 1916 986 1980; x_wconf 89' lang='lat' dir='ltr'>per</span> <span class='ocrx_word' id='word_1_170' title='bbox 1003 1901 1103 1962; x_wconf 90' lang='lat' dir='ltr'>omnia</span> <span class='ocrx_word' id='word_1_171' title='bbox 1119 1900 1313 1984; x_wconf 87' lang='lat' dir='ltr'>planetarum</span> <span class='ocrx_word' id='word_1_172' title='bbox 1331 1899 1447 1962; x_wconf 87' lang='lat' dir='ltr'>diaste-</span> 
     </span>
     <span class='ocr_line' id='line_1_18' title="bbox 107 1987 1446 2070; baseline 0 -18"><span class='ocrx_word' id='word_1_173' title='bbox 107 1997 190 2052; x_wconf 88' lang='lat' dir='ltr'>mata</span> <span class='ocrx_word' id='word_1_174' title='bbox 216 1987 357 2063; x_wconf 88' lang='lat' dir='ltr'>diffusus,</span> <span class='ocrx_word' id='word_1_175' title='bbox 389 1993 433 2049; x_wconf 84' lang='lat' dir='ltr'>et.</span> <span class='ocrx_word' id='word_1_176' title='bbox 447 1987 630 2050; x_wconf 86' lang='lat' dir='ltr'>convertitur</span> <span class='ocrx_word' id='word_1_177' title='bbox 657 1989 763 2050; x_wconf 83' lang='lat' dir='ltr'>eodem</span> <span class='ocrx_word' id='word_1_178' title='bbox 784 1995 918 2069; x_wconf 86' lang='lat' dir='ltr'>tempore</span> <span class='ocrx_word' id='word_1_179' title='bbox 948 2008 1014 2050; x_wconf 91' lang='lat' dir='ltr'>cum</span> <span class='ocrx_word' id='word_1_180' title='bbox 1036 1989 1122 2052; x_wconf 87' lang='lat' dir='ltr'>Sole:</span> <span class='ocrx_word' id='word_1_181' title='bbox 1155 2007 1215 2051; x_wconf 93' lang='lat' dir='ltr'>non</span> <span class='ocrx_word' id='word_1_182' title='bbox 1242 2007 1329 2052; x_wconf 87' lang='lat' dir='ltr'>secus</span> <span class='ocrx_word' id='word_1_183' title='bbox 1356 1995 1446 2070; x_wconf 84' lang='lat' dir='ltr'>atque</span> 
     </span>
     <span class='ocr_line' id='line_1_19' title="bbox 106 2076 1447 2158; baseline 0 -17"><span class='ocrx_word' id='word_1_184' title='bbox 106 2080 144 2141; x_wconf 88' lang='lat' dir='ltr'>sd</span> <span class='ocrx_word' id='word_1_185' title='bbox 165 2077 397 2140; x_wconf 85' lang='lat' dir='ltr'>translationem</span> <span class='ocrx_word' id='word_1_186' title='bbox 420 2077 567 2156; x_wconf 84' lang='lat' dir='ltr'>magnetis</span> <span class='ocrx_word' id='word_1_187' title='bbox 590 2076 657 2157; x_wconf 91' lang='lat' dir='ltr'>ipsa</span> <span class='ocrx_word' id='word_1_188' title='bbox 680 2097 795 2158; x_wconf 89' lang='lat' dir='ltr'>quoque</span> <span class='ocrx_word' id='word_1_189' title='bbox 817 2077 914 2140; x_wconf 84' lang='lat' dir='ltr'>virtus</span> <span class='ocrx_word' id='word_1_190' title='bbox 935 2078 1106 2158; x_wconf 87' lang='lat' dir='ltr'>magnetica</span> <span class='ocrx_word' id='word_1_191' title='bbox 1131 2078 1313 2142; x_wconf 83' lang='lat' dir='ltr'>transfertur</span> <span class='ocrx_word' id='word_1_192' title='bbox 1335 2086 1366 2141; x_wconf 89' lang='lat' dir='ltr'>et</span> <span class='ocrx_word' id='word_1_193' title='bbox 1387 2097 1447 2152; x_wconf 85' lang='lat' dir='ltr'>una</span> 
     </span>
     <span class='ocr_line' id='line_1_20' title="bbox 107 2165 1456 2247; baseline -0.001 -17"><span class='ocrx_word' id='word_1_194' title='bbox 107 2170 217 2232; x_wconf 82' lang='lat' dir='ltr'>serrum</span> <span class='ocrx_word' id='word_1_195' title='bbox 240 2166 337 2246; x_wconf 84' lang='lat' dir='ltr'>ipsam</span> <span class='ocrx_word' id='word_1_196' title='bbox 359 2165 422 2228; x_wconf 88' lang='lat' dir='ltr'>vim</span> <span class='ocrx_word' id='word_1_197' title='bbox 442 2165 640 2245; x_wconf 90' lang='lat' dir='ltr'>magneticam</span> <span class='ocrx_word' id='word_1_198' title='bbox 662 2167 830 2247; x_wconf 88' lang='lat' dir='ltr'>insequens.</span> <span class='ocrx_word' id='word_1_199' title='bbox 1075 2191 1078 2196; x_wconf 95' lang='lat'>·</span> <span class='ocrx_word' id='word_1_200' title='bbox 1454 2196 1456 2201; x_wconf 96' lang='lat'>·</span> 
     </span>
    </p>

    <p class='ocr_par' dir='ltr' id='par_1_6' title="bbox 159 2231 1446 2354">
     <span class='ocr_line' id='line_1_21' title="bbox 159 2231 1446 2354; baseline 0 -36"><span class='ocrx_word' id='word_1_201' title='bbox 159 2231 364 2354; x_wconf 74' lang='lat' dir='ltr'>[Perbellum</span> <span class='ocrx_word' id='word_1_202' title='bbox 378 2254 513 2335; x_wconf 88' lang='lat' dir='ltr'>equidem</span> <span class='ocrx_word' id='word_1_203' title='bbox 537 2255 623 2334; x_wconf 89' lang='lat' dir='ltr'>attigi</span> <span class='ocrx_word' id='word_1_204' title='bbox 648 2255 818 2336; x_wconf 84' lang='lat' dir='ltr'>exemplum</span> <span class='ocrx_word' id='word_1_205' title='bbox 837 2255 986 2335; x_wconf 87' lang='lat' dir='ltr'>magnetis</span> <span class='ocrx_word' id='word_1_206' title='bbox 1002 2262 1033 2318; x_wconf 89' lang='lat' dir='ltr'>et</span> <span class='ocrx_word' id='word_1_207' title='bbox 1046 2253 1165 2317; x_wconf 90' lang='lat' dir='ltr'>omnino</span> <span class='ocrx_word' id='word_1_208' title='bbox 1187 2255 1232 2318; x_wconf 92' lang='lat' dir='ltr'>rei</span> <span class='ocrx_word' id='word_1_209' title='bbox 1254 2252 1446 2330; x_wconf 87' lang='lat' dir='ltr'>conveniens,</span> 
     </span>
    </p>
   </div>
   <div class='ocr_carea' id='block_1_5' title="bbox 15 2341 1446 2427">
    <p class='ocr_par' dir='ltr' id='par_1_7' title="bbox 15 2341 1446 2427">
     <span class='ocr_line' id='line_1_22' title="bbox 15 2341 1446 2427; baseline -0.003 -17"><span class='ocrx_word' id='word_1_210' title='bbox 15 2412 18 2420; x_wconf 76' lang='grc'><em>,</em></span> <span class='ocrx_word' id='word_1_211' title='bbox 108 2365 143 2410; x_wconf 84' lang='grc'>00</span> <span class='ocrx_word' id='word_1_212' title='bbox 163 2364 271 2427; x_wconf 87' lang='lat' dir='ltr'>parum</span> <span class='ocrx_word' id='word_1_213' title='bbox 293 2344 380 2406; x_wconf 88' lang='lat' dir='ltr'>abest</span> <span class='ocrx_word' id='word_1_214' title='bbox 402 2341 471 2424; x_wconf 90' lang='lat' dir='ltr'>quin</span> <span class='ocrx_word' id='word_1_215' title='bbox 494 2362 542 2406; x_wconf 90' lang='lat' dir='ltr'>res</span> <span class='ocrx_word' id='word_1_216' title='bbox 564 2343 632 2424; x_wconf 89' lang='lat' dir='ltr'>ipsa</span> <span class='ocrx_word' id='word_1_217' title='bbox 648 2345 706 2406; x_wconf 91' lang='lat' dir='ltr'>dici</span> <span class='ocrx_word' id='word_1_218' title='bbox 728 2345 834 2425; x_wconf 85' lang='lat' dir='ltr'>possit</span> <span class='ocrx_word' id='word_1_219' title='bbox 873 2345 953 2408; x_wconf 90' lang='lat' dir='ltr'>Nam</span> <span class='ocrx_word' id='word_1_220' title='bbox 975 2343 1046 2426; x_wconf 92' lang='lat' dir='ltr'>quid</span> <span class='ocrx_word' id='word_1_221' title='bbox 1068 2361 1125 2422; x_wconf 90' lang='lat' dir='ltr'>ego</span> <span class='ocrx_word' id='word_1_222' title='bbox 1143 2343 1180 2406; x_wconf 92' lang='lat' dir='ltr'>de</span> <span class='ocrx_word' id='word_1_223' title='bbox 1202 2350 1352 2424; x_wconf 86' lang='lat' dir='ltr'>magnete,</span> <span class='ocrx_word' id='word_1_224' title='bbox 1374 2351 1446 2406; x_wconf 88' lang='lat' dir='ltr'>tan·</span> 
     </span>
    </p>
   </div>
   <div class='ocr_carea' id='block_1_6' title="bbox 106 2431 1447 2696">
    <p class='ocr_par' dir='ltr' id='par_1_8' title="bbox 106 2431 1447 2696">
     <span class='ocr_line' id='line_1_23' title="bbox 108 2431 1445 2517; baseline -0.004 -17"><span class='ocrx_word' id='word_1_225' title='bbox 108 2452 195 2517; x_wconf 87' lang='lat' dir='ltr'>quam</span> <span class='ocrx_word' id='word_1_226' title='bbox 217 2435 257 2496; x_wconf 82' lang='lat' dir='ltr'>de</span> <span class='ocrx_word' id='word_1_227' title='bbox 283 2431 443 2514; x_wconf 65' lang='lat' dir='ltr'>exemplo?</span> <span class='ocrx_word' id='word_1_228' title='bbox 467 2445 533 2496; x_wconf 84' lang='lat' dir='ltr'>curo</span> <span class='ocrx_word' id='word_1_229' title='bbox 561 2431 628 2512; x_wconf 88' lang='lat' dir='ltr'>ipsa</span> <span class='ocrx_word' id='word_1_230' title='bbox 650 2433 763 2508; x_wconf 87' lang='lat' dir='ltr'>Tellus,</span> <span class='ocrx_word' id='word_1_231' title='bbox 788 2433 970 2497; x_wconf 87' lang='lat' dir='ltr'>Gulielmo</span> <span class='ocrx_word' id='word_1_232' title='bbox 999 2433 1169 2496; x_wconf 88' lang='lat' dir='ltr'>Gilberto</span> <span class='ocrx_word' id='word_1_233' title='bbox 1190 2433 1292 2514; x_wconf 89' lang='lat' dir='ltr'>Anglo</span> <span class='ocrx_word' id='word_1_234' title='bbox 1319 2432 1445 2494; x_wconf 89' lang='lat' dir='ltr'>demon-</span> 
     </span>
     <span class='ocr_line' id='line_1_24' title="bbox 108 2519 1445 2604; baseline -0.001 -18"><span class='ocrx_word' id='word_1_235' title='bbox 108 2531 233 2592; x_wconf 87' lang='lat' dir='ltr'>strante,</span> <span class='ocrx_word' id='word_1_236' title='bbox 256 2541 382 2604; x_wconf 87' lang='lat' dir='ltr'>magnus</span> <span class='ocrx_word' id='word_1_237' title='bbox 406 2521 527 2604; x_wconf 87' lang='lat' dir='ltr'>quidam</span> <span class='ocrx_word' id='word_1_238' title='bbox 553 2522 594 2583; x_wconf 91' lang='lat' dir='ltr'>sit</span> <span class='ocrx_word' id='word_1_239' title='bbox 625 2541 763 2602; x_wconf 88' lang='lat' dir='ltr'>magnes,</span> <span class='ocrx_word' id='word_1_240' title='bbox 794 2523 958 2602; x_wconf 90' lang='lat' dir='ltr'>eademque</span> <span class='ocrx_word' id='word_1_241' title='bbox 986 2522 1091 2584; x_wconf 90' lang='lat' dir='ltr'>eodem</span> <span class='ocrx_word' id='word_1_242' title='bbox 1118 2529 1255 2598; x_wconf 87' lang='lat' dir='ltr'>anctore,</span> <span class='ocrx_word' id='word_1_243' title='bbox 1287 2519 1445 2602; x_wconf 81' lang='lat' dir='ltr'>Cepernici</span> 
     </span>
     <span class='ocr_line' id='line_1_25' title="bbox 106 2592 1447 2696; baseline -0.001 -21"><span class='ocrx_word' id='word_1_244' title='bbox 106 2622 273 2686; x_wconf 87' lang='lat' dir='ltr'>assertore,</span> <span class='ocrx_word' id='word_1_245' title='bbox 306 2610 501 2672; x_wconf 79' lang='lat' dir='ltr'>convolvatur</span> <span class='ocrx_word' id='word_1_246' title='bbox 524 2609 554 2673; x_wconf 91' lang='lat' dir='ltr'>in</span> <span class='ocrx_word' id='word_1_247' title='bbox 577 2610 643 2673; x_wconf 88' lang='lat' dir='ltr'>dies</span> <span class='ocrx_word' id='word_1_248' title='bbox 666 2611 816 2691; x_wconf 79' lang='lat' dir='ltr'>singulos„</span> <span class='ocrx_word' id='word_1_249' title='bbox 849 2613 894 2675; x_wconf 92' lang='lat' dir='ltr'>uti</span> <span class='ocrx_word' id='word_1_250' title='bbox 917 2630 972 2692; x_wconf 89' lang='lat' dir='ltr'>ego</span> <span class='ocrx_word' id='word_1_251' title='bbox 995 2611 1099 2674; x_wconf 88' lang='lat' dir='ltr'>Solem</span> <span class='ocrx_word' id='word_1_252' title='bbox 1132 2611 1213 2672; x_wconf 87' lang='lat' dir='ltr'>volvi</span> <span class='ocrx_word' id='word_1_253' title='bbox 1236 2592 1381 2696; x_wconf 74' lang='lat' dir='ltr'>conjicio]</span> <span class='ocrx_word' id='word_1_254' title='bbox 1415 2619 1447 2674; x_wconf 88' lang='lat' dir='ltr'>et</span> 
     </span>
    </p>
   </div>
   <div class='ocr_carea' id='block_1_7' title="bbox 107 2685 1559 2783">
    <p class='ocr_par' dir='ltr' id='par_1_9' title="bbox 107 2685 1559 2783">
     <span class='ocr_line' id='line_1_26' title="bbox 107 2685 1559 2783; baseline 0.001 -17"><span class='ocrx_word' id='word_1_255' title='bbox 107 2685 142 2767; x_wconf 91' lang='lat' dir='ltr'>ob</span> <span class='ocrx_word' id='word_1_256' title='bbox 165 2702 197 2765; x_wconf 93' lang='lat' dir='ltr'>id</span> <span class='ocrx_word' id='word_1_257' title='bbox 222 2701 330 2783; x_wconf 89' lang='lat' dir='ltr'>ipsum,</span> <span class='ocrx_word' id='word_1_258' title='bbox 354 2699 424 2781; x_wconf 90' lang='lat' dir='ltr'>quia</span> <span class='ocrx_word' id='word_1_259' title='bbox 445 2699 535 2762; x_wconf 86' lang='lat' dir='ltr'>fibras</span> <span class='ocrx_word' id='word_1_260' title='bbox 557 2700 650 2763; x_wconf 87' lang='lat' dir='ltr'>babet</span> <span class='ocrx_word' id='word_1_261' title='bbox 671 2701 866 2781; x_wconf 87' lang='lat' dir='ltr'>magneticas,</span> <span class='ocrx_word' id='word_1_262' title='bbox 890 2701 1001 2763; x_wconf 91' lang='lat' dir='ltr'>lineam</span> <span class='ocrx_word' id='word_1_263' title='bbox 1021 2701 1161 2763; x_wconf 86' lang='lat' dir='ltr'>motionis</span> <span class='ocrx_word' id='word_1_264' title='bbox 1184 2719 1257 2763; x_wconf 88' lang='lat' dir='ltr'>suae</span> <span class='ocrx_word' id='word_1_265' title='bbox 1280 2699 1372 2763; x_wconf 91' lang='lat' dir='ltr'>rectis</span> <span class='ocrx_word' id='word_1_266' title='bbox 1387 2719 1444 2763; x_wconf 85' lang='lat' dir='ltr'>an-</span> <span class='ocrx_word' id='word_1_267' title='bbox 1549 2757 1559 2768; x_wconf 94' lang='lat'>.</span> 
     </span>
    </p>
   </div>
   <div class='ocr_carea' id='block_1_8' title="bbox 106 2786 1493 4039">
    <p class='ocr_par' dir='ltr' id='par_1_10' title="bbox 106 2786 1446 3123">
     <span class='ocr_line' id='line_1_27' title="bbox 106 2786 1446 2873; baseline 0 -18"><span class='ocrx_word' id='word_1_268' title='bbox 106 2793 184 2873; x_wconf 86' lang='lat' dir='ltr'>gulis</span> <span class='ocrx_word' id='word_1_269' title='bbox 207 2791 440 2864; x_wconf 74' lang='lat' dir='ltr'>interserentes,</span> <span class='ocrx_word' id='word_1_270' title='bbox 469 2788 536 2851; x_wconf 93' lang='lat' dir='ltr'>ideo</span> <span class='ocrx_word' id='word_1_271' title='bbox 559 2788 630 2853; x_wconf 90' lang='lat' dir='ltr'>illae</span> <span class='ocrx_word' id='word_1_272' title='bbox 661 2786 752 2853; x_wconf 84' lang='lat' dir='ltr'>fibrae</span> <span class='ocrx_word' id='word_1_273' title='bbox 776 2790 869 2853; x_wconf 90' lang='lat' dir='ltr'>variis</span> <span class='ocrx_word' id='word_1_274' title='bbox 892 2790 1013 2853; x_wconf 87' lang='lat' dir='ltr'>circulis</span> <span class='ocrx_word' id='word_1_275' title='bbox 1033 2790 1159 2854; x_wconf 88' lang='lat' dir='ltr'>motioni</span> <span class='ocrx_word' id='word_1_276' title='bbox 1180 2789 1336 2871; x_wconf 87' lang='lat' dir='ltr'>parallelis</span> <span class='ocrx_word' id='word_1_277' title='bbox 1358 2790 1446 2869; x_wconf 90' lang='lat' dir='ltr'>polos</span> 
     </span>
     <span class='ocr_line' id='line_1_28' title="bbox 106 2878 1445 2961; baseline -0.001 -17"><span class='ocrx_word' id='word_1_278' title='bbox 106 2880 237 2945; x_wconf 86' lang='lat' dir='ltr'>Telluris</span> <span class='ocrx_word' id='word_1_279' title='bbox 265 2878 499 2943; x_wconf 76' lang='lat' dir='ltr'>circumsistent:</span> <span class='ocrx_word' id='word_1_280' title='bbox 533 2886 566 2940; x_wconf 89' lang='grc' dir='ltr'>ιιι</span> <span class='ocrx_word' id='word_1_281' title='bbox 584 2879 652 2959; x_wconf 73' lang='lat' dir='ltr'>,jam</span> <span class='ocrx_word' id='word_1_282' title='bbox 675 2880 742 2959; x_wconf 91' lang='lat' dir='ltr'>jure</span> <span class='ocrx_word' id='word_1_283' title='bbox 771 2881 882 2961; x_wconf 89' lang='lat' dir='ltr'>optimo</span> <span class='ocrx_word' id='word_1_284' title='bbox 910 2880 1026 2941; x_wconf 91' lang='lat' dir='ltr'>Lunam</span> <span class='ocrx_word' id='word_1_285' title='bbox 1052 2878 1090 2940; x_wconf 91' lang='lat' dir='ltr'>ab</span> <span class='ocrx_word' id='word_1_286' title='bbox 1119 2880 1176 2941; x_wconf 91' lang='lat' dir='ltr'>hac</span> <span class='ocrx_word' id='word_1_287' title='bbox 1198 2879 1309 2942; x_wconf 87' lang='lat' dir='ltr'>Terrae</span> <span class='ocrx_word' id='word_1_288' title='bbox 1331 2897 1445 2942; x_wconf 87' lang='lat' dir='ltr'>convo-</span> 
     </span>
     <span class='ocr_line' id='line_1_29' title="bbox 106 2966 1446 3049; baseline -0.001 -15"><span class='ocrx_word' id='word_1_289' title='bbox 106 2970 219 3035; x_wconf 89' lang='lat' dir='ltr'>lutione</span> <span class='ocrx_word' id='word_1_290' title='bbox 243 2968 433 3048; x_wconf 85' lang='lat' dir='ltr'>ejusdemque</span> <span class='ocrx_word' id='word_1_291' title='bbox 457 2966 578 3029; x_wconf 86' lang='lat' dir='ltr'>virtutis</span> <span class='ocrx_word' id='word_1_292' title='bbox 601 2970 786 3048; x_wconf 88' lang='lat' dir='ltr'>magneticae</span> <span class='ocrx_word' id='word_1_293' title='bbox 809 2967 1008 3031; x_wconf 86' lang='lat' dir='ltr'>translatione</span> <span class='ocrx_word' id='word_1_294' title='bbox 1029 2967 1096 3048; x_wconf 87' lang='lat' dir='ltr'>rapi</span> <span class='ocrx_word' id='word_1_295' title='bbox 1118 2968 1289 3049; x_wconf 82' lang='lat' dir='ltr'>statuerim,</span> <span class='ocrx_word' id='word_1_296' title='bbox 1320 2966 1446 3048; x_wconf 88' lang='lat' dir='ltr'>triginta</span> 
     </span>
     <span class='ocr_line' id='line_1_30' title="bbox 106 3056 541 3123; baseline -0.007 0"><span class='ocrx_word' id='word_1_297' title='bbox 106 3056 216 3123; x_wconf 81' lang='lat' dir='ltr'>tamen</span> <span class='ocrx_word' id='word_1_298' title='bbox 229 3057 345 3119; x_wconf 81' lang='lat' dir='ltr'>vicibus</span> <span class='ocrx_word' id='word_1_299' title='bbox 367 3056 541 3120; x_wconf 86' lang='lat' dir='ltr'>tardiorem.</span> 
     </span>
    </p>

    <p class='ocr_par' dir='ltr' id='par_1_11' title="bbox 106 3143 1493 4039">
     <span class='ocr_line' id='line_1_31' title="bbox 193 3143 1493 3226; baseline -0.002 -16"><span class='ocrx_word' id='word_1_300' title='bbox 193 3146 275 3221; x_wconf 88' lang='lat' dir='ltr'>Scio,</span> <span class='ocrx_word' id='word_1_301' title='bbox 304 3147 415 3209; x_wconf 89' lang='lat' dir='ltr'>Terrae</span> <span class='ocrx_word' id='word_1_302' title='bbox 446 3145 598 3208; x_wconf 85' lang='lat' dir='ltr'>filamenta</span> <span class='ocrx_word' id='word_1_303' title='bbox 624 3144 814 3225; x_wconf 81' lang='lat' dir='ltr'>ejusdemque</span> <span class='ocrx_word' id='word_1_304' title='bbox 837 3151 935 3206; x_wconf 89' lang='lat' dir='ltr'>motus</span> <span class='ocrx_word' id='word_1_305' title='bbox 965 3150 1157 3225; x_wconf 86' lang='lat' dir='ltr'>aequatorem</span> <span class='ocrx_word' id='word_1_306' title='bbox 1179 3144 1315 3226; x_wconf 86' lang='lat' dir='ltr'>signare,</span> <span class='ocrx_word' id='word_1_307' title='bbox 1339 3143 1444 3208; x_wconf 88' lang='lat' dir='ltr'>Lunae</span> <span class='ocrx_word' id='word_1_308' title='bbox 1490 3170 1493 3173; x_wconf 50' lang='lat'><strong>⁴</strong></span> 
     </span>
     <span class='ocr_line' id='line_1_32' title="bbox 106 3232 1447 3314; baseline 0.001 -17"><span class='ocrx_word' id='word_1_309' title='bbox 106 3258 176 3301; x_wconf 83' lang='lat' dir='ltr'>vero</span> <span class='ocrx_word' id='word_1_310' title='bbox 205 3234 346 3299; x_wconf 89' lang='lat' dir='ltr'>circuitus</span> <span class='ocrx_word' id='word_1_311' title='bbox 369 3234 491 3301; x_wconf 89' lang='lat' dir='ltr'>zodiaco</span> <span class='ocrx_word' id='word_1_312' title='bbox 516 3253 582 3297; x_wconf 89' lang='lat' dir='ltr'>sese</span> <span class='ocrx_word' id='word_1_313' title='bbox 605 3232 781 3295; x_wconf 77' lang='lat' dir='ltr'>familiarius</span> <span class='ocrx_word' id='word_1_314' title='bbox 805 3233 972 3314; x_wconf 88' lang='lat' dir='ltr'>applicare:</span> <span class='ocrx_word' id='word_1_315' title='bbox 1005 3253 1063 3314; x_wconf 93' lang='lat' dir='ltr'>qua</span> <span class='ocrx_word' id='word_1_316' title='bbox 1086 3233 1122 3294; x_wconf 92' lang='lat' dir='ltr'>de</span> <span class='ocrx_word' id='word_1_317' title='bbox 1145 3253 1177 3296; x_wconf 90' lang='lat' dir='ltr'>re</span> <span class='ocrx_word' id='word_1_318' title='bbox 1199 3234 1230 3295; x_wconf 94' lang='lat' dir='ltr'>in</span> <span class='ocrx_word' id='word_1_319' title='bbox 1253 3233 1447 3314; x_wconf 88' lang='lat' dir='ltr'>sequentibus</span> 
     </span>
     <span class='ocr_line' id='line_1_33' title="bbox 108 3320 1446 3410; baseline -0.004 -18"><span class='ocrx_word' id='word_1_320' title='bbox 108 3348 171 3410; x_wconf 87' lang='lat' dir='ltr'>cap.</span> <span class='ocrx_word' id='word_1_321' title='bbox 196 3324 423 3391; x_wconf 67' lang='lat' dir='ltr'>xxxam-et</span> <span class='ocrx_word' id='word_1_322' title='bbox 448 3331 534 3404; x_wconf 88' lang='lat' dir='ltr'>parte</span> <span class='ocrx_word' id='word_1_323' title='bbox 557 3324 596 3383; x_wconf 91' lang='lat' dir='ltr'>V.</span> <span class='ocrx_word' id='word_1_324' title='bbox 621 3324 686 3386; x_wconf 90' lang='lat' dir='ltr'>Hoc</span> <span class='ocrx_word' id='word_1_325' title='bbox 708 3342 767 3385; x_wconf 91' lang='lat' dir='ltr'>uno</span> <span class='ocrx_word' id='word_1_326' title='bbox 790 3330 916 3403; x_wconf 86' lang='lat' dir='ltr'>excepto</span> <span class='ocrx_word' id='word_1_327' title='bbox 933 3329 1044 3399; x_wconf 75' lang='lat' dir='ltr'>‚cetera</span> <span class='ocrx_word' id='word_1_328' title='bbox 1073 3320 1266 3385; x_wconf 82' lang='lat' dir='ltr'>conveniunt:</span> <span class='ocrx_word' id='word_1_329' title='bbox 1299 3324 1394 3387; x_wconf 88' lang='lat' dir='ltr'>Terra</span> <span class='ocrx_word' id='word_1_330' title='bbox 1413 3322 1446 3387; x_wconf 91' lang='lat' dir='ltr'>in</span> 
     </span>
     <span class='ocr_line' id='line_1_34' title="bbox 106 3411 1447 3495; baseline -0.004 -14"><span class='ocrx_word' id='word_1_331' title='bbox 106 3418 211 3481; x_wconf 80' lang='lat' dir='ltr'>intImo</span> <span class='ocrx_word' id='word_1_332' title='bbox 235 3414 390 3495; x_wconf 84' lang='lat' dir='ltr'>complexu</span> <span class='ocrx_word' id='word_1_333' title='bbox 418 3422 466 3474; x_wconf 86' lang='lat' dir='ltr'>est</span> <span class='ocrx_word' id='word_1_334' title='bbox 486 3411 615 3475; x_wconf 88' lang='lat' dir='ltr'>Lunaris</span> <span class='ocrx_word' id='word_1_335' title='bbox 637 3411 761 3493; x_wconf 89' lang='lat' dir='ltr'>periodi,</span> <span class='ocrx_word' id='word_1_336' title='bbox 785 3419 819 3474; x_wconf 93' lang='lat' dir='ltr'>ut</span> <span class='ocrx_word' id='word_1_337' title='bbox 840 3412 894 3475; x_wconf 87' lang='lat' dir='ltr'>Sol</span> <span class='ocrx_word' id='word_1_338' title='bbox 917 3411 949 3473; x_wconf 92' lang='lat' dir='ltr'>in</span> <span class='ocrx_word' id='word_1_339' title='bbox 971 3420 1136 3475; x_wconf 86' lang='lat' dir='ltr'>ceterorum</span> <span class='ocrx_word' id='word_1_340' title='bbox 1162 3411 1359 3492; x_wconf 83' lang='lat' dir='ltr'>planetarum.</span> <span class='ocrx_word' id='word_1_341' title='bbox 1404 3412 1447 3475; x_wconf 89' lang='grc' dir='ltr'>Ει</span> 
     </span>
     <span class='ocr_line' id='line_1_35' title="bbox 107 3500 1445 3588; baseline -0.006 -17"><span class='ocrx_word' id='word_1_342' title='bbox 107 3516 139 3571; x_wconf 91' lang='lat' dir='ltr'>ut</span> <span class='ocrx_word' id='word_1_343' title='bbox 160 3507 302 3588; x_wconf 88' lang='lat' dir='ltr'>planetae</span> <span class='ocrx_word' id='word_1_344' title='bbox 321 3500 424 3566; x_wconf 88' lang='lat' dir='ltr'>aSole</span> <span class='ocrx_word' id='word_1_345' title='bbox 447 3502 522 3565; x_wconf 89' lang='lat' dir='ltr'>fiunt</span> <span class='ocrx_word' id='word_1_346' title='bbox 539 3502 706 3575; x_wconf 89' lang='lat' dir='ltr'>eccentrici‚</span> <span class='ocrx_word' id='word_1_347' title='bbox 730 3502 774 3563; x_wconf 90' lang='lat' dir='ltr'>sic</span> <span class='ocrx_word' id='word_1_348' title='bbox 788 3503 874 3564; x_wconf 90' lang='lat' dir='ltr'>Luna</span> <span class='ocrx_word' id='word_1_349' title='bbox 892 3521 912 3563; x_wconf 90' lang='lat' dir='ltr'>a</span> <span class='ocrx_word' id='word_1_350' title='bbox 929 3502 1037 3565; x_wconf 86' lang='lat' dir='ltr'>Terra:</span> <span class='ocrx_word' id='word_1_351' title='bbox 1062 3508 1096 3563; x_wconf 91' lang='lat' dir='ltr'>ut</span> <span class='ocrx_word' id='word_1_352' title='bbox 1111 3509 1225 3563; x_wconf 89' lang='lat' dir='ltr'>certum</span> <span class='ocrx_word' id='word_1_353' title='bbox 1238 3500 1289 3576; x_wconf 89' lang='lat' dir='ltr'>sit,</span> <span class='ocrx_word' id='word_1_354' title='bbox 1307 3501 1445 3565; x_wconf 85' lang='lat' dir='ltr'>aLunae</span> 
     </span>
     <span class='ocr_line' id='line_1_36' title="bbox 107 3590 1445 3673; baseline -0.005 -12"><span class='ocrx_word' id='word_1_355' title='bbox 107 3606 223 3661; x_wconf 83' lang='lat' dir='ltr'>motare</span> <span class='ocrx_word' id='word_1_356' title='bbox 237 3594 361 3656; x_wconf 85' lang='lat' dir='ltr'>Terram</span> <span class='ocrx_word' id='word_1_357' title='bbox 384 3610 438 3653; x_wconf 89' lang='lat' dir='ltr'>ceu</span> <span class='ocrx_word' id='word_1_358' title='bbox 453 3592 600 3672; x_wconf 89' lang='lat' dir='ltr'>quandam</span> <span class='ocrx_word' id='word_1_359' title='bbox 618 3609 793 3673; x_wconf 89' lang='lat' dir='ltr'>cynosuram</span> <span class='ocrx_word' id='word_1_360' title='bbox 817 3591 959 3672; x_wconf 89' lang='lat' dir='ltr'>spectari,</span> <span class='ocrx_word' id='word_1_361' title='bbox 981 3590 1025 3652; x_wconf 91' lang='lat' dir='ltr'>uti</span> <span class='ocrx_word' id='word_1_362' title='bbox 1040 3590 1094 3654; x_wconf 89' lang='grc'>801</span> <span class='ocrx_word' id='word_1_363' title='bbox 1117 3597 1269 3670; x_wconf 89' lang='lat' dir='ltr'>spectatur</span> <span class='ocrx_word' id='word_1_364' title='bbox 1282 3610 1302 3663; x_wconf 85' lang='lat' dir='ltr'>a</span> <span class='ocrx_word' id='word_1_365' title='bbox 1317 3590 1445 3654; x_wconf 90' lang='lat' dir='ltr'>motori-</span> 
     </span>
     <span class='ocr_line' id='line_1_37' title="bbox 107 3658 1444 3771; baseline -0.006 -20"><span class='ocrx_word' id='word_1_366' title='bbox 107 3688 163 3751; x_wconf 91' lang='lat' dir='ltr'>bus</span> <span class='ocrx_word' id='word_1_367' title='bbox 193 3684 382 3769; x_wconf 89' lang='lat' dir='ltr'>planetarum</span> <span class='ocrx_word' id='word_1_368' title='bbox 402 3684 579 3743; x_wconf 73' lang='grc' dir='ltr'>ι00100000ιο</span> <span class='ocrx_word' id='word_1_369' title='bbox 609 3679 752 3760; x_wconf 83' lang='lat' dir='ltr'>propriis3</span> <span class='ocrx_word' id='word_1_370' title='bbox 785 3680 822 3742; x_wconf 91' lang='lat' dir='ltr'>de</span> <span class='ocrx_word' id='word_1_371' title='bbox 852 3680 959 3761; x_wconf 91' lang='lat' dir='ltr'>quibus</span> <span class='ocrx_word' id='word_1_372' title='bbox 986 3680 1084 3771; x_wconf 87' lang='lat' dir='ltr'>capite</span> <span class='ocrx_word' id='word_1_373' title='bbox 1112 3680 1295 3745; x_wconf 85' lang='lat' dir='ltr'>XXXVIH.</span> <span class='ocrx_word' id='word_1_374' title='bbox 1324 3658 1444 3770; x_wconf 67' lang='lat' dir='ltr'>[Imque</span> 
     </span>
     <span class='ocr_line' id='line_1_38' title="bbox 108 3768 1445 3858; baseline -0.004 -20"><span class='ocrx_word' id='word_1_375' title='bbox 108 3772 269 3858; x_wconf 88' lang='lat' dir='ltr'>plausibile</span> <span class='ocrx_word' id='word_1_376' title='bbox 292 3776 349 3846; x_wconf 89' lang='lat' dir='ltr'>est,</span> <span class='ocrx_word' id='word_1_377' title='bbox 373 3790 439 3833; x_wconf 87' lang='lat' dir='ltr'>curn</span> <span class='ocrx_word' id='word_1_378' title='bbox 457 3772 550 3833; x_wconf 87' lang='lat' dir='ltr'>Terra</span> <span class='ocrx_word' id='word_1_379' title='bbox 568 3768 682 3832; x_wconf 83' lang='lat' dir='ltr'>Lunam</span> <span class='ocrx_word' id='word_1_380' title='bbox 706 3769 784 3831; x_wconf 83' lang='lat' dir='ltr'>cisat</span> <span class='ocrx_word' id='word_1_381' title='bbox 805 3788 859 3850; x_wconf 89' lang='lat' dir='ltr'>per</span> <span class='ocrx_word' id='word_1_382' title='bbox 883 3768 1022 3849; x_wconf 88' lang='lat' dir='ltr'>speciem,</span> <span class='ocrx_word' id='word_1_383' title='bbox 1045 3768 1143 3851; x_wconf 80' lang='lat' dir='ltr'>sitque</span> <span class='ocrx_word' id='word_1_384' title='bbox 1166 3789 1274 3851; x_wconf 89' lang='lat' dir='ltr'>corpus</span> <span class='ocrx_word' id='word_1_385' title='bbox 1295 3770 1445 3850; x_wconf 88' lang='lat' dir='ltr'>magneti-</span> 
     </span>
     <span class='ocr_line' id='line_1_39' title="bbox 111 3857 1444 3943; baseline -0.005 -15"><span class='ocrx_word' id='word_1_386' title='bbox 111 3882 191 3941; x_wconf 91' lang='lat' dir='ltr'>cnm,</span> <span class='ocrx_word' id='word_1_387' title='bbox 216 3868 247 3923; x_wconf 90' lang='lat' dir='ltr'>et</span> <span class='ocrx_word' id='word_1_388' title='bbox 260 3860 314 3924; x_wconf 86' lang='lat' dir='ltr'>Sol</span> <span class='ocrx_word' id='word_1_389' title='bbox 336 3861 474 3940; x_wconf 86' lang='lat' dir='ltr'>planetas</span> <span class='ocrx_word' id='word_1_390' title='bbox 498 3858 576 3920; x_wconf 89' lang='lat' dir='ltr'>cieat</span> <span class='ocrx_word' id='word_1_391' title='bbox 599 3857 737 3921; x_wconf 88' lang='lat' dir='ltr'>similiter</span> <span class='ocrx_word' id='word_1_392' title='bbox 757 3877 811 3939; x_wconf 86' lang='lat' dir='ltr'>per</span> <span class='ocrx_word' id='word_1_393' title='bbox 835 3859 976 3921; x_wconf 88' lang='lat' dir='ltr'>emissam</span> <span class='ocrx_word' id='word_1_394' title='bbox 990 3858 1140 3939; x_wconf 83' lang='lat' dir='ltr'>speciem:</span> <span class='ocrx_word' id='word_1_395' title='bbox 1173 3858 1295 3923; x_wconf 87' lang='lat' dir='ltr'>Solem</span> <span class='ocrx_word' id='word_1_396' title='bbox 1317 3859 1444 3943; x_wconf 86' lang='lat' dir='ltr'>itaque</span> 
     </span>
     <span class='ocr_line' id='line_1_40' title="bbox 111 3933 851 4039; baseline -0.015 -20"><span class='ocrx_word' id='word_1_397' title='bbox 111 3951 290 4018; x_wconf 88' lang='lat' dir='ltr'>similiter</span> <span class='ocrx_word' id='word_1_398' title='bbox 312 3968 447 4030; x_wconf 90' lang='lat' dir='ltr'>corpus</span> <span class='ocrx_word' id='word_1_399' title='bbox 469 3968 551 4011; x_wconf 89' lang='grc'><strong>0000</strong></span> <span class='ocrx_word' id='word_1_400' title='bbox 574 3933 851 4039; x_wconf 65' lang='lat' dir='ltr'>magneticum]</span> 
     </span>
    </p>
   </div>
   <div class='ocr_carea' id='block_1_9' title="bbox 695 4178 867 4189">
    <p class='ocr_par' dir='ltr' id='par_1_12' title="bbox 695 4178 867 4189">
     <span class='ocr_line' id='line_1_41' title="bbox 695 4178 867 4189; baseline 0.012 -2"><span class='ocrx_word' id='word_1_401' title='bbox 695 4178 867 4189; x_wconf 54' lang='lat' dir='ltr'>«nnana—u·—</span> 
     </span>
    </p>
   </div>
   <div class='ocr_carea' id='block_1_10' title="bbox 620 4352 932 4456">
    <p class='ocr_par' dir='ltr' id='par_1_13' title="bbox 620 4352 932 4456">
     <span class='ocr_line' id='line_1_42' title="bbox 620 4352 932 4456; baseline -0.006 -25"><span class='ocrx_word' id='word_1_402' title='bbox 620 4355 739 4456; x_wconf 89' lang='lat' dir='ltr'>Caput</span> <span class='ocrx_word' id='word_1_403' title='bbox 771 4352 932 4431; x_wconf 87' lang='lat' dir='ltr'>XXXV.</span> 
     </span>
    </p>
   </div>
   <div class='ocr_carea' id='block_1_11' title="bbox 168 4504 1385 4685">
    <p class='ocr_par' dir='ltr' id='par_1_14' title="bbox 168 4504 1385 4685">
     <span class='ocr_line' id='line_1_43' title="bbox 168 4504 1385 4679; baseline -0.001 -95"><span class='ocrx_word' id='word_1_404' title='bbox 168 4523 223 4587; x_wconf 75' lang='lat' dir='ltr'>Aa</span> <span class='ocrx_word' id='word_1_405' title='bbox 244 4528 280 4587; x_wconf 83' lang='lat' dir='ltr'>ot</span> <span class='ocrx_word' id='word_1_406' title='bbox 300 4518 428 4582; x_wconf 80' lang='lat' dir='ltr'>luminis</span> <span class='ocrx_word' id='word_1_407' title='bbox 449 4504 495 4581; x_wconf 80' lang='lat' dir='ltr'>ae&#39;c</span> <span class='ocrx_word' id='word_1_408' title='bbox 517 4522 546 4581; x_wconf 80' lang='lat' dir='ltr'>et</span> <span class='ocrx_word' id='word_1_409' title='bbox 566 4524 667 4584; x_wconf 69' lang='grc' dir='ltr'>ηιοιιιε</span> <span class='ocrx_word' id='word_1_410' title='bbox 689 4536 738 4623; x_wconf 39' lang='lat' dir='ltr'>ec,</span> <span class='ocrx_word' id='word_1_411' title='bbox 750 4512 825 4579; x_wconf 86' lang='grc'><strong>8010</strong></span> <span class='ocrx_word' id='word_1_412' title='bbox 844 4518 1005 4679; x_wconf 63' lang='grc' dir='ltr'>ἕωιιίιιφαι</span> <span class='ocrx_word' id='word_1_413' title='bbox 1022 4518 1161 4602; x_wconf 61' lang='lat' dir='ltr'>plicatio</span> <span class='ocrx_word' id='word_1_414' title='bbox 1182 4519 1219 4582; x_wconf 78' lang='lat' dir='ltr'>ia</span> <span class='ocrx_word' id='word_1_415' title='bbox 1236 4516 1385 4600; x_wconf 54' lang='grc'><strong>0100000,</strong></span> 
     </span>
     <span class='ocr_line' id='line_1_44' title="bbox 640 4624 980 4685; baseline 0.012 -18"><span class='ocrx_word' id='word_1_416' title='bbox 640 4626 700 4669; x_wconf 70' lang='lat' dir='ltr'>es</span> <span class='ocrx_word' id='word_1_417' title='bbox 721 4624 844 4685; x_wconf 74' lang='grc' dir='ltr'>ακιφρα</span> <span class='ocrx_word' id='word_1_418' title='bbox 863 4628 896 4667; x_wconf 77' lang='lat' dir='ltr'>aa</span> <span class='ocrx_word' id='word_1_419' title='bbox 977 4666 980 4671; x_wconf 91' lang='lat'>.</span> 
     </span>
    </p>
   </div>
   <div class='ocr_carea' id='block_1_12' title="bbox 114 4746 1441 5082">
    <p class='ocr_par' dir='ltr' id='par_1_15' title="bbox 114 4746 1441 5011">
     <span class='ocr_line' id='line_1_45' title="bbox 198 4746 1441 4831; baseline -0.002 -17"><span class='ocrx_word' id='word_1_420' title='bbox 198 4752 269 4815; x_wconf 89' lang='lat' dir='ltr'>Jam</span> <span class='ocrx_word' id='word_1_421' title='bbox 298 4758 460 4831; x_wconf 87' lang='lat' dir='ltr'>opportune</span> <span class='ocrx_word' id='word_1_422' title='bbox 493 4765 638 4810; x_wconf 87' lang='lat' dir='ltr'>resumam</span> <span class='ocrx_word' id='word_1_423' title='bbox 672 4754 703 4811; x_wconf 88' lang='lat' dir='ltr'>et</span> <span class='ocrx_word' id='word_1_424' title='bbox 730 4746 914 4827; x_wconf 89' lang='lat' dir='ltr'>objectiones</span> <span class='ocrx_word' id='word_1_425' title='bbox 941 4749 1039 4831; x_wconf 90' lang='lat' dir='ltr'>capite</span> <span class='ocrx_word' id='word_1_426' title='bbox 1060 4748 1209 4812; x_wconf 87' lang='lat' dir='ltr'>XXXIII.</span> <span class='ocrx_word' id='word_1_427' title='bbox 1233 4750 1360 4824; x_wconf 87' lang='lat' dir='ltr'>allatas;</span> <span class='ocrx_word' id='word_1_428' title='bbox 1391 4748 1441 4811; x_wconf 91' lang='lat' dir='ltr'>ubi</span> 
     </span>
     <span class='ocr_line' id='line_1_46' title="bbox 115 4836 1441 4923; baseline -0.001 -20"><span class='ocrx_word' id='word_1_429' title='bbox 115 4838 284 4923; x_wconf 88' lang='lat' dir='ltr'>cognationi</span> <span class='ocrx_word' id='word_1_430' title='bbox 311 4840 386 4902; x_wconf 90' lang='lat' dir='ltr'>lucis</span> <span class='ocrx_word' id='word_1_431' title='bbox 416 4846 446 4900; x_wconf 87' lang='lat' dir='ltr'>et</span> <span class='ocrx_word' id='word_1_432' title='bbox 473 4837 592 4900; x_wconf 89' lang='lat' dir='ltr'>virtutis</span> <span class='ocrx_word' id='word_1_433' title='bbox 619 4838 752 4901; x_wconf 82' lang='lat' dir='ltr'>matricis</span> <span class='ocrx_word' id='word_1_434' title='bbox 779 4838 981 4919; x_wconf 85' lang='lat' dir='ltr'>opponebatur</span> <span class='ocrx_word' id='word_1_435' title='bbox 1009 4839 1104 4920; x_wconf 91' lang='lat' dir='ltr'>primo</span> <span class='ocrx_word' id='word_1_436' title='bbox 1127 4837 1283 4902; x_wconf 83' lang='lat' dir='ltr'>offuscatio</span> <span class='ocrx_word' id='word_1_437' title='bbox 1313 4836 1441 4902; x_wconf 90' lang='lat' dir='ltr'>siderum</span> 
     </span>
     <span class='ocr_line' id='line_1_47' title="bbox 114 4928 1011 5011; baseline -0.002 -16"><span class='ocrx_word' id='word_1_438' title='bbox 114 4940 223 5005; x_wconf 89' lang='lat' dir='ltr'>mutua,</span> <span class='ocrx_word' id='word_1_439' title='bbox 246 4928 352 4991; x_wconf 86' lang='lat' dir='ltr'>deinde</span> <span class='ocrx_word' id='word_1_440' title='bbox 375 4928 476 5010; x_wconf 88' lang='lat' dir='ltr'>dispar</span> <span class='ocrx_word' id='word_1_441' title='bbox 494 4929 657 5011; x_wconf 89' lang='lat' dir='ltr'>specierum</span> <span class='ocrx_word' id='word_1_442' title='bbox 679 4930 831 5011; x_wconf 88' lang='lat' dir='ltr'>utriusque</span> <span class='ocrx_word' id='word_1_443' title='bbox 854 4928 1011 4993; x_wconf 86' lang='lat' dir='ltr'>emanatio.</span> 
     </span>
    </p>

    <p class='ocr_par' dir='ltr' id='par_1_16' title="bbox 1175 5030 1235 5082">
     <span class='ocr_line' id='line_1_48' title="bbox 1175 5030 1235 5082; baseline 0 0"><span class='ocrx_word' id='word_1_444' title='bbox 1175 5030 1235 5082; x_wconf 75' lang='lat' dir='ltr'>ab*</span> 
     </span>
    </p>
   </div>
   <div class='ocr_carea' id='block_1_13' title="bbox 0 0 1764 5525">
    <p class='ocr_par' dir='ltr' id='par_1_17' title="bbox 0 0 1764 5525">
     <span class='ocr_line' id='line_1_49' title="bbox 0 0 1764 5525; baseline 0 0"><span class='ocrx_word' id='word_1_445' title='bbox 0 0 1764 5525; x_wconf 95' lang='lat' dir='ltr'> </span> 
     </span>
    </p>
   </div>
  </div>
 </body>
</html>
