3517 5525
657 423 786 477 Amorum
803 419 986 476 tots-lm.
1424 416 1489 489 619

148 599 228 671 pedis
250 598 427 655 Geminorum
446 601 516 658 duas
535 603 627 661 claras
647 594 753 660 vicium
773 604 903 669 invicem,
930 606 1047 661 nondum
1068 608 1163 659 tamen
1183 604 1303 677 angulus
1324 605 1358 658 ad
1379 603 1497 675 priorem

150 681 263 735 stellam
283 687 375 735 rectus
396 689 466 737 erat.

239 762 344 845 Postea
362 778 458 816 versus
484 764 662 834 quadrantem
689 765 806 836 primum
830 764 1006 835 provincialis
1034 758 1170 835 (correcte
1199 780 1293 819 versus
1314 765 1342 819 h.
1367 756 1412 819 ll.
1435 758 1495 835 33‘)

150 858 211 895 cum
231 843 360 896 dedoeret
380 850 481 913 quarta
500 860 573 914 pars,
596 845 716 916 angulus
736 846 782 899 bic
794 853 886 899 rectus
901 852 972 909 erat,
993 852 1023 899 et
1036 846 1099 916 plus
1120 846 1221 899 aberat
1241 844 1327 900 stella
1340 861 1359 899 a
1371 844 1496 915 margine

151 921 204 975 sibi
224 921 357 992 proximo,
379 938 461 994 quam
480 932 524 977 est
537 940 594 979 una
613 925 747 980 diameter
759 916 865 979 Lu'nae.
895 926 971 981 Nihil
991 924 1145 980 accuratius
1159 924 1258 995 'potuit
1279 924 1378 989 notari,
1399 924 1495 996 nequi·

152 1002 312 1068 bantrenim
332 1004 427 1059 eodem
446 1002 548 1059 iutuitu
568 1004 649 1059 simul
669 1006 755 1077 aspici
775 1012 805 1059 et
817 1005 899 1059 Luna
917 1014 947 1060 et
967 1007 1068 1060 stellae
1090 1006 1125 1059 ob
1146 1005 1302 1060 claritatem
1322 1007 1427 1070 Lunae,
1449 1005 1498 1061 scd

151 1082 260 1152 quoties
280 1083 381 1137 stellae
401 1090 482 1139 erant
501 1083 698 1155 respiciendae,
719 1086 842 1157 tegenda
858 1086 914 1141 'fouit
934 1087 1014 1141 Luna
1034 1084 1127 1161 tigillo
1147 1086 1297 1139 fenestrae.

122 1186 128 1195 ·
240 1162 316 1216 luter
329 1164 356 1219 b.
374 1158 420 1218 11.
436 1159 485 1219 48’
499 1164 568 1222 etin
586 1160 631 1221 15.
647 1162 674 1221 3‘
695 1172 828 1245 notatum,
851 1167 922 1237 quod
937 1172 1060 1221 centrum
1072 1167 1168 1221 Lunae
1184 1164 1244 1235 iam
1265 1165 1335 1221 satis
1355 1165 1497 1219 evidenter

151 1243 240 1298 risum
265 1243 349 1296 fuerit
368 1243 445 1297 ultra
469 1245 723 1316 perpendicularem
742 1247 771 1299 in
790 1246 892 1300 lineam
920 1246 1121 1301 stellarum'ox
1141 1246 1227 1301 stella
1248 1246 1356 1317 priore,
1378 1252 1408 1301 et
1427 1246 1499 1317 quod

151 1324 251 1377 umbra
265 1322 325 1391 jam
344 1323 471 1377 deorsum
490 1331 623 1397 vergeret
642 1332 672 1379 et
691 1328 763 1397 quod
784 1324 921 1381 dimidium
942 1326 1087 1381 inumbra
1107 1326 1199 1382 licerit.
1233 1326 1377 1381 Distantia
1397 1325 1499 1379 stellae

153 1418 173 1457 a
192 1404 318 1475 proximo
338 1403 464 1475 margine
483 1406 569 1474 paulo
589 1406 677 1475 major
697 1404 830 1461 dimetro
850 1406 969 1463 Lunae.-

174 1515 177 1520 <
242 1482 356 1538 Circiter
375 1484 403 1539 h.
427 1479 471 1540 15.
493 1481 522 1539 θ’
541 1490 702 1550 correctam,
724 1502 785 1540 cum
805 1487 854 1541 bes
875 1487 904 1540 in
924 1487 1021 1541 umbra
1042 1491 1214 1552 censeretur,
1238 1484 1299 1557 jam
1320 1484 1499 1541 occidentalis

60 1584 68 1590 ·
153 1580 249 1635 margo
270 1564 298 1619 in
318 1563 418 1619 dictam
446 1558 700 1637 perpendicularem
726 1566 873 1623 inoidebat.
913 1566 1001 1622 Linea
1028 1582 1078 1637 per
1099 1564 1190 1637 apices
1221 1584 1352 1624 cornuum
1380 1568 1497 1620 nondum

153 1650 217 1700 erat
234 1644 375 1715 parallelo
394 1645 471 1715 pedis
492 1647 637 1701 stellarum
656 1647 749 1701 lineae
758 1659 771 1701 ε·
787 1663 821 1702 ac
840 1664 877 1700 ne
899 1646 1005 1719 quidem
1025 1646 1052 1703 h.
1076 1640 1121 1703 15.
1145 1642 1199 1703 19‘.
1236 1648 1370 1709 Quartam
1389 1650 1498 1700 restare

153 1726 295 1796 putabam,
318 1724 441 1795 quintam
461 1726 653 1799 Gringalletus
674 1727 787 1799 adjutor
805 1744 891 1783 meus.
927 1728 1059 1783 Rubebat
1077 1727 1159 1783 Luna
1177 1726 1205 1781 in
1224 1728 1322 1781 umbra
1341 1724 1499 1781 clarissime.

241 1804 331 1858 Paulo
351 1813 417 1875 post
436 1805 509 1861 circa
528 1808 556 1861 b.
578 1802 623 1863 15.
646 1803 701 1872 33‘,
724 1824 785 1862 cum
804 1808 960 1877 parallelae
979 1808 1079 1862 tierent
1097 1806 1197 1871 lineae,
1219 1808 1290 1878 quod
1310 1808 1363 1861 hoc
1382 1807 1498 1863 medium

153 1884 265 1955 eclipsis
292 1885 433 1939 imminens
463 1892 611 1958 argueret,
641 1888 813 1942 considerari
840 1887 1015 1943 latitudinem
1039 1887 1141 1943 residui
1166 1904 1267 1951 cornu,
1299 1902 1370 1959 quae
1390 1887 1501 1943 tertiam

152 1971 262 2037 partem
282 1966 438 2036 occupabat
450 1966 520 2035 ejus,
541 1969 612 2037 quod
626 1984 680 2037 ago
702 1967 854 2038 telescopio
875 1985 936 2021 meo
950 1968 1165 2038 comprehendo;
1188 1968 1386 2037 comprehendo
1407 1972 1501 2022 autem

152 2045 223 2101 nibil
241 2046 317 2101 ultra
339 2042 387 2101 13‘
407 2061 458 2100 seu
477 2046 546 2101 duas
567 2047 676 2117 quintae
696 2048 802 2105 Lunae.
842 2048 932 2103 Erant
952 2044 1070 2118 ergol‘
1093 2044 1149 2103 30“
1171 2048 1284 2105 circiter.

242 2125 329 2179 Nudis
350 2126 435 2182 oculis
449 2126 521 2181 inter
539 2126 662 2198 quintam
675 2135 705 2181 et
719 2134 848 2199 quartam
866 2134 975 2198 partem
990 2127 1225 2183 circumferentiae
1240 2125 1333 2181 censui
1348 2125 1501 2191 inlumina,

156 2204 350 2277 Gn'ngalletns
371 2206 406 2259 ad
427 2214 537 2262 sextam
557 2208 733 2263 attenuabat.
756 2209 907 2265 -Latitudo
934 2208 1041 2262 lucidae
1062 2210 1097 2263 nd
1117 2208 1291 2263 latitudinem
1319 2209 1500 2264 obumbratae

153 2286 253 2358 partis,
274 2291 308 2341 ut
329 2279 343 2341 1
366 2287 401 2340 ad
421 2281 441 2341 8
461 2286 589 2351 circitare
616 2286 685 2343 nihil
705 2290 778 2345 enim
797 2288 919 2345 accurati
940 2286 992 2343 dici
1012 2288 1118 2359 potuit,
1141 2286 1195 2343 etsi
1217 2304 1281 2357 pars
1302 2288 1451 2343 obscurata
1470 2286 1498 2341 in

154 2371 305 2437 conspectu
324 2372 396 2423 erat.

243 2446 323 2500 Hora
344 2442 389 2502 16.
412 2440 458 2501 18⁴
479 2452 603 2501 conecto
628 2447 704 2501 linea
723 2462 775 2517 per
794 2464 923 2503 cornuum
943 2454 1069 2503 extrema
1094 2448 1228 2503 tendebat
1247 2447 1276 2503 in
1296 2448 1441 2501 uouudam
1462 2462 1501 2501 ex

155 2522 176 2582 2
195 2526 282 2596 pedis,
303 2524 365 2594 ejus
384 2541 451 2598 vero
471 2526 705 2597 perpendicnlaris
725 2544 776 2597 per
800 2533 924 2583 centrum
950 2530 1083 2583 tendebat
1102 2530 1183 2583 simul
1203 2528 1231 2583 in
1250 2528 1380 2598 primam,
1409 2527 1448 2581 sic
1468 2534 1501 2581 ut

155 2606 212 2661 bae
232 2608 303 2661 duae
323 2612 428 2661 rectum
447 2606 615 2669 formarent,
636 2609 795 2664 subtensnm
815 2626 834 2664 a
852 2615 932 2663 recta
950 2608 1024 2661 inter
1043 2608 1151 2663 stellas.
1192 2609 1411 2663 Contirmabatnr
1431 2607 1501 2660 baec

156 2686 315 2741 observatio
335 2703 386 2756 per
405 2686 499 2750 aliam
520 2690 590 2757 quod
611 2690 709 2742 ductae
730 2706 767 2741 ex
787 2689 877 2743 stellis
899 2688 926 2743 in
947 2696 1069 2743 centrum
1086 2689 1183 2743 Lunae
1204 2688 1362 2743 viderentur
1382 2687 1501 2743 formare

156 2767 380 2824 obtusiusculum
419 2768 545 2824 Nondum
571 2776 664 2823 autem
693 2769 818 2824 distabat
843 2770 925 2824 era
953 2769 1109 2840 aequaliter
1137 2772 1173 2824 ab
1199 2777 1315 2840 utraque
1346 2767 1499 2832 ambarum,

156 2847 309 2904 discrimine
331 2855 424 2902 tamen
444 2848 609 2919 perexiguo.
648 2849 719 2903 Erat
737 2848 766 2904 in
786 2850 887 2904 lumine
907 2849 992 2919 paulo
1013 2849 1076 2920 plus
1097 2865 1177 2920 quam
1198 2855 1299 2924 quartu
1319 2849 1453 2904 diametri.

244 2928 320 2983 Inter
339 2928 368 2982 b.
385 2923 430 2984 16.
447 2921 494 2982 18‘
514 2934 545 2982 et
566 2923 611 2984 10.
633 2925 680 2982 33’
700 2928 856 2992 diacentros
876 2929 905 2983 in
924 2929 1083 2989 verticulum
1103 2928 1198 2984 incidit
1217 2919 1247 2984 et
1260 2928 1393 2984 distantia
1404 2929 1501 2984 Lunae

157 3025 176 3064 a
196 3009 285 3062 stellis
305 3006 433 3078 utrinque
454 3014 576 3078 aequata
595 3008 656 3062 fuit.

244 3089 323 3143 Hora
345 3082 388 3143 16.
411 3081 459 3142 48⁴
480 3089 561 3142 Luna
579 3088 665 3159 paulo
692 3089 834 3142 admodum
853 3087 918 3160 plus
938 3103 994 3142 uua
1014 3103 1066 3143 sua
1085 3087 1222 3158 diametro·
1240 3104 1258 3142 a
1277 3080 1362 3142 stella
1382 3089 1501 3141 secunda

157 3169 259 3224 aberat
277 3167 402 3240 margine
422 3168 564 3238 proximo;
586 3169 614 3222 in
627 3169 725 3224 umbra
744 3175 852 3223 restare
872 3168 1020 3222 videbatur
1039 3169 1104 3222 mihi
1125 3169 1230 3240 quidem
1246 3174 1347 3241 quarta
1365 3167 1500 3232 diametri,

156 3249 333 3319 Gringalleto
353 3249 415 3318 plus
436 3265 517 3319 quam
538 3250 630 3306 tertia
663 3249 789 3303 Altitudo
806 3250 882 3302 octuli
903 3249 986 3303 Tauri
1008 3243 1041 3300 0ο
1062 3245 1119 3313 20,
1142 3265 1213 3319 quae
1233 3250 1282 3302 dat
1302 3249 1399 3302 boram
1418 3262 1499 3319 prae·

156 3330 296 3400 scriptam.
336 3329 415 3382 Hora
436 3327 480 3384 17.
504 3325 550 3384 18’
569 3329 629 3385 tinia
649 3328 769 3400 eclipsis.
809 3329 936 3384 Altitudo
956 3328 1124 3383 rubicundae
1144 3329 1173 3382 in
1194 3329 1293 3383 Orione
1318 3320 1376 3383 10⁰.
1470 3396 1472 3406 Ι

147 3424 150 3433 ’
242 3409 320 3462 luter
339 3409 365 3464 h.
391 3406 434 3465 17.
456 3402 503 3462 33‘
524 3415 554 3464 et
576 3407 621 3464 17.
644 3405 692 3462 18’
716 3425 813 3481 margo
834 3410 930 3463 Lunae
952 3425 970 3463 a
990 3411 1110 3463 secunda
1134 3409 1268 3484 dictarum
1289 3409 1389 3464 aberat
1408 3408 1516 3478 spatio'

154 3495 252 3554 nuto,
281 3488 360 3560 quasi
386 3491 456 3559 quod
487 3489 638 3560 telesoopio
667 3489 783 3554 videtur,
803 3495 873 3559 puta
897 3487 951 3545 lt‘.
990 3489 1124 3545 Distabat
1144 3491 1228 3544 stella
1247 3505 1342 3543 versus
1363 3488 1498 3545 sinistram

156 3571 292 3633 deorsum,
313 3568 397 3623 altior
416 3577 509 3623 tamen
530 3569 583 3624 imo
603 3569 699 3624 Lunae
729 3570 868 3642 margine,
899 3569 944 3640 qui
964 3571 993 3625 h.
1018 3566 1063 3626 18.
1086 3565 1112 3623 3’
1138 3569 1198 3639 jam
1223 3570 1313 3624 factus
1335 3576 1398 3624 erat
1418 3569 1501 3622 altior

158 3650 253 3706 stella.
278 3651 356 3704 Hora
378 3644 422 3704 18.
445 3644 491 3705 18‘
516 3656 664 3721 „qnantum
681 3649 800 3719 ‚iudicari
820 3650 928 3721 potuit‘*
953 3645 1054 3722 (inquit
1074 3645 1247 3718 observatio)
1268 3665 1340 3721 quae
1359 3667 1397 3703 ex
1417 3649 1501 3704 stella

155 3746 253 3789 versus
274 3728 419 3799 eclipticae
438 3730 532 3801 polum
553 3730 671 3785 tetendit
691 3730 719 3784 in
739 3731 835 3786 Lunae
855 3737 987 3785 centrum.

244 3811 334 3882 Igitur
355 3809 439 3866 abb.
463 3807 507 3866 11.
531 3806 642 3868 18¹,rel
666 3807 712 3864 17‘
740 3810 769 3864 in
795 3811 823 3866 h.
847 3807 892 3868 17.
916 3807 962 3865 18⁴
993 3807 1101 3866 duratio
1127 3826 1146 3864 a
1165 3827 1208 3864 me
1237 3817 1282 3864 est
1300 3807 1501 3884 ¹animadverso.

156 3890 184 3946 lu
208 3887 234 3946 3.
254 3887 283 3945 0‘
302 3891 349 3944 rel
371 3885 396 3946 3.
421 3887 464 3952 1¹;
485 3890 601 3944 medium
620 3890 649 3946 h.
672 3883 717 3948 lt.
739 3885 788 3946 48¹
817 3897 848 3944 at
872 3892 1019 3946 secundum
1048 3891 1101 3947 boo
1130 3889 1246 3946 medium
1276 3889 1362 3945 differ.
1390 3888 1499 3944 meridd

157 3969 303 4041 Tubingae
323 3976 354 4026 et
371 3969 459 4024 Lincii
482 3965 537 4025 21¹.

474 4116 673 4186 sequar‘catc.
693 4120 779 4184 hob,
799 4122 838 4172 oui
857 4135 911 4186 aeq.
931 4125 1007 4186 temp.
1027 4116 1053 4168 θ’
1073 4116 1124 4168 2(1”
1143 4119 1201 4170 add.

247 4167 1237 4274 amonapmmuffinmmn-ammu

362 4278 424 4331 Post
459 4276 484 4328 θ’
703 4279 795 4332 Horat.
807 4279 849 4330 ab
860 4280 913 4330 22¹¹
1168 4277 1193 4328 t.
1206 4277 1239 4330 10

324 4349 357 4401 E
379 4349 419 4401 lt.
438 4348 481 4402 ⁴5¹
604 4348 936 4419 Semidumtraettbbf
1063 4347 1238 4418 Ἤ
1257 4337 1369 4434 (μὴ)

158 4419 406 4487 Seqmturralculns'
421 4424 577 4475 obuersatum
640 4459 654 4483 „
708 4422 924 4474 Lnuaetmss.
1150 4436 1236 4490 3g19
1256 4437 1388 4492 ffic-
1415 4437 1502 4492 51200

193 4490 342 4578 omont·
517 4567 523 4582 ‚
694 4491 1236 4580 summm-crnooffi
1255 4505 1376 4576 crem.)

157 4564 189 4616 1¹¹
219 4564 348 4616 sumone
384 4571 410 4616 02
438 4573 578 4632 quatenoc
739 4579 1055 4635 ascenso-ouem
1126 4597 1214 4652 52000

195 4637 578 4704 ucoditoboorratiouam.E1go
655 4671 696 4723 se·
706 4653 1065 4729 mm·-
1256 4669 1297 4722 13,
1326 4633 1501 4721 6-1315511

194 4708 301 4759 nendo
319 4709 398 4771 mtor
414 4710 471 4760 eia
624 4741 937 4796 monumento·
950 4741 1055 4794 1³.o‘so
1165 4757 1350 4826 nigrorum
1412 4758 1501 4811 aneso

351 4847 366 4877 t
569 4823 574 4831 '
664 4831 800 4886 Midum
809 4807 850 4883 ᾖ
878 4831 896 4882 8
932 4855 1080 4868 ----
1108 4828 1214 4882 100200

1040 4939 1044 4950 ·
1126 4918 1214 4972 oceno
