3517 5525
273 398 336 475 182
748 395 788 451 De
807 396 915 449 Motibus
934 394 1027 451 Stellae
1045 394 1136 451 Martis

274 600 378 643 cessus
401 588 434 641 et
456 598 594 641 recessus
617 577 661 638 sic
684 576 866 649 moderetur,
892 577 1005 638 utitor
1028 576 1124 655 ipsum
1150 576 1205 637 DE
1229 575 1282 635 liat
1304 573 1441 634 circulus.
1489 569 1619 651 Oportet

275 672 368 749 igitur
390 670 418 731 ei
441 670 628 731 intellectum
652 675 684 726 et
705 666 927 727 affectationem
952 665 1175 727 circulisinesse
1200 674 1232 727 et
1252 662 1423 739 discrepare
1444 660 1617 741 proportio-

271 779 339 822 nem
363 758 516 821 tarditatis
540 766 571 819 et
594 755 759 818 celeritatis
782 748 919 835 propriae
944 776 962 815 a
985 755 1105 815 virtutis
1130 762 1292 815 extraneae
1326 750 1478 831 gradibus.
1524 751 1569 812 At
1593 748 1636 807 si'

272 848 472 909 astronomiae
497 843 767 908 demonstrationes
791 843 1050 905 observationibus
1075 843 1160 905 nixae
1186 849 1349 913 testentur,
1375 838 1452 900 viam
1473 837 1619 919 planetae

274 957 332 998 uon
357 956 422 998 esse
447 936 564 997 omniuo
588 934 769 1008 circularem,
795 942 899 995 contra
923 952 1009 1012 quarn
1033 932 1107 993 haec
1131 932 1224 993 habet
1237 928 1423 1012 hypothesis,
1448 937 1511 990 tum
1526 926 1618 988 etiam

270 1025 397 1108 physica
420 1026 494 1087 haec
517 1021 717 1087 consideratio
741 1023 829 1084 aliter
852 1023 1027 1083 instituetur
1052 1021 1284 1100 liberabiturque
1302 1020 1396 1080 virtus
1416 1019 1555 1097 planetae
1571 1016 1618 1075 his
1655 1086 1661 1096 Ι

271 1126 335 1179 tam
358 1115 494 1194 operosis
521 1113 682 1194 requisitis.
1316 1168 1318 1175 ,

361 1202 423 1265 Sed
446 1211 582 1267 revertor
605 1202 643 1263 ad
668 1198 877 1279 Oopernicum.
916 1200 947 1261 ls
971 1198 1187 1261 absurditatem
1207 1197 1271 1277 jam
1295 1214 1386 1276 supra
1409 1215 1447 1257 ex
1470 1214 1525 1260 sua
1548 1212 1619 1253 sen-

272 1292 371 1353 tentia
393 1293 574 1372 explicatam
597 1290 715 1368 fugiens
738 1306 792 1367 pro
807 1297 956 1369 aequante
981 1288 1108 1349 alterum
1134 1288 1288 1349 substituit
1312 1285 1475 1365 epicyclum
1495 1284 1523 1344 in
1543 1283 1620 1345 hunc

272 1382 401 1445 modum.
448 1380 560 1443 Oentro
584 1375 789 1442 arnasano
811 1379 866 1454 αβ,
891 1376 975 1459 quod
996 1377 1038 1439 eit
1060 1376 1191 1457 uepreale
1212 1378 1277 1459 ipsi
1299 1376 1354 1437 BD
1383 1380 1447 1449 (Εἰς.
1467 1378 1513 1443 52)
1537 1372 1619 1434 serd-

668 1468 760 1529 butur
782 1467 994 1529 eoneeuua'eus
1013 1467 1064 1543 dd,
1088 1476 1123 1529 ut
1144 1469 1229 1529 niem
1251 1467 1285 1527 iu
1308 1489 1328 1527 α
1350 1466 1401 1539 ait,
1425 1464 1541 1547 stipsi
1562 1460 1618 1523 BD

667 1552 842 1637 parallelos
864 1557 911 1630 αβ
934 1557 1115 1619 continuata
1141 1556 1295 1636 utrinque,
1318 1562 1537 1635 ememusque
1553 1554 1621 1629 βαδ

669 1643 804 1726 urupulm
826 1642 970 1725 aequalis
996 1646 1060 1725 ipsi
1081 1644 1176 1707 DOE.
1221 1645 1389 1707 Bisecetur
1415 1664 1487 1705 uero
1510 1642 1564 1704 BG
1587 1642 1622 1703 in

555 1732 594 1759 ”⁹
669 1735 701 1795 I:
741 1742 770 1795 et
799 1736 915 1795 ceute-is
943 1734 980 1808 β,
1011 1740 1042 1807 δ,
1076 1732 1250 1797 interuallis
1278 1734 1326 1811 βγ,
1359 1730 1411 1806 dl,
1449 1752 1530 1813 pene
1558 1734 1623 1794 siut

485 1805 494 1833 ⁷
669 1820 817 1901 aequabo
838 1824 903 1903 ipsi
926 1822 984 1895 Al,
1008 1824 1165 1885 scribatur
1182 1825 1310 1905 primm
1342 1842 1397 1883 seu
1423 1823 1525 1907 muy‘er
1553 1822 1621 1901 epi·
1686 1828 1694 1843 ·

669 1910 791 1993 melus.-
813 1915 914 1991 sitque
929 1908 971 1983 δζ
983 1910 1157 1991 parallelos
1171 1914 1234 1994 ipsi
1249 1913 1301 1987 αβ.
1341 1912 1493 1991 Denique
1508 1912 1623 1973 aarum

666 2023 690 2079 y,
714 1995 737 2073 ζ,
761 1998 937 2063 intendlie
959 2020 1029 2067 uero
1052 2023 1100 2077 ys,
1125 1996 1175 2077 ζη,
1200 2021 1280 2083 quae
1302 2002 1365 2063 sint
1387 1998 1537 2081 ueqsrule'c
1559 1999 1624 2079 ipsi

667 2086 720 2161 10,
745 2089 943 2151 deserebatur
965 2090 1117 2152 secundus
1147 2088 1319 2173 epieyelrea,
1350 2089 1438 2169 errius
1459 2095 1560 2149 motus
1581 2088 1623 2149 sit

667 2179 943 2259 incompetentia
974 2177 1093 2260 duplus
1115 2179 1159 2241 ud
1180 2186 1298 2241 neotum
1314 2179 1417 2260 primi
1423 2196 1436 2250 ,·
1469 2184 1499 2238 et
1519 2183 1622 2239 motura

666 2266 766 2347 peiuri
794 2264 929 2348 epieycle‘
959 2268 995 2329 in
1031 2267 1247 2331 urrtecedeutio
1283 2266 1424 2347 aequalis
1453 2268 1496 2329 su
1523 2266 1622 2329 motui

670 2356 852 2419 eeceatrici:
871 2363 1107 2437 proptereaque,
1134 2376 1203 2418 cum
1232 2364 1277 2419 est
1299 2380 1313 2434 y
1335 2358 1371 2418 ira
1393 2354 1476 2417 linea
1498 2357 1551 2432 αβ,
1582 2355 1626 2415 sit

275 2440 406 2525 planetu
428 2448 464 2509 in
485 2469 510 2517 s,
528 2444 676 2529 proximo
693 2452 812 2525 punem
835 2446 900 2526 ipsi
921 2446 949 2519 β.
995 2444 1132 2511 Aecum
1155 2446 1221 2521 βαδ
1241 2453 1355 2519 rectus,
1372 2442 1504 2527 planetu
1525 2446 1625 2507 sitin

280 2542 432 2614 upuncto
463 2534 669 2597 remotissimo
692 2554 714 2594 o
735 2539 771 2607 δ,
804 2540 907 2596 sacro
938 2533 1069 2617 noujeerie
1101 2532 1243 2617 epicycli.
1288 2533 1330 2595 Et
1357 2534 1433 2595 haue
1466 2532 1623 2613 Copernici

183 2628 186 2631 ’
278 2620 491 2701 particularem
516 2621 694 2706 hypothesin
718 2620 819 2703 Tycho
843 2621 943 2683 Brahe
967 2622 996 2681 in
1019 2622 1249 2701 particularibus
1274 2622 1412 2701 religiose
1437 2623 1578 2703 sequitur.

371 2712 455 2774 Haec
477 2711 652 2795 hypothesis
675 2711 797 2793 physice
821 2710 1022 2786 considerata,
1046 2711 1072 2772 si
1087 2711 1199 2775 solidos
1224 2711 1311 2774 orbes
1334 2712 1490 2787 concedas,
1514 2720 1623 2775 uteun-

245 2819 255 2835 =
282 2817 337 2878 qne
362 2801 481 2880 quidem
503 2802 613 2864 habet:
638 2801 684 2862 sin
699 2801 789 2863 tollas
814 2801 901 2862 orbes
922 2800 1043 2873 solidos,
1068 2802 1145 2881 qnod
1159 2801 1296 2863 Braheus
1319 2803 1424 2863 merito
1441 2802 1523 2876 facit,
1547 2819 1623 2880 pene

277 2887 464 2968 impossibile
488 2891 558 2971 quid
581 2890 662 2952 dicit.
709 2889 923 2969 Praeterquam
947 2890 1033 2963 enim,
1059 2891 1135 2970 quod
1159 2900 1221 2954 tros
1244 2897 1358 2952 mentes
1383 2891 1558 2970 agitatrices
1573 2890 1623 2950 uui

277 2978 418 3057 planetae
442 2980 597 3059 adjungit,
631 2980 847 3041 contundentur
870 2979 960 3040 etiam
985 2978 1098 3039 alterae
1122 2980 1159 3040 ab
1184 2979 1307 3042 alterius
1335 2987 1417 3042 motu
1441 2987 1473 3042 et
1495 2980 1622 3060 appulsu

279 3067 317 3127 ad
341 3086 448 3147 corpus
471 3069 501 3132 iu
525 3089 565 3144 ας
590 3088 657 3130 narn
682 3077 715 3129 ut
737 3067 888 3147 quaelibet
912 3068 948 3128 ad
973 3087 1057 3128 suum
1082 3078 1215 3130 centrum
1244 3069 1339 3141 (nullo
1369 3087 1491 3148 corpore
1520 3069 1622 3132 deter-

280 3156 424 3218 minatum
458 3165 488 3219 et
517 3167 677 3239 praeterea
704 3157 794 3218 etiam
825 3156 949 3230 mobile)
981 3156 1139 3236 respiciat,
1172 3159 1200 3220 id
1225 3153 1474 3237 recogitatione
1506 3159 1624 3238 quidem

280 3248 502 3326 repraesentari
524 3255 634 3328 potest
680 3245 842 3308 Praeterea
871 3246 938 3306 dum
964 3243 1145 3325 Coperuicus
1169 3247 1373 3309 Ptolemaeum
1406 3247 1621 3329 aequabilitate

279 3343 410 3397 motuum
433 3356 573 3418 superare
598 3335 715 3409 nititur,
741 3333 780 3394 ab
795 3354 830 3396 eo
853 3332 985 3395 vicissim
1009 3336 1191 3412 perfectione
1215 3336 1330 3398 itineris
1343 3336 1501 3418 planetarii
1515 3355 1621 3416 super-

279 3432 355 3486 atur.
408 3425 582 3487 Ptolemaeo
616 3423 694 3486 euim
721 3423 843 3503 planeta
865 3423 1031 3503 perfectum
1053 3423 1193 3486 circulum
1221 3444 1344 3505 corpore
1368 3444 1421 3486 suo
1444 3445 1497 3505 per
1520 3443 1624 3488 auram

280 3513 452 3576 aetheream
476 3514 626 3593 designat.
679 3510 862 3590 Coperuicns
892 3530 962 3574 vero
995 3512 1045 3576 lib.
1071 3513 1110 3575 V.
1142 3531 1205 3592 cap.
1230 3509 1260 3576 d.
1293 3516 1421 3588 latetur,
1456 3515 1514 3576 sibi
1546 3516 1624 3576 viam

279 3601 421 3679 planetae
436 3623 493 3664 nou
515 3622 582 3664 esse
604 3599 791 3674 circularem,
815 3600 870 3662 sed
893 3619 1048 3664 excurrere
1063 3603 1102 3662 ad
1117 3598 1286 3677 latera²⁵):
1312 3604 1388 3684 qood
1402 3604 1432 3664 iu
1453 3604 1509 3666 hac
1532 3605 1626 3684 figura

281 3689 369 3753 facile
393 3692 622 3754 demonstratur.
1606 3695 1632 3743 <¹

368 3780 447 3843 Nam
479 3779 506 3842 si
529 3799 603 3842 exa
636 3778 700 3840 loco
730 3777 869 3858 planetae
903 3777 932 3839 in
961 3797 1094 3860 apogaeo
1128 3780 1315 3842 intervallum
1343 3781 1388 3857 αβ
1420 3781 1501 3842 orbis
1533 3782 1625 3844 semi-

281 3868 419 3932 diametri
443 3869 587 3935 extendes
609 3867 639 3928 in
662 3871 695 3940 θ,
721 3877 812 3928 etex
837 3873 863 3928 θ
886 3867 942 3947 ipsi
966 3873 1012 3928 cd
1042 3869 1218 3946 parallelum
1250 3889 1323 3948 agas
1346 3873 1408 3944 dr,
1439 3871 1566 3934 circulus
1590 3895 1625 3935 aa

220 3996 224 4005 ·
283 3977 322 4021 ex
343 3963 368 4019 θ
393 3959 559 4040 descriptus
591 3956 732 4019 transibit
764 3957 882 4036 quidem
914 3963 1058 4037 pereat
1090 3959 1154 4038 ejus
1185 3960 1282 4021 locum
1305 3960 1474 4038 oppositum
1497 3959 1525 4021 in
1543 3963 1625 4040 peri-
1669 4023 1670 4026 ,

283 4067 382 4128 gaeo:
414 4058 447 4110 at
475 4067 542 4111 cum
565 4052 673 4126 tangat
695 4054 808 4107 rectam
831 4052 871 4122 dp
899 4047 927 4107 in
951 4045 1015 4108 solo
1039 4071 1054 4108 a
1078 4057 1108 4108 et
1131 4048 1254 4130 planeta
1278 4056 1414 4110 transeat
1436 4067 1489 4129 per
1512 4069 1542 4126 η,
1567 4069 1624 4112 non

280 4140 387 4197 manet
410 4156 481 4217 ergo
504 4139 534 4200 in
551 4136 661 4198 circulo
684 4157 729 4209 en,
754 4135 805 4196 sed
822 4137 898 4197 hauc
918 4134 1054 4198 semitam
1078 4138 1238 4215 egreditur.
1275 4135 1362 4198 Hanc
1376 4137 1626 4202 exorbitationem

284 4225 399 4288 itineris
423 4225 583 4306 planetarii
606 4247 626 4286 a
648 4224 829 4304 perfectione
853 4225 956 4288 circuli
974 4225 1165 4290 Ptolemaeus
1186 4223 1349 4306 Oopernico
1369 4227 1436 4305 jure
1461 4227 1620 4310 ohjeqerit:

284 4328 340 4395 ego
364 4334 422 4377 non
447 4315 565 4395 objicio.
612 4315 690 4374 Nam
714 4313 792 4376 infra
819 4313 1070 4376 demonstrabitur
1093 4325 1179 4396 parta
1203 4323 1324 4396 quarta,
1352 4315 1485 4398 physicis
1508 4318 1623 4379 duabus

283 4404 446 4466 virtutibus
469 4412 622 4482 potestate
646 4400 829 4482 simplicibus
853 4403 891 4464 ad
916 4404 1091 4466 movendum
1120 4404 1271 4486 planetam
1302 4405 1544 4468 concurrentibus
1568 4426 1623 4468 ne-

285 4492 417 4556 cessario
441 4492 536 4568 effici,
568 4501 602 4554 ut
630 4493 754 4572 planeta
782 4511 799 4552 a
831 4492 941 4554 circulo
972 4511 1131 4574 parumper
1160 4495 1320 4569 deflectat,
1353 4511 1411 4556 non
1440 4497 1623 4558 excurrendo

287 4582 422 4663 quidem,
454 4589 488 4642 ut
510 4581 538 4642 in
563 4581 619 4642 hac
649 4579 807 4662 hypothesi
831 4579 1057 4662 Copernicaua‚
1090 4583 1143 4646 sed
1176 4582 1356 4646 contrariam
1383 4583 1413 4645 in
1440 4585 1561 4668 plagam
1585 4585 1624 4648 ad

286 4681 420 4735 centrum
443 4689 484 4732 sc.
510 4669 713 4750 ingrediendo.

374 4757 490 4832 Quodsi
517 4757 637 4838 insuper
660 4754 843 4841 Oopemicus
876 4759 968 4822 etiam
995 4759 1077 4822 illam
1103 4779 1186 4824 suam
1218 4760 1389 4824 libertatem
1424 4763 1625 4828 constituendi

286 4850 491 4932 proportiones
524 4847 720 4929 epicyclorum
757 4845 904 4921 retineat,
937 4849 998 4910 lieri
1034 4859 1135 4928 potest
1166 4858 1199 4912 ut
1234 4858 1371 4914 tortuosa
1407 4851 1546 4930 planetae
1577 4855 1635 4919 aa.

288 4940 412 5016 evadat,
445 4937 533 5002 altior
551 4944 626 5016 ,ante
649 4944 681 4998 et
702 4941 772 5016 post
801 4953 983 5025 apogaeum,
1018 4957 1105 5018 quam
1134 4941 1163 5005 in
1193 4939 1258 5019 ipso
1282 4957 1421 5028 apogaeo
1456 4941 1627 5023 depressior
