3517 5525
578 468 584 481 ·
618 433 680 542 ros
695 397 797 506 orsa.
836 415 1021 532 capientem.
1410 433 1487 511 ,431

150 623 233 688 hora*
253 596 312 684 diei
335 609 459 684 ¹addita.
487 619 614 684 ·In'veni
641 625 740 687 tamen
769 623 946 705 longissima
975 622 1144 684 inductione
1179 629 1235 702 pet
1262 638 1357 685 annos
1373 620 1490 688 -50·01)
1514 695 1518 711 Ι

128 714 228 772 ¹:anno
260 710 310 776 15.
336 713 484 774 adduam
507 713 598 773 vitae·
612 713 808 787 Aristotelis,
836 728 893 773 non
921 712 1056 792 pomisse
1085 731 1153 775 esse
1176 714 1235 778 alio
1259 714 1321 788 die,
1351 712 1492 792 quam·in

133 806 280 880 vespera
308 798 426 869 diei-d,
450 799 566 880 Aprilis
596 820 674 861 anno
705 810 774 862 ante
808 799 921 863 Christi
950 800 1105 882 vulgarem
1137 802 1282 882 epocham
1314 799 1391 873 357,
1426 793 1530 864 cruu'.

112 890 334 952 '¹Aristoteles
364 888 402 950 tr
431 909 576 953 annornm
598 890 716 951 audiret
738 889 905 968 Eudoxum,
943 899 975 953 ut
998 909 1035 950 ex
1058 890 1191 970 Diogene
1215 892 1339 955 Laertio
1363 898 1491 955 constat

109 1037 113 1052 ,
150 977 320 1043 Secundam
344 980 583 1041 observationem
607 999 626 1040 a
649 977 812 1041 Chaldaeis
831 980 965 1040 habitam
986 979 1176 1044 Ptolemaeus
1193 980 1278 1042 nohis
1294 981 1491 1052 conservavit,

36 1068 40 1075 '
151 1087 226 1150 quae
251 1069 335 1129 facta
358 1076 405 1130 est
428 1059 507 1130 anno
531 1075 601 1129 ante
624 1067 779 1130 Christum
801 1065 866 1153 212
891 1068 920 1134 d,
947 1065 995 1131 18.
1020 1068 1088 1130 Jan.
1114 1088 1215 1144 mane,
1241 1086 1304 1132 oum
1330 1071 1413 1132 Mars
1437 1070 1493 1158 bo-

150 1157 262 1220 realem
286 1157 315 1220 in
340 1157 437 1219 fronte
461 1157 578 1240 Scorpii
602 1156 773 1220 occultavit.
805 1157 934 1220 Rursum
950 1157 998 1218 hic
1012 1158 1095 1220 nulla
1111 1159 1200 1219 horae
1217 1161 1362 1220 certitudo
1379 1159 1492 1239 addita,

149 1247 296 1327 Reliquas
321 1255 446 1326 quatuor
467 1248 660 1334 Ptolemaeus
683 1247 749 1326 ipse
773 1247 891 1324 hahuit,
916 1245 1068 1308 dimensus
1091 1249 1264 1313 astrolabio.
1279 1249 1361 1310 sidus
1384 1249 1494 1310 Martis

72 1368 78 1379 ·
121 1335 190 1400 .ad
218 1337 310 1410 fixas;
340 1346 480 1398 recenset
505 1347 606 1396 tamen
636 1337 730 1396 solum
762 1337 860 1398 locum
883 1337 938 1396 sub
962 1336 1104 1411 zodiaco,
1135 1339 1189 1400 sub
1217 1339 1312 1417 ipsum
1336 1336 1500 1399 articulum

151 1425 349 1505 oppositionis
374 1445 439 1486 cunr
463 1425 561 1486 rnedio
584 1432 664 1486 motu
687 1424 779 1488 Solis.

129 1570 137 1586 ,
237 1513 285 1576 Ex
307 1513 567 1576 observationibus
590 1522 652 1577 tam
675 1514 779 1592 paucis
801 1533 900 1576 rerum
923 1514 1118 1576 maximarum
1146 1523 1325 1595 argumenta
1346 1515 1492 1594 capienda

130 1600 244 1684 ,suntz'
264 1611 321 1663 ant
339 1602 364 1664 si
386 1623 444 1663 non
467 1610 603 1684 possunt,
626 1602 803 1683 imperfecta
825 1603 1019 1684 relinquenda
1037 1605 1233 1666 astronomia.
1264 1603 1398 1666 Primum
1416 1604 1518 1664 eninr-¹

58 1697 64 1711 '
148 1709 205 1774 per
226 1701 352 1773 quatuor
374 1694 601 1754 ohservationes
624 1693 826 1755 Ptolemaicas
860 1695 974 1774 epocha
996 1700 1094 1754 motus
1118 1693 1206 1755 medii
1230 1695 1267 1754 ad
1291 1695 1366 1756 fixas
1402 1691 1493 1754 relati

102 1834 106 1842 .
150 1781 318 1842 Ptolemaei
341 1781 469 1860 tempori
493 1789 665 1862 competens
688 1781 871 1862 inquirenda,
896 1791 928 1844 et
950 1803 987 1843 ex
1006 1783 1069 1862 ejus
1085 1802 1150 1843 oum
1169 1783 1320 1844 hodiernis
1335 1780 1494 1844 collatione

62 1886 67 1895 ·
148 1871 216 1950 ipse
244 1876 342 1932 motus
371 1871 487 1932 medius
515 1880 562 1930 est
585 1869 767 1932 limitandas.
814 1872 930 1933 Deinde
958 1891 1012 1954 per
1035 1871 1274 1946 observationem
1299 1870 1495 1936 Chaldaicam

100 1988 104 1999 =
153 1960 275 2020 videtur
305 1959 414 2040 inquiri
446 1978 556 2038 posse,
589 1980 625 2019 an
656 1977 726 2019 vere
750 1961 959 2022 eccentrioitas
983 1960 1151 2024 Solis'olim
1175 1963 1271 2041 major·
1296 1962 1384 2023 luerit
1407 1977 1495 2043 quam
1588 1985 1593 1988 ·

154 2047 255 2108 hodie.
301 2048 436 2128 Denique
469 2056 502 2110 et
529 2067 583 2128 per
605 2049 683 2108 hanc
706 2056 738 2109 et
758 2067 813 2128 per
836 2047 1072 2124 Aristotelioam,
1097 2051 1122 2110 si
1147 2057 1262 2131 tempus
1287 2051 1425 2126 sciretur,
1459 2051 1496 2109 de

152 2135 261 2199 Martis
285 2137 444 2198 latitudine
469 2139 507 2198 ad
531 2139 583 2198 illa
605 2142 741 2215 tempora
765 2137 927 2218 pericnlum
949 2139 1011 2202 fieri
1034 2146 1146 2218 posset.

242 2223 340 2295 Quam
370 2245 441 2288 vero
470 2227 552 2288 viam
578 2226 750 2288 insistemus
778 2246 832 2305 per
853 2227 950 2290 Deum
983 2227 1197 2290 immortalem!
1230 2248 1296 2290 oum
1324 2228 1402 2290 nihil·
1420 2244 1495 2308 pene

85 2335 92 2355 ¹
151 2312 317 2378 habeamus
341 2335 359 2376 a
384 2315 564 2387 Ptolemaeo,
590 2316 667 2394 quod
690 2335 749 2378 non
768 2318 834 2396 jure
857 2318 940 2398 prius
964 2317 994 2378 in
1018 2319 1251 2380 controversiam
1272 2335 1378 2380 vocare
1394 2317 1495 2399 possi·
1552 2333 1556 2340 ’

119 2415 128 2485 3
154 2425 231 2479 mus,
255 2423 345 2485 quam
368 2403 406 2466 ad
426 2404 540 2483 justam
564 2404 761 2466 subtilitatem
784 2405 870 2468 nohis
894 2407 965 2468 utile
989 2407 1051 2468 fiat
1467 2402 1497 2472 ’,

48 2570 52 2574 Α
241 2495 265 2556 Ι.
299 2494 432 2556 Primum
463 2495 503 2555 ad
530 2493 668 2574 exposita
697 2501 834 2575 tempora
856 2495 957 2574 prodit
978 2504 1090 2557 motum
1114 2495 1194 2576 Solis
1219 2496 1346 2556 medium
1371 2513 1407 2556 err
1431 2495 1495 2556 cal·

155 2583 236 2654 culo,
276 2584 325 2662 qui
357 2581 464 2645 nititur
491 2583 701 2646 observatione
732 2585 985 2665 aequinoctiorum
1013 2593 1044 2646 et
1067 2585 1272 2647 solstitiorum.
1314 2583 1496 2665 ¹Principium

156 2669 273 2732 Arietis
302 2671 355 2735 Sol
379 2673 510 2752 detegit,
544 2691 602 2734 non
627 2673 721 2752 digito
744 2675 782 2734 ad
805 2675 902 2736 locum
925 2673 1059 2744 intenso,
1089 2675 1141 2735 sed
1161 2693 1256 2748 ,caeca
1280 2674 1499 2753 conjectatione

154 2762 310 2840 temporis.
349 2762 428 2824 Nam
451 2763 482 2823 id
505 2762 630 2825 dicimus
653 2782 719 2825 esse
742 2764 919 2844 principium
937 2764 1062 2837 Arietis,
1087 2765 1163 2845 quod
1179 2762 1232 2825 Sol
1251 2766 1357 2835 tenuit,
1380 2766 1497 2852 quando

54 2914 58 2922 ,
155 2851 239 2911 visus
260 2860 306 2912 est
333 2852 397 2913 dies
420 2852 558 2914 noctibus
582 2872 719 2932 aequare.
755 2851 836 2923 Quid
860 2856 885 2915 si
900 2854 1092 2915 Ptolemaeus
1110 2854 1138 2914 in
1158 2859 1289 2932 ternpore
1305 2854 1497 2921 aberrasset?

61 2937 66 2946 '
156 2937 348 3027 Conjectrrris
370 2960 428 3003 non
452 2938 597 3003 caremus.
643 2942 773 3005 Primum
804 2942 883 3003 enim
913 2962 970 3003 non
1004 2940 1103 3021 prodit
1124 2941 1241 3004 modum
1267 2944 1497 3007 observationis.

156 3026 238 3107 Opto
268 3040 301 3091 ut
331 3030 536 3091 observaverit
565 3029 742 3091 altitudines
774 3031 974 3100 meridianos,
1012 3051 1048 3093 ex
1077 3030 1182 3110 quibus
1209 3032 1379 3095 inductione
1417 3036 1498 3093 laeta

101 3121 104 3131 “
157 3126 336 3179 momentum
358 3118 512 3197 ingressus
535 3118 617 3181 Solis
640 3118 670 3179 in
692 3117 813 3179 boreale
836 3120 1086 3198 hemisphaerium
1111 3119 1188 3181 citra
1210 3140 1338 3183 errorem
1361 3123 1496 3185 habetur.

156 3208 212 3271 At·
232 3206 302 3286 quid
330 3207 358 3268 si
379 3208 445 3288 ipse
469 3207 676 3271 observaverit
698 3208 728 3267 iu
755 3207 917 3270 armillis
944 3208 1237 3282 Alexandrinis,
1269 3212 1318 3271 ubi
1349 3212 1375 3272 ei
1398 3196 1518 3290 potuit'

125 3304 266 3362 [nocere
289 3296 441 3370 retractio,
465 3296 550 3375 cujus
572 3294 733 3357 manifesta
744 3296 858 3359 indicia
871 3298 936 3376 ipsa
950 3296 1060 3376 prodit,
1084 3298 1152 3359 dum
1174 3299 1226 3372 ait,
1251 3298 1354 3360 inillis
1374 3298 1497 3361 armillis

123 3455 127 3466 Ι
160 3383 352 3446 observatum
383 3391 459 3449 “esse
502 3385 608 3447 eodem
642 3386 691 3445 die
727 3384 775 3447 bis
807 3387 1058 3468 aequinoctium?¹
1097 3388 1168 3466 Ipse
1199 3386 1274 3450 vitio
1309 3386 1499 3451 instrumenti

157 3474 371 3548 transscribit3
387 3483 451 3554 'ego
474 3474 578 3536 vitium
601 3494 639 3537 ex
661 3474 842 3537 refractione
866 3484 963 3537 ortum
979 3476 1123 3556 suspicor.
1160 3475 1235 3539 Esto
1251 3486 1372 3554 tarnen3,
1395 3479 1500 3540 obser·
1523 3487 1527 3495 '

69 3571 87 3624 .‘
131 3613 135 3622 .
160 3562 281 3623 voverit
300 3582 354 3642 per
375 3561 557 3625 meridianas
579 3563 765 3628 altitudines.
810 3564 883 3636 Alia
906 3566 1036 3647 suspicio
1053 3586 1086 3627 se
1101 3586 1216 3633 summa
1230 3568 1258 3628 vi
1273 3566 1365 3634 invito
1382 3567 1499 3647 ingerit,

128 3663 132 3671 '
161 3652 240 3731 qirod
256 3652 522 3739 aequinoctiorum
542 3660 709 3715 momenta
741 3674 761 3713 a
781 3654 957 3717 Ptolemaeo
989 3654 1106 3735 prodita
1138 3656 1217 3717 intra
1240 3657 1419 3737 sesquidiem
1443 3676 1499 3718 non

143 3742 348 3804 'consentiunt
387 3740 542 3821 analogiae
577 3743 807 3821 praeteritarum
841 3742 1050 3828 Hipparchi
1099 3752 1129 3805 et
1166 3747 1497 3825 sequentium-Alba-

163 3829 280 3909 tegnii
304 3838 334 3889 et
356 3829 498 3893 Brahei
526 3827 776 3905 observationum,
801 3848 877 3912 qnae
902 3852 1002 3904 ornnem
1025 3834 1054 3893 in
1078 3839 1167 3898 huam
1190 3835 1402 3914 aequalitatem
1426 3831 1513 3898 con-'

119 3945 123 3952 <
158 3918 291 3999 spirant3
324 3920 389 3981 sola
417 3919 609 3988 Ptolemaios
640 3920 829 4001 aequinoctia
857 3922 1041 4002 exorbitant.
1097 3920 1183 3995 Quae
1215 3942 1262 3984 res
1281 3921 1394 3985 multis
1426 3927 1498 4005 per-

122 4071 129 4082 ,
157 4004 339 4088 plenissimis
369 4007 405 4069 de
435 4009 519 4069 coelo
550 4004 737 4089 opinionibus
768 4010 955 4083 occasionem
982 4012 1080 4085 dedit,
1111 4020 1266 4092 motusque
1289 4014 1499 4093 trepidationis

135 4102 190 4178 „et
216 4094 386 4158 librationis
415 4093 547 4178 peperit:
579 4096 630 4177 qui
653 4107 755 4159 omnes
776 4105 967 4174 evertuntur,
991 4100 1191 4179 deprehenso,
1219 4102 1296 4181 quod
1320 4113 1503 4185 consecutae

151 4180 362 4264 ¹Ptolemaeum
385 4184 613 4289 obqe'rvationes
637 4206 702 4249 cum
725 4188 1108 4269 vetustissima'llipparchi
1132 4191 1172 4249 ad
1194 4188 1498 4270 aequalitatemcon-

159 4282 278 4339 stanter
306 4281 504 4335 consentiunt.
556 4276 681 4346 Tuetur
702 4294 733 4339 se
757 4286 858 4339 tamen
879 4278 946 4359 ipse
969 4276 1160 4339 Ptolemaeus
1184 4275 1405 4343 consociatione
1428 4302 1498 4347 ver—

48 4358 55 4379 *
138 4358 542 4445 ·narium·'aequinootiorum
566 4384 632 4425 cum
656 4365 885 4442 autumnahbus
931 4366 1009 4428 Nam
1034 4368 1059 4429 si
1083 4368 1271 4431 instrumenti
1286 4368 1366 4449 ¹aritio
1386 4372 1495 4434 lactum

118 4469 129 4491 ²
158 4455 258 4531 esset,
273 4461 331 4513 'ut
354 4453 499 4533 postridie
530 4468 632 4514 verum
655 4452 902 4533 pronunciaverit¹
920 4455 1144 4540 aequinoctium,
1170 4474 1236 4517 cum
1259 4458 1352 4535 pridie
1377 4460 1501 4537 luisset;'

139 4541 330 4603 'autumnale
349 4544 354 4549 ’
370 4540 465 4622 pridie
507 4543 732 4623 pronunciatum
773 4537 895 4619 fnisset,
932 4560 996 4609 oum
1028 4536 1173 4624 postridie
1201 4553 1394 4625 competeret.
1449 4550 1498 4612 lta

148 4639 260 4710 erepto
279 4630 373 4693 'biduo
398 4648 435 4692 ex
461 4630 645 4712 longitndine
667 4629 805 4707 aestatis,
828 4652 940 4711 magna
962 4634 1069 4697 luisset
1092 4626 1195 4707 000010
1208 4637 1335 4697 mutatio
1351 4638 1497 4701 secenni-

161 4720 262 4784 cltatis
286 4716 378 4793 Solis,
401 4734 489 4803 qum
512 4715 622 4784 tamen
634 4722 777 4803 relinquit
796 4737 853 4801 per
872 4742 927 4784 sua
951 4724 1121 4796 observata,
1144 4733 1255 4804 quanta
1271 4721 1310 4787 ah
1326 4722 1497 4807 Hipparcho

141 4808 259 4879 ·l'nerat
288 4806 420 4870 inventa.
443 4815 447 4823 “
467 4806 574 4891 ltaque
603 4808 676 4873 nihil
698 4813 811 4886 restat,
839 4822 928 4893 qnam
952 4822 986 4874 nt
1008 4812 1093 4875 fidem
1118 4812 1283 4875 Ptolemaei
1306 4816 1400 4877 secuti
1428 4832 1495 4877 cre-

154 4899 264 4960 dnnrns
282 4899 367 4976 juste
389 4897 582 4963 observatum
604 4910 740 4977 tempus,
764 4918 822 4985 quo
841 4897 901 4965 'Sol
924 4903 1009 4963 stetit
1031 4900 1065 4967 in
1086 4902 1206 4967 Arietis·
1220 4902 1337 4967 initio*

199 5010 204 5020 ·
248 4989 287 5053 lt
321 4986 416 5058 Facto
439 4988 593 5072 principio,
614 4997 650 5058 et
666 4988 847 5073 obliquitate
871 4989 1096 5075 eclipticoeper
1112 4990 1349 5055 observationem
1363 4992 1494 5071 inventa,
