3517 5525
274 408 339 476 314
750 401 1133 460 senseresensere-re·

271 588 354 664 tale,
377 593 412 650 ut
438 585 578 668 planeta,
611 582 637 646 si
669 582 699 646 in
730 583 834 646 eadem
857 605 876 647 a
898 583 971 647 Sole
993 583 1157 648 remotione
1188 592 1338 661 maneret,
1372 586 1615 670 aequabiliasime

272 676 531 752 circumferretur,
563 674 674 737 nullam
707 691 847 738 sensurus
878 675 1093 750 intentionem,
1132 674 1243 736 nullam
1273 674 1483 739 remissionem
1514 685 1616 740 motus

273 764 401 829 Solaria.
438 763 528 836 Quod
551 770 651 826 autem
673 761 873 845 inaequalitas
897 764 999 845 aliqua
1021 765 1156 843 inopere
1179 763 1267 844 hujus
1289 764 1409 828 virtutis
1432 774 1483 828 est
1503 766 1616 847 depre-

271 855 375 931 bensa,
400 855 429 915 id
446 853 564 938 ‚accidit
582 871 618 913 ex
642 870 687 926 eo,
712 853 789 932 quod
811 854 936 934 planeta
958 871 996 915 ex
1019 854 1080 914 alia
1098 851 1203 914 aSole
1226 854 1371 916 distantia
1392 853 1422 916 in
1446 855 1536 918 eliam
1559 856 1619 917 fuit

273 943 498 1024 transpositus,
522 960 578 1022 quo
601 947 691 1022 pacto
714 941 744 1004 in
767 941 859 1004 alium
879 949 972 1022 ‚atque
995 942 1087 1004 elium
1110 942 1234 1021 gradum
1258 943 1442 1007 fortitudinis
1465 944 1554 1024 hujus
1576 963 1616 1006 ex

271 1033 344 1096 Sole
362 1031 482 1096 rimatis
505 1029 619 1093 incidit.
657 1028 820 1101 Quaeritur
835 1049 916 1110 ergo,
940 1030 966 1091 si
985 1030 1073 1093 orbes
1097 1031 1185 1092 solidi
1198 1031 1270 1094 nulli
1294 1039 1372 1108 sunt,
1397 1032 1475 1113 qnod
1488 1034 1615 1097 demon-

271 1122 382 1186 stravit
402 1122 556 1191 Braheus,
588 1120 666 1182 unde
690 1115 824 1194 eveniat,
858 1130 893 1183 ut
915 1121 1038 1199 planeta
1059 1141 1080 1180 a
1101 1118 1173 1182 Sole
1203 1122 1349 1183 ascendat
1370 1130 1404 1184 et
1425 1121 1616 1186 descendat?

272 1231 341 1276 num
365 1211 455 1273 etiam
479 1210 534 1272 boc
558 1227 595 1271 ex
617 1207 712 1271 Sole?
757 1207 829 1284 Est,
862 1209 1001 1289 inquam,
1024 1209 1172 1290 quomodo
1195 1228 1233 1271 ex
1255 1208 1349 1286 Sole3
1382 1219 1444 1286 est,
1468 1211 1615 1292 quomodo

271 1319 329 1364 non
353 1319 390 1362 ex
413 1299 494 1362 Sole.

359 1388 501 1452 Clamant
517 1406 614 1450 rerum
638 1385 816 1448 naturalium
836 1385 975 1465 exempla
988 1394 1020 1448 et
1033 1385 1108 1472 baec
1128 1386 1274 1449 hactenus
1293 1386 1426 1450 delibata
1440 1387 1618 1450 coelestium

272 1498 337 1542 cnm
359 1478 406 1541 his
429 1475 621 1541 terrestribus
636 1475 785 1555 cognatio,
810 1474 956 1555 simplicis
971 1477 1104 1553 corporis
1127 1493 1185 1555 qno
1207 1476 1423 1538 communiores
1446 1483 1518 1539 sunt
1538 1495 1615 1557 ope-

271 1570 413 1644 rationes,
436 1568 492 1630 hcc
515 1583 583 1628 esse
613 1563 825 1643 simpliciorem
856 1564 1023 1626 varietates
1044 1582 1132 1638 vero,
1167 1563 1193 1626 si
1223 1583 1298 1645 qnae
1328 1575 1399 1627 sont
1424 1566 1491 1648 ejus
1514 1567 1563 1639 (nt
1584 1565 1618 1628 in

271 1667 352 1720 motu
380 1658 568 1739 planetarum
591 1654 710 1716 diversa
733 1674 751 1714 a
774 1651 845 1716 Sole
869 1653 1017 1716 distantia
1046 1671 1100 1717 seu
1123 1653 1363 1730 eccentricitas),
1395 1656 1435 1718 ab
1463 1655 1618 1718 extraneis

272 1747 370 1810 causis
393 1745 524 1808 existere
546 1742 799 1806 concurrentibus.

359 1832 410 1897 Sic
433 1835 462 1896 in
486 1833 604 1896 flumine
619 1832 747 1913 simplex
770 1849 865 1911 aquae
889 1830 1059 1911 proprietas
1073 1835 1131 1906 est,
1155 1830 1194 1891 ad
1208 1838 1343 1894 centrum
1357 1831 1469 1894 Terrae
1488 1833 1617 1895 domen-

272 1926 350 1986 ders.
397 1921 477 1996 Quia
499 1941 570 1984 vero
593 1917 652 1983 iter
673 1922 736 2002 ejus
761 1922 906 1983 directum
929 1938 987 1982 non
1010 1928 1074 1993 est,
1097 1919 1230 1983 declinat
1252 1921 1339 1994 illac,
1364 1938 1423 2000 qna
1440 1921 1617 2001 depressum

271 2013 385 2078 invenit
417 2013 549 2086 alveurn;
582 2017 722 2090 stagnat,
756 2008 806 2072 nbi
836 2010 866 2070 in
900 2009 956 2070 soli
985 1999 1246 2088 aequabilitatem*
1260 2008 1379 2083 incidit3
1412 2009 1528 2091 rapitur
1548 2029 1619 2073 cnm

272 2103 418 2183 strepitu,
450 2119 510 2182 qna
532 2099 717 2162 libramentis
740 2097 885 2160 incitatur
906 2097 1111 2178 pronioribus3
1139 2105 1187 2159 est
1209 2097 1259 2160 nbi
1282 2105 1397 2160 rotetur
1419 2099 1450 2161 in
1472 2100 1620 2180 gurgites,

273 2193 299 2255 si
321 2191 480 2274 perniciori
508 2190 596 2269 lapsu
622 2188 652 2250 in
680 2195 888 2268 procurrentes
916 2187 1056 2266 scopulos
1084 2187 1252 2267 impegerit
1298 2187 1357 2250 Ubi
1384 2205 1462 2267 aqua
1492 2189 1561 2268 ipsa
1586 2187 1621 2248 vi

275 2281 368 2344 insita
390 2279 463 2342 nibil
486 2277 542 2340 nisi
566 2277 742 2339 descensum
765 2275 885 2338 molitur
909 2276 948 2338 ad
971 2275 1081 2339 Terrae
1104 2284 1239 2338 centrum
1267 2275 1397 2356 simplici
1422 2277 1620 2358 proprietate,

276 2371 407 2449 simplex
428 2386 519 2448 opns;
551 2365 712 2428 declinatio
734 2384 804 2427 vero
828 2374 859 2426 et
889 2365 1042 2445 stagnatio
1056 2373 1102 2436 ,et
1123 2374 1226 2427 aestua
1253 2373 1285 2431 et
1313 2365 1443 2428 vortices
1466 2374 1499 2428 et
1516 2365 1621 2428 omnis

275 2459 410 2521 varietas
439 2477 459 2518 a
485 2455 584 2518 causis
617 2455 781 2534 assignatis
811 2473 865 2517 seu
893 2453 1045 2516 extraneis
1068 2461 1100 2515 et
1130 2453 1303 2516 adventitiis
1331 2455 1434 2517 oritur.
1479 2453 1621 2534 Inprimis

275 2548 408 2630 jucunda
439 2553 470 2607 et
499 2550 600 2606 nostro
628 2542 749 2622 negotio
778 2541 1048 2605 accommodatiora
1073 2542 1253 2605 exbibentnr
1274 2544 1448 2623 spectacula
1476 2544 1506 2606 in
1528 2543 1620 2605 navi-

279 2637 394 2718 giorum
417 2633 605 2713 impulsione.
643 2629 677 2694 Si
702 2631 778 2695 funis
793 2648 847 2694 seu
869 2631 978 2694 rudens
992 2649 1082 2712 super
1104 2633 1212 2694 flumen
1236 2639 1427 2694 transversus
1449 2632 1479 2695 in
1499 2632 1621 2696 sublimi

277 2725 409 2807 pendeat
441 2743 479 2787 ex
501 2731 625 2803 utraque
655 2720 723 2801 ripa
749 2739 857 2796 nexus,
891 2728 923 2783 et
945 2719 1080 2783 trocblaa
1102 2739 1155 2801 per
1184 2721 1338 2784 rodentem
1368 2720 1535 2785 dmumens
1557 2721 1621 2785 alio

280 2817 350 2878 inne
365 2814 501 2897 cymbam
519 2813 549 2874 in
572 2810 691 2873 flumine
709 2818 880 2873 versantem
896 2809 1038 2884 retineat,
1061 2811 1189 2890 portitor
1202 2829 1272 2873 vero
1291 2811 1415 2894 cymbae
1430 2812 1620 2892 gubernacu-

280 2906 341 2967 lum
364 2923 417 2965 seu
440 2914 551 2966 remum
574 2899 692 2962 decenti
713 2900 800 2962 modo
819 2900 1003 2979 religaverit,
1027 2907 1130 2962 cetera
1152 2898 1286 2979 qnietns:
1310 2899 1416 2982 cymba
1437 2900 1468 2962 vi
1490 2899 1622 2982 simin

278 2992 409 3055 fluminis
424 2991 561 3053 deorsum
584 2989 681 3051 euntia
704 2989 771 3068 ipsa
784 2988 979 3050 transversim
993 2996 1091 3068 rapta,
1114 3010 1135 3051 a
1156 2988 1223 3068 ripa
1244 3009 1304 3051 una
1318 2991 1347 3051 in
1364 2990 1490 3052 alteram
1512 2999 1620 3053 mans-

275 3082 410 3163 ponitur,
443 3079 578 3142 trochlea
600 3096 654 3157 per
677 3079 775 3139 funem
790 3077 948 3140 sublimem
970 3077 1155 3139 decurrente.
1193 3078 1229 3139 In
1251 3078 1408 3141 latioribus
1430 3096 1501 3142 vcro
1517 3080 1620 3141 ilumi-

184 3202 187 3208 v
276 3172 362 3235 nibus
377 3170 499 3253 cymbas
520 3168 550 3229 in
565 3186 655 3250 gyros
678 3174 779 3247 agunt,
803 3166 860 3228 huo
883 3166 953 3228 illuc
973 3165 1136 3245 trajiciunt,
1161 3167 1241 3229 mille
1264 3168 1347 3230 luens
1362 3176 1512 3245 exercent,
1534 3168 1619 3231 nullo

276 3260 360 3323 fundi
383 3266 436 3321 aut
458 3258 575 3320 litorum
598 3264 695 3331 tactu,
730 3255 785 3316 sed
807 3254 873 3317 sola
902 3253 976 3317 remi
1009 3274 1066 3335 ope
1103 3256 1258 3319 decursum
1289 3257 1419 3319 fluminis
1447 3256 1565 3323 unicum
1587 3265 1623 3319 et

276 3346 530 3429 simplicissimum
552 3346 583 3407 in
607 3366 662 3409 sua
683 3352 756 3406 vota
778 3348 999 3407 convertentes.

366 3435 418 3500 Ad
432 3436 556 3498 eundem
580 3434 640 3497 iere
655 3434 774 3495 modum
796 3433 891 3495 virtus
914 3452 952 3493 ex
966 3432 1038 3494 Sole
1060 3433 1090 3495 in
1113 3434 1254 3496 mnndum
1276 3452 1331 3513 per
1352 3435 1482 3515 speciem
1496 3452 1623 3515 egressa

277 3527 399 3609 rapidus
415 3524 533 3607 quidam
556 3528 744 3595 turrensem,
764 3520 813 3600 qui
835 3521 976 3601 planetae
999 3540 1102 3583 omnes
1117 3522 1251 3602 adeoque
1273 3531 1368 3585 totam
1391 3524 1493 3586 forsan
1515 3543 1622 3587 auram

278 3617 450 3680 aetheream
473 3612 511 3675 eb
535 3631 643 3675 occasu
666 3610 696 3671 in
720 3618 815 3671 ortum
838 3608 934 3689 rapit,
966 3628 999 3671 se
1022 3609 1088 3690 ipso
1110 3629 1168 3672 non
1191 3620 1279 3691 aptos
1302 3630 1427 3691 corpora
1453 3613 1493 3674 ad
1514 3611 1623 3675 Solem

278 3706 425 3769 adducere
447 3704 496 3763 vel
519 3700 557 3763 ab
573 3719 608 3763 eo
623 3698 738 3781 longius
761 3698 927 3779 propellere
932 3717 943 3773 ;
966 3700 1045 3779 qnod
1059 3707 1143 3761 esset
1164 3700 1297 3761 infinitae
1310 3702 1519 3766 sollicitudinis
1533 3721 1620 3782 opus.

279 3794 412 3859 Necesse
444 3810 514 3871 ergo
538 3798 601 3864 est,
629 3798 662 3851 ut
692 3789 833 3869 planetae
856 3787 914 3867 ipsi
942 3806 997 3849 ceu
1029 3789 1175 3868 quaedam
1205 3789 1327 3870 cymbae
1356 3790 1523 3869 peculiares
1554 3791 1621 3853 vir-

281 3891 363 3947 tutes
385 3882 525 3945 motrices
553 3878 638 3960 quasi
660 3876 806 3960 quosdam
826 3885 963 3938 vectores
987 3894 1039 3939 seu
1063 3878 1223 3956 portitores
1239 3878 1386 3954 babeant,
1412 3898 1533 3960 qnomm
1545 3897 1623 3960 pro-

281 3972 416 4035 videntia
438 3990 497 4033 non
520 3976 636 4032 tantum
649 3984 789 4029 accessus
813 3968 852 4028 ad
868 3964 971 4028 Solem
994 3972 1025 4026 et
1047 3984 1184 4029 recessus
1198 3986 1217 4027 a
1232 3966 1313 4042 Sole,
1339 3969 1502 4031 sedetiam
1526 3970 1624 4049 (qnod

280 4060 442 4125 secundnm
471 4054 676 4139 argumentum
704 4074 770 4119 esse
799 4055 904 4137 queat)
933 4054 1146 4117 declinationes
1179 4055 1368 4119 latitudinum
1398 4057 1621 4134 administrant,

281 4158 313 4213 et
336 4149 422 4231 quasi
444 4149 482 4211 ab
505 4166 565 4211 una
586 4144 652 4228 ripa
674 4145 704 4207 in
723 4144 823 4219 aliam,
847 4163 866 4205 a
888 4143 1091 4222 septentrione
1114 4144 1234 4225 inquam
1256 4146 1285 4206 in
1304 4154 1439 4208 austrum
1454 4154 1485 4209 et
1502 4155 1619 4221 contra,

282 4240 391 4301 flumen
419 4238 475 4300 hoc
498 4239 545 4311 (se
568 4235 634 4316 ipso
663 4232 759 4296 solum
782 4232 939 4314 eclipticae
962 4240 1093 4295 tractum
1122 4235 1264 4314 sequens)
1288 4233 1451 4317 trajiciunt.
1496 4233 1622 4299 Certmn

280 4328 359 4392 enim
381 4334 430 4389 eat
452 4344 490 4388 ax
511 4323 681 4399 antedictis,
705 4322 856 4396 virtutem,
880 4330 955 4401 qu'ae
980 4340 1018 4383 ex
1036 4320 1117 4396 Sole,
1141 4320 1306 4402 simplicem
1329 4343 1407 4388 esse.
1454 4323 1525 4387 Jam
1546 4344 1621 4389 vero

279 4414 437 4483 eccentrici
467 4414 655 4494 planetamm
686 4429 745 4473 non
776 4419 894 4474 tantum
924 4410 1076 4473 declinant
1109 4410 1148 4473 ab
1179 4411 1334 4492 ecliptica,
1369 4413 1423 4475 sed
1459 4413 1552 4477 etiam
1588 4414 1621 4476 in

279 4506 380 4571 varias
409 4505 517 4586 plagas
540 4509 625 4578 eunt,
656 4518 724 4563 sese
753 4508 855 4564 mutuo
878 4506 910 4561 et
939 4498 1108 4580 eclipticam
1139 4499 1368 4566 intersecantes.
1412 4502 1510 4583 Igitur
1540 4502 1622 4565 aliae

280 4614 390 4661 causae
412 4591 516 4657 virtuti
539 4590 655 4666 metrici
678 4610 715 4653 ex
737 4588 808 4652 Sole
832 4588 1059 4669 conjunguntur.

861 4830 1040 4843 *a*
