3517 5525
574 386 759 452 emesan
794 330 1027 459 camerni,
1389 359 1453 434 399
1514 413 1517 420 «

640 583 760 684 Caput
784 575 954 666 LVIII.¹
1018 593 1026 614 ‘
1088 559 1098 580 ⁸

75 750 91 816 ἢ
110 744 275 825 monaco
300 750 404 808 nam
430 743 614 819 cromam,
648 742 749 827 eamn
770 740 866 806 uer.
891 701 1110 804 'ammaon
1131 735 1161 809 a
1181 730 1323 801 emma,
1351 721 1454 828 pam

105 843 212 900 mmm
241 854 334 898 error
364 834 492 898 admitti
519 835 557 897 in
579 837 787 917 piacpoctcra
821 827 1007 914 librationis
1036 820 1267 908 applicatione,
1302 835 1364 897 qna
1392 819 1455 877 ater

521 921 670 1005 planetae
691 923 854 1018 bacmmm
874 920 1032 1005 efficiatur.

266 1057 270 1063 ’
354 1062 451 1124 Malo
479 1082 531 1124 me
563 1060 727 1125 Galatea
753 1059 861 1144 petit,
894 1057 1038 1121 lasciva
1064 1049 1200 1134 puella,
1333 1053 1335 1060 ’

289 1149 335 1212 Et
366 1151 462 1231 fugit
491 1153 536 1214 ad
567 1151 724 1227 salices,
757 1158 793 1212 et
822 1160 859 1212 se
890 1147 993 1228 cupit
1024 1151 1107 1207 ante
1139 1135 1269 1202 videri.

95 1345 98 1350 ,
197 1274 341 1338 Profecto
363 1293 467 1336 verum
488 1275 546 1344 hoc
560 1277 597 1342 de
620 1284 727 1338 natura
745 1292 819 1337 ceno
836 1292 874 1334 ex
897 1289 947 1334 ore
970 1267 1108 1348 Vergilii.
1146 1264 1213 1337 Quo
1236 1258 1358 1360 propius
1374 1255 1453 1318 enim

111 1366 151 1427 ad
173 1363 260 1426 illam
281 1365 410 1437 venitur,
432 1364 489 1426 hoc
504 1365 721 1444 petulantiores
743 1364 829 1426 ludos
851 1361 934 1429 iacit,
958 1359 1014 1422 hoc
1028 1356 1162 1439 pluribus
1185 1348 1369 1452 anfractibus
1386 1362 1454 1406 sese

109 1455 180 1535 ipsa
202 1452 452 1534 comprehensura
474 1452 541 1532 jam
559 1455 681 1535 jamque
704 1452 818 1516 tenenti
840 1450 980 1529 surripit:
1003 1466 1058 1512 nec
1080 1452 1181 1506 tamen
1203 1440 1331 1503 invitare
1355 1439 1456 1497 0θῦΜῦ

112 1543 153 1606 ad
175 1559 210 1604 ee
232 1542 548 1624 comprehendendam,
573 1545 659 1625 quasi
681 1543 847 1605 delectetur
868 1538 947 1602 meis
967 1535 1125 1602 erroribus.
1317 1613 1323 1628 ι
1351 1599 1352 1602 ,

176 1711 180 1717 .
205 1627 292 1701 Quot
312 1639 377 1693 toto
397 1631 453 1693 boc
472 1651 560 1712 opere
584 1632 729 1713 spectavi,
751 1639 786 1694 ut
803 1630 957 1712 physicam
981 1623 1143 1690 invenirem
1167 1617 1356 1719 hypothesin.
1380 1627 1455 1692 <1¹¹³ss

110 1721 180 1785 non‘
193 1727 312 1802 tantum
335 1719 496 1798 distantias
520 1722 653 1784 efficeret
684 1720 850 1789 observatis
883 1723 1118 1787 consentaneas,
1146 1710 1200 1770 sed
1227 1717 1318 1770 etiam
1341 1719 1455 1781 aequa-

110 1810 210 1872 tiones
233 1808 339 1871 itidem
361 1810 486 1890 probas,
515 1830 589 1892 quas
616 1811 762 1876 hactenus
785 1829 823 1871 ex
845 1807 960 1874 vicaria
987 1803 1096 1887 capitis
1117 1797 1204 1864 XVI.
1230 1793 1327 1858 coacti
1355 1805 1458 1852 eumue

112 1897 261 1961 mutuari:
284 1898 364 1962 idem
378 1899 521 1980 perhanc
545 1898 635 1964 etiam
659 1898 846 1961 verissimam
868 1896 1046 1978 hypothesin
1070 1897 1190 1954 tentans
1212 1886 1290 1950 falsa
1304 1875 1458 1952 methodo,

113 1990 231 2050 rursum
262 1987 300 2049 de
329 2005 429 2053 rerum
458 2008 574 2052 summa
604 1988 757 2069 trepidare
788 1985 882 2070 coepi.
933 1987 976 2050 In
1002 1984 1088 2048 linea

113 2075 264 2159 apndnm
287 2077 403 2140 annm
420 2077 500 2153 A,B
522 2079 704 2143 radantur
724 2076 870 2160 aequales
892 2071 1004 2139 dcccli
1018 2071 1086 2145 GD.

112 2165 183 2228 HK.
221 2161 334 2248 Sitque
353 2166 412 2228 AB
434 2169 647 2231 ecocnbioitae
668 2165 782 2232 madi
804 2164 872 2229 GD.
911 2162 963 2228 Sit
985 2171 1089 2226 antem
1146 2193 1148 2198 ¹

115 2250 282 2321 annualia
303 2255 445 2330 eccentri,
467 2276 524 2320 een
543 2276 693 2320 nnmerm
711 2256 873 2338 paduam
895 2256 969 2340 ςὶιιε,
993 2271 1089 2316 meac

116 2341 177 2406 GD
198 2341 246 2406 uel
266 2342 345 2417 HK,
374 2365 434 2425 pec
460 2343 734 2428 aequipollentias
762 2365 830 2428 cap.
858 2345 928 2408 111.
978 2343 1088 2406 canno
1109 2383 1112 2392 ·
1137 2403 1165 2425 ἵ,
1235 2376 1268 2411 μ

115 2434 216 2514 ipram
236 2431 274 2508 Κ,
298 2433 483 2498 emanare
507 2435 582 2507 un,
606 2434 690 2516 quoa
711 2436 776 2517 epa·
797 2433 854 2496 AB
885 2433 927 2495 etc
949 2430 1089 2512 aequam
1202 2458 1222 2521 J
1294 2420 1310 2451 ⁸

113 2522 273 2586 senecae
286 2521 370 2584 LDF
391 2520 560 2606 epicycluc,
583 2526 639 2605 qui
658 2525 776 2588 secabit
797 2519 951 2589 ciraclnm
975 2517 1033 2583 GD
1055 2519 1092 2582 in
1238 2547 1256 2566 ι

114 2611 146 2674 D
170 2630 232 2692 per
260 2610 537 2695 aequipollentiam
567 2633 635 2696 cap.
665 2612 735 2675 111.
788 2613 943 2676 omnmo
974 2607 1034 2672 ΑΚ
1063 2616 1092 2672 et

118 2698 317 2765 continmw
345 2700 444 2765 donec
472 2709 552 2765 secet
580 2700 754 2786 cpicyclam
775 2703 811 2765 in
832 2701 875 2775 L,
907 2706 943 2765 ut
973 2701 1013 2763 eit
1035 2699 1090 2760 LD
1212 2688 1258 2797 [q

118 2808 216 2853 comm
244 2787 362 2853 nmilia
390 2790 569 2855 anomaliae
597 2794 729 2854 eccarbi
758 2790 817 2855 GD
848 2789 896 2855 ael
927 2790 994 2851 ΗΚ.
1048 2787 1093 2851 Et
1225 2813 1229 2828 ·
1263 2815 1269 2848 r

118 2879 363 2942 cormettatan
386 2881 509 2943 can.
548 2880 737 2963 Eammcto
759 2880 872 2943 oeroD
891 2879 1093 2942 comminue·

114 2966 397 3049 perpendimclarea
414 2969 449 3031 iic
463 2966 533 3045 Ge,
547 2970 615 3044 LA,
638 2989 719 3050 qnae
734 2970 799 3032 sint
812 2968 877 3043 Dc,
894 2966 959 3029 DE.
993 2964 1093 3037 Quare

117 3074 173 3137 per
194 3056 342 3117 hactonus
365 3076 430 3137 cap.
447 3058 531 3122 LVI.
555 3059 772 3131 demonstrata,
795 3056 854 3119 ΑΕ
872 3057 948 3119 citra
970 3063 1093 3119 contre-

118 3144 251 3208 versiam
274 3144 333 3207 erit
349 3144 436 3224 justa
459 3146 605 3209 demntia
628 3147 666 3209 ad
684 3147 762 3209 hanc
784 3145 964 3209 anomaliam
987 3164 1094 3207 eccen-

120 3232 170 3309 tri,
194 3231 234 3296 de
255 3252 315 3314 qua
337 3235 497 3315 quaeritur,
520 3243 662 3316 quantum
683 3235 825 3316 temporis
847 3235 879 3296 in
898 3254 935 3297 ea
957 3234 999 3296 sit
1020 3252 1093 3297 con-

119 3330 260 3383 sumtum.
308 3320 441 3403 Cumque
464 3325 529 3404 ejus
552 3344 641 3387 arcus
663 3325 746 3387 sinus
773 3342 878 3387 versus
903 3320 970 3397 Ge,
994 3322 1058 3385 sive
1086 3332 1158 3409 post
1184 3319 1459 3404 multiplicationem

119 3410 175 3475 lu:
198 3410 303 3473 ablata
324 3430 344 3472 a
367 3410 427 3476 GA
449 3414 615 3493 prodiderit
645 3413 822 3477 distantiam
848 3411 905 3475 ΑΕ
931 3413 1064 3491 justam:
1096 3434 1134 3477 ex
1162 3416 1217 3477 bis¹
1239 3410 1359 3475 indiciis
1390 3427 1462 3490 per-

120 3499 281 3573 suadebat,
304 3500 463 3565 terminum
484 3503 578 3583 ipsius
600 3502 658 3567 ΑΕ
685 3503 813 3565 alterum
841 3502 1039 3582 quaerendum
1068 3522 1215 3568 essenon
1240 3503 1271 3565 in
1292 3499 1347 3564 DC
1371 3499 1462 3571 linea,

121 3589 202 3669 quod
224 3588 414 3652 verissimum
435 3600 538 3654 tamen
560 3601 636 3667 erat,
659 3591 767 3653 sedin
790 3591 844 3655 DB
872 3592 970 3655 lineae
997 3602 1107 3670 puncto
1129 3596 1163 3657 I:
1192 3602 1225 3655 nt
1241 3593 1274 3654 si
1296 3596 1398 3653 centro
1421 3588 1461 3659 A,
1575 3622 1580 3639 ι

120 3678 303 3739 diastemate
325 3678 397 3753 ΑΕ,
420 3680 559 3743 ducerem
581 3700 683 3744 arcum
704 3681 787 3755 Eli,
811 3680 862 3759 qui
884 3690 970 3743 secet
989 3680 1044 3742 DB
1067 3683 1097 3744 in
1120 3684 1144 3745 1.
1188 3682 1282 3745 Esset
1304 3679 1395 3759 igitur
1415 3675 1463 3739 sl

121 3766 286 3829 secuudum
317 3766 393 3829 banc
425 3770 648 3849 persuasionem
674 3770 759 3850 justa
790 3769 935 3832 distantia
962 3769 1022 3831 situ
1045 3780 1076 3833 et
1098 3771 1299 3851 longitudinm
1333 3774 1364 3830 et
1385 3762 1463 3829 me

121 3854 275 3917 anomalia
301 3872 372 3918 vere
402 3867 577 3939 coaequata.
621 3859 817 3923 Manifestum
844 3867 893 3922 est
920 3866 1034 3934 eutem,
1064 3861 1142 3940 quod
1168 3860 1237 3922 EIF
1264 3876 1350 3920 arcus
1380 3860 1464 3917 secet

121 3942 178 4008 DC
202 3942 312 4007 lincam
334 3944 400 4007 loco
420 3948 579 4028 superiori,
602 3947 721 4011 scilicet
742 3948 773 4009 in
796 3946 836 4022 F,
859 3947 960 4027 itaque
989 3949 1090 4028 anguli
1112 3948 1189 4012 IAG
1211 3956 1243 4009 et
1265 3944 1351 4010 ΕΑΘ
1375 3944 1463 4007 dilic-

122 4038 194 4096 rant
215 4033 384 4113 quantitate
406 4036 486 4099 IAF.
531 4037 639 4099 Errari
661 4036 766 4116 igitur,
797 4044 942 4116 usurpata
967 4036 1047 4099 linea
1069 4039 1114 4100 AI
1136 4056 1190 4119 pro
1212 4038 1276 4101 AF.
1321 4035 1463 4097 Errorem

122 4122 251 4204 primum
280 4123 465 4202 experientia
493 4126 692 4207 deprehendi„
713 4127 808 4187 aNam
831 4144 897 4187 cum
925 4125 1128 4205 explorassem
1155 4126 1350 4208 quantitatem
1374 4140 1463 4185 areae

122 4208 215 4275 DAG
236 4219 301 4275 tam
315 4230 369 4291 per
391 4214 554 4277 distanths
576 4233 689 4290 omnes,
712 4234 802 4295 quarn
814 4232 868 4294 per
891 4213 1023 4276 areolam
1039 4215 1135 4291 DAB,
1157 4222 1264 4296 postea
1281 4214 1350 4275 huic
1373 4230 1464 4275 areae

122 4298 215 4363 DAG
236 4300 267 4362 in
291 4308 407 4382 tempus
431 4322 594 4392 conversae
617 4304 890 4367 accommodassem
918 4305 1056 4383 angulum
1078 4302 1155 4367 IAG
1182 4322 1240 4367 nou
1265 4300 1369 4366 FAG:
1393 4309 1464 4364 tunc

122 4388 318 4470 insuperiori
341 4390 518 4456 semicirculi
539 4400 626 4475 parte
649 4393 757 4471 collegi
774 4411 828 4473 per
841 4385 917 4472 5¹!st
940 4392 1018 4473 plus,
1040 4394 1069 4455 in
1089 4392 1221 4455 inferiori
1237 4388 1333 4473 per'ci‘
1356 4390 1463 4463 minus,

110 4484 214 4559 'quam
236 4477 331 4540 dabat
351 4480 467 4544 vicaria
489 4483 566 4545 satis
581 4489 673 4545 certa.
711 4483 815 4562 Itaque
839 4480 1086 4544 dissentientibus
1110 4482 1463 4563 aequationibus·avero‚

124 4567 211 4649 coepi
233 4586 349 4632 rursum
371 4589 513 4644 mansere
536 4570 709 4635 renssimas
731 4570 788 4633 has
807 4569 968 4634 distantias
983 4572 1039 4634 ΑΕ
1061 4578 1093 4632 et
1113 4570 1302 4635 librationem
1323 4570 1463 4650 planetae

123 4655 180 4719 Lu
202 4656 239 4719 de
262 4656 397 4734 crimine,
423 4660 508 4741 cujus
535 4662 615 4725 falsa
639 4678 708 4722 mea
729 4660 901 4734 methodus,
930 4661 1042 4742 quael
1065 4680 1118 4741 pro
1140 4664 1167 4725 F
1190 4660 1364 4743 spectabat,
1397 4661 1465 4720 eret

125 4764 190 4810 rea.
230 4744 312 4819 Quid
334 4750 462 4813 multis?
484 4750 558 4831 Ipsa
579 4748 692 4812 veritas
711 4757 852 4811 etrerum
875 4757 984 4811 nature
1006 4749 1163 4828 repudiata
1180 4758 1211 4813 et
1233 4749 1353 4818 exulare
1376 4746 1465 4827 jussa

123 4853 180 4917 per
205 4835 354 4920 posticum
382 4858 415 4901 se
444 4838 545 4901 furtim
572 4858 687 4902 rursum
717 4838 830 4918 recepit
860 4837 940 4900 intro
967 4846 999 4901 et
1028 4838 1081 4899 sub
1108 4839 1212 4902 habitu
1245 4839 1341 4900 alieno
1369 4854 1388 4896 a
1416 4851 1463 4896 me

123 4932 249 5011 recepta
276 4925 341 4991 luit.
398 4928 506 4993 Missis
537 4929 657 5011 inquam
692 4926 901 4999 libationibus
932 4926 1071 4991 diametri
1103 4928 1174 5008 Lu,
1207 4927 1291 5013 coepi
1321 4940 1463 4991 revocare
