3517 5525
598 389 659 444 l’ara
677 390 769 468 Tertia
806 383 891 456 Caput
906 389 995 444 xxvt.
1296 345 1304 356 '
1406 387 1470 460 285

120 578 305 652 apogaeum,
329 589 365 632 eo
389 570 467 652 qnod
489 569 587 632 lineae
610 594 664 651 αχ,
687 567 805 650 §pne
827 570 968 652 paralleli
991 577 1071 633 sunt.
1117 569 1162 634 At
1184 569 1221 635 de
1244 569 1325 634 nullo
1349 571 1471 653 proprie

1 731 3 752 .
120 658 262 738 usurpari
291 667 394 740 potest
424 679 485 720 vox
515 660 642 740 apogaei
671 667 880 741 praeterquam
903 661 940 722 de
963 659 1077 740 primo,
1104 659 1208 739 puncti
1234 664 1275 734 d,
1312 661 1383 741 quia
1405 662 1472 740 ejus

119 749 201 811 linea
224 747 363 911 apqidnm
392 751 460 830 αβχ
485 766 539 829 per
562 747 666 839 ipsam
682 751 807 812 Terram
830 749 962 824 ducitur,
990 768 1065 832 quae
1088 748 1119 810 in
1142 772 1162 811 α
1184 749 1286 830 posita
1308 749 1381 825 fuit,
1411 768 1471 814 non

1 841 3 912 ζ
119 838 244 900 veroin
306 837 403 902 vela.
561 905 567 922 ,

1 943 2 952 ¹
207 927 323 990 Verum
346 927 465 1008 quidem
488 935 544 995 est,
569 945 607 988 ex
629 947 652 989 c
672 929 766 990 Terra
789 928 857 1007 ejici
879 945 971 1008 posse
990 947 1046 1008 per
1068 933 1173 989 centra
1194 928 1318 990 ducrum
1335 927 1470 1009 reliquo-

119 1037 184 1082 rum
218 1016 452 1078 eccentricomm
480 1037 502 1094 p
531 1023 562 1078 et
589 1041 606 1087 ς
637 1025 754 1091 rectas,
785 1037 861 1099 quae
889 1017 1026 1080 dicantur
1054 1017 1152 1078 lineae
1181 1019 1309 1097 apogaei
1329 1018 1471 1098 proprie;

120 1126 197 1190 quae
221 1106 252 1169 iu
276 1104 486 1168 antecedentia
509 1105 618 1168 cadent
641 1106 769 1186 apcguei
791 1127 854 1188 αχ;
878 1115 952 1186 puta
974 1129 1022 1183 αφ
1042 1106 1074 1168 in
1096 1101 1157 1168 24⁰
1179 1112 1218 1181 il,
1242 1129 1283 1177 ας
1306 1107 1336 1168 in
1363 1103 1419 1170 19⁰
1444 1112 1470 1183 il

120 1197 252 1260 circiter.
297 1196 343 1258 At
364 1203 434 1258 tunc
458 1195 515 1257 hae
538 1195 636 1256 lineae
660 1215 718 1258 nou
738 1197 910 1260 transibunt
923 1215 977 1276 per
993 1196 1135 1277 cujusque
1153 1196 1310 1258 eccentrici
1329 1203 1472 1275 punctum

119 1285 317 1367 aequalitatis
339 1285 500 1366 proprium.
540 1286 645 1366 Itaque
669 1286 696 1347 si
715 1286 781 1366 quis
805 1305 843 1346 ex
851 1285 1018 1348 Ptolemaei
1034 1284 1233 1346 sectatoribus
1251 1305 1311 1349 non
1327 1285 1393 1346 vult
1406 1283 1473 1366 epi-

1 1417 2 1424 1
120 1375 239 1458 cyclum
262 1375 380 1454 affigere
404 1373 570 1436 eccentricc
585 1373 624 1436 ·in
647 1381 757 1454 puncto
780 1378 814 1449 θ,
839 1375 892 1436 aed
915 1375 1036 1435 mavult·
1053 1392 1121 1436 eum
1138 1373 1264 1453 alligare
1283 1373 1314 1434 in
1329 1383 1432 1435 centro
1447 1396 1473 1446 r,

119 1468 148 1529 is
181 1471 307 1544 cogetur
336 1463 381 1525 nti
412 1463 527 1524 duabus
558 1462 648 1525 lineis
685 1463 836 1544 apsidum,
874 1464 973 1525 altera
995 1484 1047 1540 aq
1069 1462 1245 1536 eccentrici,
1276 1463 1393 1543 reliqna
1422 1477 1475 1541 αψ

122 1553 303 1636 aequantia,
326 1561 358 1614 et
380 1551 655 1614 eccentricitatibus
679 1573 732 1630 αφ
756 1560 787 1614 ct
809 1566 881 1632 utp3
906 1552 1096 1634 quodquam
1120 1551 1162 1613 sit
1182 1551 1354 1614 intricatum
1378 1558 1409 1614 et
1423 1551 1473 1612 in-

1 1625 2 1700 l
121 1643 310 1706 commodum
340 1641 392 1714 (de
420 1641 607 1703 absurditate
635 1640 713 1704 euim
737 1649 787 1704 sat
809 1641 921 1704 dictum
943 1649 992 1703 est
1013 1641 1111 1721 capite
1127 1635 1211 1722 Vi),
1231 1640 1347 1721 judicet
1366 1640 1473 1720 hujus-

103 1732 205 1796 ·modi
229 1731 348 1812 aliquis.

212 1819 298 1883 Idem
326 1819 401 1894 erit,
425 1819 451 1881 si
475 1819 541 1900 quis
564 1817 639 1881 velit
663 1821 755 1900 figere
778 1819 944 1902 epicyclum
966 1818 1134 1882 eccentricc
1157 1818 1186 1879 in
1209 1825 1319 1898 puncto
1343 1841 1371 1893 c,
1394 1819 1475 1880 circa

122 1911 203 1993 qnod
219 1907 372 1990 epicyclus
387 1907 553 1989 aequaliter
568 1907 708 1970 volvitur.
741 1909 820 1973 Nam
836 1917 907 1970 tnnc
922 1908 1117 1982 eccentricus,
1133 1908 1270 1969 deierans
1285 1915 1426 1988 punctum
1445 1930 1472 1983 o,

122 1998 258 2062 habebit·
271 1998 330 2060 dno
353 2015 489 2078 apogaea
513 2005 545 2058 et
567 1997 825 2073 eccentricitates;
849 1997 976 2060 altemm
1000 1997 1095 2059 centri
1117 1997 1148 2058 in
1168 1997 1249 2058 linea
1271 2020 1322 2071 ας,
1347 1993 1493 2059 alteram

123 2088 226 2171 puncti
255 2086 449 2170 aequalitatis
476 2085 507 2148 in
534 2087 615 2150 linea
642 2110 701 2149 ac.
755 2087 867 2150 Restat
897 2085 1059 2169 igitnrvel
1082 2085 1247 2168 cpicyclum
1270 2086 1472 2165 indigere,

123 2179 173 2240 vel
197 2177 447 2252 eccentricorum‚
476 2177 525 2258 qui
547 2183 659 2256 puncta
681 2198 697 2236 c
720 2183 752 2238 et
775 2199 791 2238 ο
815 2177 967 2252 deferunt,
997 2195 1134 2256 apogaea
1162 2175 1323 2255 improprie
1347 2193 1473 2250 sumere,

124 2276 156 2330 et
178 2267 420 2330 eccentricitates
444 2274 617 2346 computare
641 2287 660 2327 a
681 2264 849 2345 punctis-E,
865 2287 896 2336 a,
919 2285 979 2328 non
1001 2265 1039 2326 ab
1063 2290 1093 2339 a,
1115 2266 1227 2325 Terrae
1250 2263 1358 2326 indice.

211 2358 313 2437 Atque
346 2356 491 2417 hactenus
518 2355 620 2435 prima
652 2355 814 2418 delineatio
850 2356 908 2418 init
936 2356 967 2416 in
1000 2355 1097 2416 forma
1118 2354 1313 2416 Ptolemaica
1365 2355 1477 2418 Altera

126 2453 230 2528 potest
251 2443 369 2507 institui
394 2443 447 2518 sic,
470 2453 505 2505 ut
519 2445 586 2505 loca
599 2446 710 2508 Terrae
728 2445 936 2525 Oopemicana
960 2449 985 2519 d,
1002 2467 1027 2517 a,
1045 2440 1070 2517 ζ,
1086 2465 1112 2520 η,
1137 2444 1302 2505 concedant
1320 2462 1379 2504 nou
1397 2444 1428 2506 iu
1443 2467 1474 2512 c,

128 2537 181 2599 sed
205 2536 234 2598 iu
257 2559 281 2615 γ,
306 2533 350 2596 sic
373 2540 407 2594 nt
429 2533 460 2595 in
482 2534 539 2595 hoc
563 2533 714 2596 schemate
737 2555 797 2596 nou
820 2559 849 2608 α,
874 2536 929 2598 sed
945 2557 965 2614 ‘p
987 2535 1111 2596 denotet
1129 2535 1252 2594 Terram
1277 2532 1379 2597 mnndi
1400 2553 1473 2595 cen-

127 2634 222 2688 trum:
253 2625 302 2686 ubi
336 2622 487 2704 epicyclus
517 2622 626 2700 etiam,
669 2631 700 2685 et
735 2623 830 2704 ipsius
862 2631 1039 2704 punctorum
1065 2626 1107 2695 c,
1124 2644 1190 2690 r‚o
1222 2630 1285 2682 tres
1317 2621 1475 2684 eccentrici

128 2715 188 2778 situ
212 2733 266 2776 suo
291 2707 505 2775 amovebuntur
529 2713 658 2793 spatiolo
682 2737 729 2793 αγ,
754 2715 868 2795 critque
891 2733 975 2775 mera
989 2710 1242 2793 aequipollentia,
1266 2731 1354 2792 quam
1369 2731 1474 2793 super·

129 2805 216 2867 sedeo
241 2803 367 2865 ulterius
390 2803 558 2881 explicare,
589 2822 626 2863 ue
649 2803 770 2865 nimium
793 2805 888 2865 lector
916 2803 1131 2876 confundatum
1163 2821 1232 2865 nam
1260 2802 1334 2862 haec
1358 2802 1475 2883 quidem

127 2894 238 2957 mentio
261 2900 377 2961 tantum
405 2892 438 2951 lit
459 2899 582 2971 propter
606 2890 717 2954 sciolos
740 2902 793 2954 aut
815 2893 960 2955 curiosos.

213 2984 249 3044 ln
278 2982 373 3043 forma
395 2980 614 3061 Tychonica
643 2982 726 3043 nulla
757 3000 835 3043 nova
863 2982 1065 3043 delineatione
1093 2999 1167 3059 opus
1191 2987 1247 3041 est.
1289 2977 1476 3041 Brevissima

128 3072 269 3135 indicatio
299 3069 418 3131 sufficit.
463 3070 590 3131 Ponitur
620 3077 761 3152 punctum
792 3070 939 3132 affixionis
963 3069 1272 3151 eccentriciquatuor
1295 3066 1403 3128 sitibus
1426 3068 1474 3130 di-

127 3160 224 3224 versis
247 3161 278 3224 in
301 3162 369 3238 l,p‚
386 3180 414 3229 σ,
430 3182 462 3233 c,
486 3166 520 3220 ut
542 3158 666 3239 planeta
689 3159 729 3220 sit
751 3159 782 3223 in
812 3186 830 3233 ι,
841 3162 906 3235 aql,
921 3184 953 3235 μ,
990 3167 1021 3220 et
1052 3157 1192 3239 paralleli
1224 3162 1265 3232 ιλ,
1283 3179 1332 3234 κρ,
1348 3159 1400 3232 λσ,
1419 3182 1476 3232 μυ,

129 3260 159 3313 et
179 3256 241 3312 θα.
288 3248 391 3330 Tycho
415 3246 506 3327 igitur
529 3266 594 3310 cum
618 3248 761 3321 dixisset,
784 3256 918 3311 centrum
941 3248 1045 3311 circuli
1067 3246 1181 3321 Martii,
1204 3246 1291 3329 quem
1314 3246 1378 3326 ipse
1402 3246 1477 3309 iacit
1577 3312 1582 3321 ,

128 3340 245 3402 deferre
268 3338 416 3419 duplicem
440 3336 614 3419 epicyclum,
637 3338 791 3400 circumire
814 3336 845 3399 iu
864 3337 1051 3399 concentricc
1066 3335 1149 3398 Solis
1163 3336 1329 3417 aequaliter
1346 3334 1427 3397 circa
1443 3358 1474 3410 α,
1491 3407 1493 3410 ,

130 3430 217 3511 idque
246 3428 276 3489 in
298 3426 464 3490 Ptolemaei
497 3427 643 3507 gratiam,
673 3427 730 3489 luit
757 3432 819 3490 una
846 3447 912 3489 cum
935 3426 1110 3489 Ptolemaeo
1142 3430 1173 3486 et
1196 3424 1362 3505 Copemicc
1385 3446 1406 3486 a
1426 3444 1475 3500 mc

129 3524 282 3599 permotus
305 3524 390 3596 parte
413 3516 510 3594 prima
533 3516 598 3597 c‘ap.
623 3517 678 3594 VI,
700 3525 734 3580 ut
756 3517 831 3581 illud
854 3536 907 3581 sen
930 3516 1110 3580 concentrici
1133 3523 1267 3577 centrum
1291 3532 1344 3575 seu
1366 3532 1475 3577 eccen-

129 3606 198 3669 trici
228 3612 371 3686 punctum
400 3604 547 3669 affixionis
573 3606 674 3687 potius
705 3594 912 3689 inipsissimc
942 3614 1045 3669 centro
1073 3604 1208 3685 corporis
1230 3602 1348 3668 Solaria
1379 3623 1474 3685 quae-

130 3704 229 3771 reret;
253 3694 347 3783 idque
375 3694 541 3757 rationibus
562 3694 697 3775 physicis
721 3704 752 3757 et
775 3705 899 3758 ostensa
920 3695 1122 3776 possibilitate
1145 3694 1343 3775 geometrica,
1367 3692 1475 3773 quibus

130 3784 261 3847 accessit
291 3802 356 3863 cap.
379 3783 485 3846 xxn.
515 3792 546 3846 et
567 3784 689 3847 XXIII.
718 3784 850 3847 validum
882 3792 1108 3864 argumentum:
1137 3784 1215 3865 quod
1246 3780 1306 3844 nisi
1332 3781 1390 3844 hoc
1412 3784 1474 3852 liat,

130 3874 188 3937 etsi
208 3871 435 3937 observationes
453 3873 630 3935 admedinm
638 3872 722 3937 Solis
736 3882 848 3937 motum
866 3874 1044 3947 referantur,
1064 3871 1428 3955 epicyclnsPtolemaicus
1444 3880 1476 3936 et

130 3964 271 4025 deferens
299 3962 475 4026 Braheanus
503 3964 577 4025 dant
603 3963 761 4025 eccentrici
792 3963 823 4024 in
851 3961 959 4043 plagas
988 3962 1205 4026 eccentricitati
1227 3960 1310 4023 Solis
1336 3962 1497 4042 praecise·

132 4051 309 4115 contrarias.
360 4051 501 4114 Forticra
530 4058 629 4115 autem
657 4059 688 4113 et
715 4070 753 4114 ex
775 4051 905 4132 propriis
928 4051 1039 4115 Brahei
1063 4049 1323 4114 observationibus
1346 4051 1475 4114 deducta

132 4147 309 4223 argumenta
346 4140 504 4202 deserendi
536 4142 717 4205 concentrici
749 4140 831 4204 Solis
861 4140 1014 4221 pollicitus
1045 4160 1127 4217 snm,
1160 4147 1191 4201 et
1220 4140 1252 4202 in
1280 4141 1475 4221 sequentibus

132 4250 197 4313 cap.
222 4230 296 4305 LII,
327 4228 458 4292 LXVII.
482 4230 653 4311 producam.
698 4231 792 4311 Atqui
816 4230 880 4313 jam
904 4236 952 4291 cst
972 4230 1129 4311 probatum
1151 4229 1209 4292 hoc
1231 4228 1330 4309 capite
1352 4231 1475 4308 XXVI,

132 4321 190 4383 hoc
222 4326 356 4382 ceutmm
387 4322 566 4383 concentrici
594 4320 704 4382 Martis
738 4320 806 4393 (seu
837 4325 992 4401 punctum,
1024 4338 1122 4401 aquo
1147 4317 1243 4397 surgit
1266 4320 1474 4384 eccentricitas

133 4410 258 4483 Martis)
282 4427 341 4471 non
364 4406 490 4473 inveniri
519 4409 549 4472 iu
573 4408 738 4471 eccentricc
767 4408 900 4489 aequali,
931 4427 969 4469 ex
995 4415 1141 4489 apnnctc
1171 4406 1363 4488 aequalitatis
1393 4409 1475 4476 Solis

135 4496 296 4578 descripto,
320 4497 399 4578 quod
420 4498 556 4563 Braheus
580 4518 646 4561 cum
669 4498 839 4560 auctoribus
862 4505 1036 4577 putaverat,
1065 4497 1119 4559 sed
1142 4496 1173 4558 in
1196 4498 1363 4561 eccentricc
1386 4518 1425 4560 ex
1446 4497 1474 4576 ξ,

18 4612 23 4621 ·
135 4589 213 4670 quod
236 4594 285 4649 est
306 4586 403 4650 medio
427 4588 492 4651 loco
515 4588 594 4651 inter
617 4609 637 4648 α
660 4594 691 4647 et
712 4606 737 4647 r.
783 4587 864 4667 Ergo
889 4586 916 4647 si
938 4594 1071 4650 centmru
1094 4587 1276 4649 concentrici
1298 4588 1476 4659 &circumit

136 4696 201 4740 cum
220 4674 302 4752 Sole,
323 4675 458 4739 circumit
478 4696 548 4740 vero
568 4678 598 4739 in
615 4676 780 4739 eccentricc
795 4674 863 4749 exi
882 4676 1042 4757 descripto,
1059 4676 1113 4740 Sol
1123 4675 1216 4756 igitur
1229 4676 1294 4757 ipse
1308 4677 1475 4741 circumibit

136 4768 165 4831 in
193 4764 359 4829 eccentricc
393 4786 431 4827 ex
456 4764 474 4840 ξ
499 4767 658 4850 descripto.
709 4766 754 4827 At
781 4773 880 4828 motus
910 4765 975 4844 ejus
999 4774 1048 4828 eet
1068 4766 1216 4845 regularis
1238 4766 1319 4829 circa
1339 4787 1365 4827 a.
1409 4768 1473 4829 Ec-

137 4856 310 4919 centricitas
337 4854 429 4935 igitur
452 4856 534 4919 Solis
563 4877 605 4925 aa
635 4855 798 4918 bisecanda
828 4862 877 4917 est
906 4855 937 4916 in
959 4852 986 4927 ξ.
1031 4856 1099 4918 Non
1126 4862 1175 4917 eat
1201 4856 1279 4918 enim
1300 4855 1472 4933 verisimile,
1523 4910 1528 4921 ,

137 4955 238 5015 centro
269 4946 450 5013 concentrici
471 4945 582 5011 Martis
614 4952 646 5009 et
668 4944 750 5009 Solis
778 4944 893 5027 pariter
914 4943 1181 5019 cucumenntibus,
1209 4945 1322 5026 pariter
1342 4946 1375 5008 in
1396 4965 1472 5029 apo-
