3517 5525
290 428 355 500 408
765 425 806 483 Da
823 427 931 484 Motibus
951 427 1043 483 Stellae
1061 425 1149 482 Martia

292 612 394 676 cuculi
418 611 485 687 ΑΚ,
510 613 598 674 datur
620 628 692 671 area
714 609 943 684 AHK,.sector
965 631 1051 673 arcus
1073 609 1147 684 ΑΚ,
1172 629 1193 670 a
1213 627 1270 689 quo
1294 627 1364 674 arou
1388 617 1419 670 et
1440 615 1630 672 mensuratur

292 710 391 764 sector
413 701 471 763 iste
494 699 524 762 in
552 719 589 761 ea
619 719 775 775 mensura,
808 701 839 761 in
866 721 925 781 qna
953 709 1020 763 tota
1051 698 1153 762 circuli
1184 717 1257 762 area
1286 707 1335 759 est
1358 695 1448 760 360⁰.
1495 699 1538 760 Et
1559 700 1630 778 qnia

292 792 382 853 datur
405 810 491 852 arcus
513 789 583 865 ΑΚ,
615 789 704 851 datnr
727 796 759 850 et
787 789 870 851 sinus
895 789 960 853 KL.
1006 791 1049 853 Ut
1071 807 1141 850 vero
1165 788 1221 848 KL
1249 787 1288 849 ad
1310 787 1369 850 ΕΗ
1396 789 1493 865 sinum
1511 795 1627 863 totum,

293 880 337 941 sic
359 880 448 942 ΗΚΝ
480 897 550 939 area
578 879 616 939 ad
639 878 726 942 ΗΕΝ
757 899 873 953 aream,
905 887 940 940 nt
968 880 1206 940 demonstratum
1228 895 1291 957 cap.
1314 877 1382 938 XL.
1431 875 1505 939 Cum
1536 878 1629 956 igitur

293 970 379 1031 detur
394 969 452 1030 HN
476 968 697 1043 eccentricitas,
723 968 873 1029 dimidium
898 969 960 1048 ejus
985 969 1013 1030 ln
1027 968 1083 1031 HE
1107 968 1226 1028 ductum
1248 966 1398 1028 describet
1416 985 1516 1028 aream
1530 966 1627 1041 ΗΕΝ,

292 1058 375 1138 cnjus
407 1059 492 1118 valor
515 1058 607 1118 semel
640 1057 745 1119 statim
769 1057 853 1119 initio
876 1057 1053 1139 inquiritur,
1082 1065 1117 1119 ut
1138 1055 1267 1128 sciatur,
1295 1056 1321 1116 si
1345 1063 1410 1117 tota
1434 1075 1505 1118 area
1527 1055 1628 1117 circuli

290 1149 393 1208 valeat
415 1156 532 1225 tempus
556 1143 646 1223 360⁰,
670 1147 739 1227 quid
764 1147 836 1208 haec
864 1148 967 1209 valeat
995 1148 1106 1209 areola.
1153 1145 1254 1206 Semel
1281 1145 1384 1224 itaque
1414 1145 1533 1224 cognita
1556 1165 1627 1206 area

289 1235 385 1310 HEN,
409 1235 582 1297 facillimum
598 1247 645 1297 est
667 1236 813 1316 inquirere
836 1255 890 1316 per
913 1236 1046 1316 regulam
1069 1233 1295 1318 proportionum
1316 1253 1417 1296 aream
1440 1233 1538 1296 HKN.
1584 1233 1628 1296 Ut

289 1325 367 1385 enim
390 1326 447 1387 ΕΗ
470 1325 508 1386 ad
527 1325 593 1397 KL,
618 1325 662 1386 sic
680 1325 767 1386 NEH
790 1326 829 1385 ad
843 1325 934 1388 NKH
956 1345 1066 1399 aream,
1091 1324 1155 1386 sive
1179 1323 1243 1402 ejus
1266 1323 1399 1387 valorem
1421 1323 1451 1384 in
1475 1321 1625 1402 gradibus,

187 1469 191 1476 .
288 1413 409 1474 minutis
433 1423 464 1474 et
486 1415 644 1488 secundis;
669 1433 743 1494 qnae
767 1415 871 1475 addita
895 1415 932 1475 ad
956 1415 1087 1476 valorem
1111 1410 1201 1474 ΚΗΛ
1224 1411 1410 1476 constituunt
1428 1411 1519 1476 KNA
1541 1417 1626 1474 men-

288 1521 388 1564 suram
419 1502 580 1582 temporis,
613 1503 691 1582 quod
720 1504 843 1582 planeta
875 1504 993 1564 coniicit
1020 1504 1051 1565 in
1073 1503 1145 1566 AM.
1163 1496 1222 1573 ¹⁰⁰)
1260 1501 1351 1563 ‘Haeo
1379 1499 1470 1581 igitur
1498 1510 1546 1563 eet
1567 1521 1627 1564 nna

287 1610 356 1671 pars
385 1593 587 1672 aequatione,
620 1595 707 1672 qnam
735 1592 801 1653 dico
825 1594 873 1666 (a)
903 1592 1070 1674 physicam,
1104 1611 1145 1654 sc.
1175 1609 1246 1652 area
1260 1591 1365 1660 ,ΑΚΝ
1376 1610 1385 1665 ;
1418 1589 1475 1652 etsi
1506 1592 1625 1654 tabulas

287 1681 332 1742 sic
355 1682 485 1751 adorno,
516 1689 549 1742 nt
575 1682 762 1761 aequationis
793 1680 941 1742 mentione
966 1682 1088 1742 nonsit
1115 1698 1206 1759 opus,
1241 1696 1295 1741 nec
1318 1687 1460 1760 separata
1489 1682 1626 1744 columna

286 1770 338 1844 sit,
362 1789 437 1852 qnae
460 1780 577 1850 partem
596 1770 788 1850 aequationis
812 1772 860 1843 (b)
887 1769 1054 1849 opticam,
1079 1770 1196 1842 idest,
1222 1768 1360 1846 angulum
1382 1769 1472 1832 NKH
1495 1771 1625 1832 exhibet.

284 1859 362 1920 Mihi
383 1860 480 1938 magis
505 1860 667 1920 familiares
692 1867 777 1919 erunt
804 1859 922 1920 termini
948 1859 1113 1920 anomaliae
1136 1857 1266 1929 mediae,
1295 1857 1461 1920 anomaliae
1484 1859 1626 1934 eccentri,

286 1947 453 2009 anomaliae
478 1956 669 2027 coaequatae.
708 1951 755 2020 (c)
777 1948 975 2010 Anonralia
998 1948 1114 2008 media
1137 1954 1185 2008 est
1207 1955 1326 2025 tempus
1347 1947 1507 2009 artificiose
1530 1951 1625 2012 deno-

284 2039 427 2099 minatum
458 2037 578 2118 ejusque
609 2055 746 2098 mensura
769 2057 840 2098 area
861 2037 960 2099 ΑΚΝ.
1008 2038 1056 2110 (0)
1080 2035 1274 2098 Anomalia
1304 2037 1467 2097 eccentri
1497 2046 1544 2100 est
1567 2037 1626 2098 iter

283 2127 425 2206 planetae
448 2126 486 2186 ab
509 2144 660 2204 apogaeo,
689 2144 775 2189 arcus
799 2145 840 2188 sc.
863 2124 927 2188 AM
952 2125 1108 2205 ellipseos‚
1138 2125 1259 2204 ejrrsque
1283 2125 1508 2201 denominator,
1537 2145 1625 2187 arans

284 2215 353 2278 ΑΚ.
399 2217 446 2288 (e)
468 2214 672 2276 Anomalia
702 2226 904 2295 coaequata
940 2224 988 2276 est
1019 2215 1195 2294 apparentia
1222 2229 1309 2276 arens
1332 2213 1392 2274 ΑΚ
1415 2218 1502 2294 quasi
1524 2215 1624 2291 err-N,

286 2304 401 2366 scilicet
423 2305 550 2382 angulus
575 2303 663 2365 ANK
685 2309 720 2373 (v.
739 2327 759 2360 s.
778 2327 836 2377 pag.
856 2311 929 2373 122).

371 2392 469 2471 Igitur
499 2393 625 2470 angulus
657 2392 825 2453 anomaliae
856 2399 1040 2472 coaequatae
1070 2391 1114 2451 sic
1145 2390 1281 2451 habetur.
1328 2395 1418 2457 Dato
1448 2413 1528 2458 arata
1550 2396 1619 2468 ΑΚ,

286 2482 383 2544 datar
404 2483 494 2544 aaa
517 2479 726 2564 complementi
748 2481 812 2541 LH.
863 2481 906 2547 Ut
928 2487 1030 2545 aulem
1056 2487 1137 2542 totae
1159 2478 1203 2540 ad
1225 2479 1296 2550 LH,
1319 2486 1366 2546 aio
1387 2491 1453 2547 tota
1475 2489 1625 2550 rocamad-

286 2572 365 2633 citaa
388 2570 432 2632 ad
447 2571 626 2652 portionem
647 2570 828 2632 addmdam
849 2569 894 2632 ad
919 2565 1046 2631 100000
1071 2567 1135 2650 (oei
1157 2570 1244 2649 infra
1268 2563 1620 2654 doloremmeum),

284 2667 320 2723 ul
341 2659 494 2722 habeatur
514 2661 651 2740 penua'aa
673 2659 828 2720 distantia
850 2657 969 2721 Martie
991 2678 1012 2719 a
1035 2656 1118 2724 Sole,
1142 2659 1260 2721 scilicet
1281 2659 1353 2724 NM.
1399 2663 1442 2724 Ia
1463 2664 1622 2745 adaequa

284 2750 384 2830 iqitur
406 2748 495 2809 ΜΒΝ
518 2747 652 2829 utpotae
674 2748 719 2810 ad
740 2747 766 2808 L
788 2755 892 2810 rectae
914 2754 973 2822 eal,
997 2754 1026 2809 et
1047 2748 1111 2811 MN
1133 2747 1225 2821 dara,
1257 2755 1286 2811 rt
1316 2751 1372 2813 LN
1394 2772 1512 2833 paupere
1534 2753 1620 2818 data

288 2838 492 2919 Gorapoaitnr
520 2840 605 2899 enirn
633 2857 673 2899 aa
688 2838 756 2898 'LH
781 2837 855 2899 eina
887 2835 1101 2917 complementa
1126 2837 1185 2900 Al(
1216 2838 1387 2902 dictamine
1415 2844 1454 2904 ab
1482 2862 1621 2925 *apopaeo

276 2918 339 2988 'eea
361 2925 540 2989 anomaliae
569 2927 716 2999 aroenae,
740 2934 770 2989 et
791 2946 832 2987 ea
851 2927 910 2987 HN
935 2928 1168 2989 eaecitatem.
1213 2927 1311 3008 Iasra
1334 2926 1394 2993 90ο
1417 2950 1476 3012 pro
1499 2952 1623 2997 camma

283 3013 350 3090 LH,
373 3016 431 3077 HN
454 3016 609 3077 sumenda
631 3023 677 3078 eat
697 3036 808 3078 aarum
834 3014 1026 3096 daffearrutia,
1056 3023 1085 3077 et
1112 3035 1172 3097 pro
1196 3016 1415 3101 complemento
1444 3020 1625 3084 amantiae

284 3105 431 3178 eccentri,
470 3123 614 3165 eaceaeaa
649 3105 724 3190 ejas.
774 3104 849 3165 Noa
885 3103 993 3166 latebit
1021 3099 1120 3185 ipitnr
1155 3102 1289 3187 aupalea
1318 3108 1408 3171 LNM
1444 3110 1625 3174 anomaliae

285 3199 482 3276 coaequatae.
498 3187 576 3265 ¹⁰¹)·
601 3193 659 3254 Hic
682 3194 770 3254 facile
801 3192 898 3272 quivis
931 3190 1061 3271 colligit,
1097 3193 1165 3272 quid
1189 3192 1218 3253 in
1243 3196 1337 3257 altero
1370 3197 1554 3261 semicirculo
1583 3200 1625 3262 sit

283 3282 466 3344 mutandum.
511 3279 677 3351 Vicissim,
713 3282 786 3367 data
817 3282 1039 3343 eccentricitate
1072 3288 1103 3341 et
1132 3290 1310 3363 coaequata,
1350 3284 1436 3347 datur
1474 3289 1623 3355 anomalia

285 3370 433 3432 eccentri:
459 3372 548 3450 paulo
573 3370 690 3450 quidem
714 3369 899 3443 laboriosius,
925 3370 988 3430 sive
1013 3369 1245 3432 demonstrative
1266 3376 1462 3453 procedamus
1485 3378 1547 3439 sive
1570 3398 1623 3458 per

284 3459 429 3539 analysin.
477 3460 722 3521 Demonstrative
744 3459 803 3519 hac
825 3458 965 3519 methodo
989 3457 1164 3536 investigari
1187 3468 1299 3539 potest,
1323 3464 1440 3526 scilicet
1460 3484 1514 3545 per
1537 3484 1622 3527 men-

284 3568 383 3611 suram
407 3548 517 3626 anguli,
541 3567 599 3629 qno
614 3548 722 3627 angulo
744 3547 818 3618 KM,
842 3545 995 3624 ingressus
1018 3546 1158 3627 planetae
1183 3569 1201 3608 a
1223 3548 1251 3609 K
1275 3552 1406 3631 quolibet
1428 3563 1536 3633 puncto
1560 3556 1621 3617 oir-

284 3635 353 3709 c'uli,
376 3637 461 3719 qnasi
486 3656 524 3697 ex
547 3644 647 3697 centro
670 3636 752 3697 Solis
774 3637 803 3697 N
832 3643 996 3713 spectatur.
1043 3634 1173 3697 Constat
1195 3656 1232 3698 ea
1259 3641 1418 3704 methodus
1446 3662 1484 3704 ex
1506 3644 1622 3726 aliquot

284 3725 582 3806 protheorematibus.
1249 3748 1265 3803 '.

374 3815 399 3876 Ι.
445 3814 588 3877 Lineolae
618 3813 771 3893 ingressus
800 3812 941 3891 planetae
970 3814 1007 3873 ad
1040 3813 1215 3895 diametrum
1248 3816 1383 3895 apsidum
1425 3830 1562 3885 crescunt
1593 3821 1622 3883 in

286 3903 477 3984 proportione
502 3903 617 3964 sinuum
639 3901 803 3962 anomaliae
826 3902 968 3963 eccentri.

381 3993 420 4055 Ut
442 3994 525 4053 euim
546 3991 603 4052 ΕΗ
625 3990 669 4052 ad
691 3989 757 4063 KL,
780 3992 827 4054 eie
848 3990 902 4051 ΕΒ
926 3989 970 4054 ad
992 3989 1064 4052 KM.
1111 3992 1283 4074 Receptam
1310 4005 1354 4059 eet
1381 4016 1448 4081 cap.
1471 4000 1570 4063 LIX·
1595 4005 1625 4061 a

289 4080 533 4141 dentonelratam
554 4081 590 4142 ia
614 4079 748 4141 Ooaicia.
1285 4110 1291 4123 ·

379 4168 419 4230 Η.
467 4167 617 4231 Connexis
647 4167 780 4229 terminis
811 4164 939 4227 lineolae
969 4166 1054 4229 unius
1087 4185 1153 4230 cnm
1189 4178 1307 4245 centro,
1337 4180 1369 4235 et
1396 4174 1511 4255 posito,
1545 4176 1622 4257 qnod

292 4256 403 4317 lineola
424 4268 547 4319 maneat
568 4259 671 4319 eadem
687 4257 854 4336 quantitate
877 4256 956 4334 apud
979 4257 1077 4319 omnia
1089 4268 1201 4335 puncta
1219 4262 1357 4337 eccentri‚
1380 4271 1508 4344 tangens
1523 4266 1624 4345 anguli

293 4346 332 4407 ad
362 4356 495 4407 centrum
524 4346 672 4409 decrescit
703 4346 764 4405 lere
793 4346 824 4406 in
854 4347 1043 4423 proportione
1076 4346 1189 4411 sinuum
1221 4352 1427 4430 complementi
1457 4354 1622 4416 anomaliae

293 4435 431 4496 eccentri.

231 4512 238 4532 '
381 4522 433 4586 aa
455 4528 520 4597 (rig.
540 4528 603 4593 lto)
625 4523 680 4584 DF
701 4519 820 4585 lineola
838 4539 919 4601 pare
932 4520 993 4583 DV
1014 4524 1103 4586 duaa
1123 4528 1202 4589 reoli
1215 4528 1393 4594 areomale'ae
1410 4538 1542 4598 eareat-l
1555 4536 1622 4599 AD.

295 4611 526 4677 damaratum-
548 4613 672 4676 temim'
694 4610 771 4685 D,F
794 4628 863 4671 cum
875 4610 915 4684 H,
940 4612 1266 4699 annotationem,
1289 4626 1319 4681 el
1341 4628 1448 4705 tangat
1467 4632 1554 4688 reela
1567 4625 1624 4686 ED

232 4754 237 4764 .
293 4702 445 4766 aradam
465 4704 501 4764 in
522 4703 561 4775 D,
583 4722 692 4765 aecana
712 4700 767 4762 HF
788 4700 825 4761 ia
845 4698 882 4761 E.
931 4698 1011 4765 Oam
1037 4722 1108 4783 erpo
1131 4702 1220 4766 DVH
1241 4708 1283 4768 eit
1309 4718 1422 4788 maus,
1451 4716 1512 4777 aar
1533 4714 1623 4777 VDH

206 4868 210 4871 ῃ
293 4790 545 4874 complementum
573 4792 675 4871 ipsias
691 4786 786 4850 vul>
813 4786 991 4853 arronealiae
1020 4794 1153 4856 receati-i
1180 4794 1225 4855 aa
1252 4807 1376 4860 reorum.
1422 4802 1470 4865 Aa
1499 4824 1569 4867 mm
1595 4810 1625 4866 et

292 4878 379 4941 ΕΒΗ
400 4883 442 4943 eit
462 4887 573 4950 reatae,
596 4882 656 4941 erit
672 4877 758 4939 HED
779 4877 882 4938 aanor
903 4898 997 4959 want
1017 4888 1119 4943 rectus
1141 4888 1313 4963 quantitate
1327 4886 1423 4963 EHD,
1446 4911 1527 4973 qnae
1542 4910 1624 4975 pene

291 4966 412 5031 aeriam
442 4975 488 5032 eet
513 4969 672 5040 maenti,
705 4985 774 5030 oum
800 4965 855 5026 ubi
882 4967 1023 5029 maxima
1049 4988 1112 5033 aua
1139 4979 1262 5053 raperet
1288 4972 1328 5038 δ’.
1373 4978 1423 5040 Aa
1450 4980 1558 5043 eadem
1584 4982 1623 5047 de
1697 4991 1701 5003 ’
