3517 5525
572 390 634 446 Para
652 393 744 448 Tertia.
781 394 861 464 Gapnt
878 395 969 452 XXIV.

190 561 274 629 Solis
301 565 402 630 medio
427 569 493 633 loco
520 571 550 636 in
573 568 635 636 22⁰
657 571 762 649 59‘34
808 580 861 638 ud
888 573 998 642 66774

577 662 627 726 10.
681 661 701 728 6
732 681 779 725 x
806 686 851 744 αη
888 660 997 731 67467

574 749 627 812 27.
662 749 701 815 13
733 761 763 826 ‚A
806 775 845 816 us
888 750 997 819 67794

579 836 628 904 14.
660 840 703 905 20
734 853 769 921 ιιι
808 839 847 916 αζ
872 840 1007 920 ,67476

95 921 154 984 Est
177 940 251 1002 ergo
274 922 450 1001 longissima
472 947 526 1000 us,
563 947 638 1010 quae
662 937 694 992 et
720 932 856 1012 proxima
882 933 1023 1014 perigaeo
1047 929 1147 1007 Solis;
1181 931 1357 996 breuissima
1380 939 1441 1009 αθ,

97 1029 172 1092 qnae
198 1012 290 1074 etiam
312 1013 515 1076 remotissima
538 1037 556 1077 a
578 1019 719 1100 perigaeo
743 1019 841 1096 Solis3
865 1031 897 1086 et
920 1022 982 1085 lere
1006 1021 1146 1102 aequales
1170 1017 1215 1096 αζ
1233 1029 1264 1084 ει
1286 1045 1345 1100 oq,
1371 1024 1441 1106 quia

99 1101 192 1162 etiam
214 1119 291 1180 pene
314 1102 481 1182 aequaliter
504 1103 614 1170 absunt
636 1129 656 1170 a
677 1109 826 1190 perigaeo.
1373 1135 1377 1141 ·

183 1189 255 1252 Etsi
277 1209 349 1255 vero
372 1187 416 1263 αζ
436 1192 554 1273 longior
575 1203 624 1259 est
645 1199 735 1279 paulo
765 1219 853 1281 quarn
885 1223 939 1278 op,
968 1217 1043 1281 quae
1064 1197 1185 1280 propior
1213 1199 1375 1280 perigaeo:
1410 1201 1442 1263 id

94 1287 197 1342 lemen
223 1279 353 1341 exilitati
376 1280 551 1360 angulorum
573 1285 604 1350 in
622 1283 643 1360 ζ
660 1289 848 1352 tribuendum
871 1297 930 1366 εει,
954 1308 1008 1369 per
1022 1308 1110 1370 quam
1133 1285 1221 1350 facile
1240 1296 1303 1352 tam
1316 1310 1442 1370 parvum

10 1401 14 1410 .
95 1367 210 1451 aliquid
236 1375 388 1448 peccatur.
435 1370 535 1452 Ergo
564 1375 727 1440 circulus
751 1385 805 1459 dy,
830 1381 879 1460 qui
909 1377 1077 1458 descriptus
1100 1383 1149 1440 est
1171 1398 1190 1438 a
1213 1375 1380 1458 Copernico
1405 1399 1443 1442 ex

93 1481 113 1520 e
133 1463 248 1538 puncto
272 1459 466 1538 aequalitatis
488 1469 587 1525 motus
612 1465 739 1544 Terrae,
762 1488 829 1531 non
854 1476 914 1532 est
939 1469 1010 1530 iter
1033 1470 1190 1530 Terrae:
1214 1467 1270 1529 sed
1293 1476 1340 1530 est
1363 1469 1441 1532 alius

93 1545 243 1629 quispiam
275 1547 402 1610 cirenlus
433 1546 537 1628 θηεζ,
565 1552 677 1636 inquo
704 1558 798 1620 Terra
829 1564 988 1631 versatum
1019 1557 1103 1638 eujus
1133 1561 1268 1620 centrum
1291 1557 1389 1639 vergit
1410 1559 1440 1620 in

94 1636 216 1699 easdem
239 1643 353 1717 partes,
378 1637 537 1719 inquibus
562 1640 616 1707 Sol
640 1653 698 1720 εει,
722 1647 839 1710 scilieet
861 1648 892 1709 in
914 1649 942 1725 β.

180 1726 216 1787 In
241 1725 337 1789 forma
359 1727 591 1794 Ptolemaica
612 1735 654 1798 sit
677 1736 779 1800 Tellus
801 1738 832 1800 in
848 1737 887 1814 A,
911 1735 994 1801 Solis
1016 1735 1148 1817 sphaera
1169 1729 1293 1812 nonu,
1314 1738 1345 1799 K
1366 1755 1439 1800 oen-

92 1821 171 1878 tmm
184 1814 312 1897 epieycli
333 1818 514 1898 putativum,
538 1818 568 1881 id
984 1823 988 1834 '

91 1923 207 1986 nempe,
228 1905 402 1988 circaquod
416 1905 566 1989 epicyclus
942 1897 996 1964 rig.
1017 1891 1059 1944 ⁷⁷·

90 1995 155 2076 ipse
177 1993 334 2075 putativus
350 1996 409 2072 ΛΓ,
431 1997 566 2078 aequalis

91 2084 227 2146 theoriae
265 2083 347 2146 Solis
388 2085 482 2166 (quod
526 2088 567 2148 ad
699 2145 704 2160 ,

91 2172 290 2240 omnimodam
302 2173 567 2254 aequipollentiam
638 2212 643 2225 ·

89 2264 168 2326 inter
197 2261 381 2345 hypotheses
406 2263 564 2344 Oopernici

89 2362 120 2414 et
140 2351 255 2414 Brabei
282 2359 331 2415 est
361 2355 564 2417 necessarium

90 2443 185 2517 lactu,
220 2441 280 2502 etsi
306 2442 345 2504 ad
373 2451 562 2524 praesentem

90 2531 374 2594 demonstrationem
382 2531 564 2605 nihilrelert,

89 2620 119 2682 in
156 2639 331 2702 quacunque
373 2622 564 2701 proportione

89 2709 151 2773 siut
169 2709 253 2772 orbis
269 2705 350 2773 Solis
366 2717 397 2773 et
415 2710 565 2795 epioyolus

89 2800 413 2882 planetae;dummodo
422 2802 565 2882 aequales

91 2890 225 2953 babeant
239 2890 474 2966 restitutiones).
499 2890 566 2953 Sit-

91 2997 144 3061 que
152 2980 212 3044 AA
219 2976 563 3060 lineaapsidumMartis.

91 3070 160 3133 Sint
183 3069 254 3143 AK,
277 3069 344 3144 AA,
377 3068 517 3151 paralleli
547 3066 695 3148 prioribus
719 3090 770 3143 nn,
794 3069 837 3131 oi
865 3072 932 3143 (lig.
950 3073 997 3140 76)
1027 3068 1058 3133 iu
1090 3068 1299 3150 Copemieaua
1330 3068 1436 3133 forma.

89 3158 267 3221 Educentur
288 3176 327 3221 ex
349 3160 380 3221 A
403 3166 505 3221 centro
529 3160 641 3221 Terrae
676 3157 774 3219 lineae
798 3156 866 3233 Ae,
883 3158 955 3233 All,
969 3160 1036 3233 ΑΕ,
1052 3159 1109 3221 AZ
1130 3157 1269 3239 paralleli
1290 3158 1437 3239 prioribus

91 3250 151 3318 αθ,
175 3268 229 3325 aq,
253 3270 302 3325 aa,
326 3244 371 3321 αζ
392 3254 423 3309 ει
449 3248 610 3328 aequales;
639 3252 674 3307 ut
696 3246 737 3309 sit
759 3247 844 3309 Mars
877 3265 956 3309 auno
987 3244 1136 3312 tostin
1160 3248 1198 3322 Θ,
1225 3244 1318 3311 1592.
1341 3246 1371 3309 in
1394 3250 1434 3323 Η,

94 3333 188 3403 1593.
202 3338 232 3398 in
249 3339 286 3411 Ε,
312 3334 406 3404 1595.
430 3337 462 3400 in
476 3340 520 3400 Z:
547 3343 579 3397 et
594 3336 682 3397 simul
705 3334 820 3399 medius
840 3335 922 3401 Solis
944 3344 1043 3399 motus
1065 3336 1104 3399 iis
1126 3336 1309 3416 temporibus
1332 3337 1436 3399 ordine

92 3428 131 3488 sit
153 3428 222 3502 AT,
246 3427 302 3501 Al,
326 3428 396 3502 AO,
420 3422 487 3497 ΑΞ,
512 3435 546 3488 ut
567 3425 629 3487 sint
652 3426 710 3489 ΚΘ
734 3432 766 3487 ει
788 3426 850 3489 AT
866 3425 1020 3507 paralleli,
1044 3433 1077 3488 et
1099 3425 1145 3488 sic
1166 3425 1318 3505 reliquae,
1347 3434 1436 3507 prout

91 3524 194 3579 uotum
216 3523 266 3578 εει
289 3516 325 3577 de
348 3516 534 3580 Ptolemaiou
561 3514 732 3597 hypothesi.
779 3512 931 3579 Counesis
958 3516 1050 3597 igitur
1073 3518 1112 3591 θ,
1135 3518 1174 3591 Η,
1198 3517 1234 3587 Ε,
1258 3519 1284 3577 Ζ
1306 3531 1372 3578 cum
1394 3518 1432 3592 K,

94 3604 349 3668 demonstrabitur
372 3606 420 3679 (nt
433 3606 531 3685 prius)
554 3605 661 3667 iisdem
684 3604 772 3685 plane
795 3604 936 3681 numeris,
960 3605 1048 3668 lineis
1065 3612 1098 3667 et
1120 3603 1246 3685 angulis,
1268 3604 1324 3667 has
1339 3606 1434 3667 lineas
1478 3602 1484 3619 ‘

93 3703 215 3776 praeter
239 3694 407 3775 opinionem
431 3714 498 3757 esse
522 3693 705 3773 inaequales,
729 3712 765 3756 ac
788 3703 948 3775 propterea
969 3696 1099 3758 Martem
1121 3713 1180 3757 non
1202 3693 1232 3755 in
1255 3692 1364 3757 circulo
1383 3696 1435 3758 ΓΔ

92 3785 218 3859 uersari,
243 3784 328 3865 cujus
352 3784 393 3847 sit
415 3792 551 3847 centrum
574 3782 603 3844 in
627 3786 660 3846 K
678 3791 788 3865 puncto
821 3784 1014 3865 aequalitatis
1036 3792 1148 3858 motus,
1181 3783 1235 3845 sed
1257 3782 1287 3845 iu
1309 3786 1447 3848 ΖΕΗΘ.

95 3874 225 3948 circulo,
258 3872 343 3953 cujus
376 3881 510 3936 centmm
534 3893 552 3933 a
575 3876 608 3936 K
626 3890 731 3935 versus
754 3876 783 3935 B
804 3881 927 3953 vergat,
958 3873 1171 3953 propemodum
1202 3872 1232 3933 in
1263 3871 1343 3934 linea
1365 3876 1432 3950 KB,

93 3980 167 4044 quae
191 3962 234 4024 sit
256 3964 416 4043 parallelos
439 3962 537 4027 lineae
560 3980 598 4024 ex
620 3963 652 4026 A
665 3963 758 4025 Terra
780 3980 834 4041 per
853 3962 1027 4043 perigaeum
1045 3961 1127 4025 Solis
1150 3962 1268 4023 ductae.

180 4052 291 4131 Vergit
313 4052 405 4133 igitur
419 4070 592 4137 *apogaeum
616 4051 740 4134 epieycli
762 4051 793 4113 in
815 4052 989 4132 perigaeum
1001 4051 1093 4115 Solis.
1130 4050 1172 4113 Et
1190 4049 1259 4131 quia
1281 4049 1432 4134 epicyolus

92 4148 218 4223 propter
241 4141 441 4205 omnimodam
464 4139 741 4223 aequipollentiam,
763 4147 798 4203 ut
816 4141 882 4221 jam
904 4141 1030 4218 dictum,
1052 4140 1206 4224 ponendus
1230 4146 1277 4200 est
1298 4142 1432 4220 aequalis

93 4229 229 4294 circuitui
253 4228 344 4307 Solis,
369 4239 400 4293 et
424 4232 481 4295 ZK
501 4230 665 4312 parallelos
688 4230 745 4310 ipsi
770 4225 835 4299 ΞΑ,
859 4237 892 4291 ει
914 4232 975 4292 ΕΚ
993 4230 1051 4311 ipsi
1076 4230 1134 4299 OA,
1158 4236 1190 4289 ει
1213 4230 1275 4291 HK
1293 4228 1351 4309 ipsi
1374 4232 1430 4306 lA,

93 4328 124 4384 ει
147 4322 208 4386 ΘΚ
235 4318 294 4400 ipsi
318 4320 393 4385 TA:
427 4320 521 4401 igitur
552 4318 643 4382 etiam
674 4320 757 4399 ipsas
782 4314 854 4395 ΞΑ,
881 4320 956 4395 OA,
981 4320 1046 4395 lA,
1072 4316 1128 4381 TA
1156 4316 1331 4399 inaequales
1362 4340 1431 4383 esse

92 4409 254 4474 verisimile
287 4416 349 4487 est,
383 4418 413 4472 et
445 4416 585 4491 punctum
615 4408 704 4471 medii
738 4408 794 4471 loci
826 4404 908 4471 Solis
940 4409 1116 4483 (Braheaua
1146 4405 1266 4469 notione
1297 4415 1430 4472 centrum

93 4498 219 4584 epicyoli
251 4497 347 4575 Solis)
377 4518 430 4579 per
462 4497 617 4561 circuitum
646 4520 665 4559 a
693 4506 803 4580 puncto
841 4498 1035 4579 aequalitatis
1069 4497 1182 4558 distare
1219 4496 1426 4579 inaequaliter.

75 4588 181 4661 ‘Quod
205 4586 302 4649 obiter
323 4588 481 4668 interjecit
512 4587 585 4650 nihil
608 4609 636 4653 n.
659 4588 734 4651 lauit
755 4587 795 4648 ad
816 4596 1008 4668 praesentem
1036 4584 1340 4663 demonstrationem,
1369 4586 1427 4649 nisi

91 4679 168 4760 quod
192 4696 260 4741 eam
284 4678 419 4740 extendit
441 4677 579 4759 amplius.
1192 4722 1198 4735 .

177 4770 213 4831 In
236 4766 334 4829 forma
355 4767 578 4850 Tychouica
600 4764 691 4829 sitA
715 4770 781 4841 (rig.
809 4770 854 4836 78)
876 4766 981 4842 Terra,
1003 4772 1036 4827 et
1056 4782 1094 4827 ex
1117 4781 1154 4825 ea
1175 4764 1322 4827 scribatur
1344 4764 1427 4828 Solis

90 4856 298 4921 eonoentrinus
314 4855 379 4933 OD,
402 4856 452 4939 qui
474 4864 596 4938 putetur
619 4874 686 4918 esse
709 4856 848 4919 deserens
871 4863 1004 4938 systema
1023 4854 1222 4936 planetarum,
1245 4873 1312 4915 cum
1334 4855 1376 4915 sit
1395 4858 1427 4921 A

87 4954 231 5031 punctum
254 4944 446 5031 aequalitatis
468 4954 565 5010 motus
590 4945 769 5012 concentrici
791 4946 884 5013 Solis.
928 4946 998 5011 uria
1019 4944 1119 5029 itaque
1141 4943 1196 5009 Sol
1219 4942 1283 5025 ipsa
1311 4943 1344 5008 iu
1365 4947 1426 5013 alio

1160 5058 1217 5115 18*
