3517 5525
683 458 845 521 umarus
1398 407 1449 533 21¹

80 644 142 707 soil
169 644 256 709 linea
279 664 318 709 ex
341 646 367 709 Β
389 664 517 727 corpore
540 644 623 709 Solis
645 665 699 727 per
723 646 748 711 0
772 652 909 709 centrum
932 644 1091 727 sequentis
1109 644 1287 729 antiquum,
1310 643 1359 711 rel
1381 664 1441 709 nou

79 735 210 800 multum
231 742 392 799 mutatum.
440 738 485 799 At
507 736 533 797 si
555 736 613 797 boc
643 737 715 811 fiat,
747 743 820 799 tuuc
842 736 944 817 utique
977 743 1113 808 centrum
1143 735 1211 797 viae
1240 735 1441 816 planetariae,

81 842 169 905 quam
205 826 333 905 planeta
354 826 420 905 ipse
444 844 498 887 suo
529 843 654 906 corpore
688 824 838 900 decurrit,
869 844 929 887 nou
958 824 1072 905 poterit
1102 824 1233 906 amplius
1256 844 1324 889 esse
1347 826 1379 889 in
1400 827 1441 901 D,

81 921 194 995 puncto
220 914 319 977 lineae
342 913 400 978 Ac
424 932 589 995 apogaeae,
613 914 668 975 sed
691 914 780 981 cadet
802 914 976 977 necessario
999 914 1031 975 iu
1044 915 1080 989 F,
1103 922 1246 995 punctum
1268 913 1367 978 lineae
1388 913 1458 977 CB·

81 1003 231 1083 apbeliae.
278 1004 347 1076 Quo
369 1010 461 1083 pacto
484 1004 565 1069 orbis
588 1004 698 1065 Martis
722 1004 761 1065 ad
791 1003 930 1065 dextram
961 1004 1029 1065 loco
1059 1023 1114 1065 suo
1144 1002 1321 1066 movebitur.
1372 1002 1443 1066 Etsi

83 1093 173 1172 igitur
199 1101 331 1175 utroque
350 1092 450 1168 modo,
473 1093 522 1153 vel
542 1091 568 1154 si
582 1093 620 1165 D,
646 1091 694 1154 vel
719 1092 744 1153 si
758 1094 784 1155 F
800 1091 841 1153 sit
859 1099 995 1155 centrum
1018 1084 1193 1169 ecceutrici,
1211 1111 1329 1174 semper
1352 1093 1444 1155 iidem

83 1181 185 1261 auguli
221 1182 399 1265 aequalibus
431 1181 616 1263 temporibus
645 1180 734 1245 auc
767 1182 1007 1245 constituentur:
1041 1188 1143 1245 tamen
1174 1201 1241 1245 cnm
1271 1190 1298 1255 d
1326 1189 1445 1245 tuntum

83 1270 199 1333 duobus
223 1271 302 1334 locis
327 1270 409 1333 eirca
429 1272 459 1335 D
483 1277 515 1332 et
544 1268 626 1332 circa
648 1270 674 1333 F
704 1290 844 1345 currens,
877 1271 1047 1355 aequaliter
1078 1280 1204 1353 utroque
1233 1272 1322 1334 modo
1352 1272 1391 1334 eb
1413 1272 1445 1333 A

84 1360 125 1421 rel
147 1362 177 1423 B
204 1368 418 1435 removeatur,
442 1358 553 1423 ceteris
575 1378 647 1421 vero
672 1359 746 1423 locis
771 1358 928 1437 omuibus,
958 1361 1037 1423 alias
1059 1379 1113 1443 per
1134 1362 1164 1425 D
1187 1370 1341 1436 centrum,
1365 1360 1444 1423 alias

81 1468 129 1529 per
152 1450 181 1511 F
206 1450 375 1513 distantias
397 1449 501 1523 faciat,
524 1447 594 1509 hinc
617 1449 712 1511 oritur
736 1448 837 1531 aliqua
859 1450 1038 1531 parallaxie.
1078 1450 1158 1513 Nam
1181 1450 1262 1516 linea
1283 1452 1339 1515 DF
1360 1450 1444 1513 cadit

15 1616 16 1621 ἵ
82 1540 159 1601 eirca
185 1534 227 1601 2⁰
253 1553 297 1613 ee,
321 1538 421 1620 ibique
445 1545 477 1599 et
499 1538 530 1599 iu
553 1538 620 1599 loco
644 1537 782 1619 opposito
807 1540 943 1603 ostendit
968 1539 1132 1606 maximam
1158 1538 1336 1603 distantiam
1358 1538 1442 1601 orbi-

15 1628 16 1709 Ϊ
82 1638 179 1689 tarum
196 1628 323 1691 Martis.
360 1628 423 1691 Sed
446 1628 473 1689 si
496 1626 535 1687 ad
558 1634 715 1709 utrumque
739 1628 837 1691 locum
861 1636 898 1703 ό,
921 1636 953 1692 et
974 1628 1005 1691 iu
1028 1649 1089 1691 una
1115 1629 1199 1691 etin
1221 1629 1321 1691 altera
1344 1628 1444 1691 orbita

15 1720 16 1757 ³
82 1717 258 1791 existentis,
283 1718 364 1779 linea
386 1736 425 1779 ex
446 1718 477 1779 A
501 1716 637 1791 ducatur,
661 1736 714 1777 eae
740 1716 816 1779 duee
839 1717 939 1781 lineae
961 1718 1094 1781 nondum
1115 1718 1277 1781 maximum
1300 1718 1444 1797 angulum

81 1806 204 1881 facient,
229 1807 304 1888 quia
326 1806 368 1867 ibi
391 1804 587 1887 aequatioues
610 1825 669 1867 non
690 1814 760 1867 suut
782 1807 942 1871 maximae.
980 1808 1016 1869 In
1037 1807 1226 1887 longitudino
1248 1805 1443 1871 reremedio

15 1888 16 1951 l
81 1896 125 1957 rel
146 1914 270 1977 prope,
302 1912 369 1959 cum
392 1896 434 1958 sit
457 1893 554 1955 adhuc
576 1912 688 1974 magne
711 1894 876 1959 orbitarum
900 1903 926 1966 d
948 1896 1111 1971 distantia,
1133 1898 1169 1959 tit
1190 1897 1319 1976 angulus
1341 1896 1442 1959 dictus

81 1984 220 2047 variatae
244 1984 436 2066 aequationis
459 1983 594 2045 ecceutriu
618 1983 738 2047 circiter
762 1983 803 2047 5⁴.
850 1986 886 2051 In
909 1985 1060 2065 parallaxi
1088 2004 1161 2049 vere
1195 2004 1295 2049 auuua
1316 1979 1371 2047 ‘12‘
1394 1984 1444 2047 vel

81 2072 130 2138 ⁴5¹
153 2075 232 2136 hinc
258 2073 383 2137 conflari
405 2079 560 2155 poterunt.

167 2163 244 2227 Erit
266 2163 369 2245 itaque
393 2160 622 2243 explorandum,
647 2182 686 2223 an
708 2162 884 2243 parallexos
905 2181 1023 2226 annuae
1045 2162 1122 2225 locis
1154 2180 1193 2224 ex
1220 2161 1279 2227 hac
1301 2161 1443 2243 specula-

80 2253 160 2315 tione
187 2252 415 2332 emergentibus
438 2258 554 2313 tautam
576 2250 775 2313 variationem
801 2252 923 2333 possint
954 2252 1053 2315 ferre?
1106 2251 1197 2324 Quod
1226 2250 1286 2315 etsi
1314 2252 1446 2315 noudum

80 2344 143 2423 ipse
167 2341 348 2422 exploravi,
371 2351 473 2403 tamen
496 2339 566 2421 quin
589 2340 642 2403 flat
664 2358 852 2423 nequaquam
874 2339 988 2405 dubito.
1034 2342 1114 2405 Nam
1135 2342 1194 2403 hoc
1216 2340 1443 2406 evidentissime

80 2451 117 2494 cx
137 2428 359 2495 latitudinibus
382 2428 573 2512 aorouyohiis
605 2428 706 2492 latiori
737 2430 826 2493 modo
859 2430 1059 2494 consideratis
1091 2430 1244 2512 apparuit,
1278 2429 1444 2493 distantias

80 2520 194 2585 llartie
218 2542 240 2583 a
264 2519 338 2583 Sole
362 2518 539 2594 (retuleram
562 2517 642 2581 enim
664 2518 842 2581 diametrum
865 2520 1009 2583 nodomm
1033 2519 1195 2601 adipsum
1216 2537 1326 2601 corpus
1348 2517 1444 2596 Solis,

15 2620 16 2625 ’
82 2632 137 2673 nou
162 2610 207 2671 ad
229 2608 364 2673 medium
387 2610 484 2671 locum
507 2606 600 2682 Solis,
623 2608 702 2689 quod
726 2608 817 2670 etiam
840 2608 1054 2689 experiendum
1080 2609 1148 2685 erit,
1172 2630 1212 2671 au
1238 2628 1307 2673 esse
1329 2609 1444 2690 possit)

82 2700 237 2764 maximas
260 2698 326 2763 lieri
349 2698 431 2760 circa
453 2694 474 2759 2
497 2703 551 2759 aut
569 2692 589 2759 6
605 2707 647 2785 tp,
671 2716 731 2762 nou
754 2698 834 2762 circa
850 2694 894 2762 24
910 2703 943 2776 tl.
990 2699 1083 2782 quue
1105 2698 1230 2782 pulchre
1253 2718 1321 2764 oum
1341 2698 1441 2762 triau-

15 2783 16 2830 3
83 2791 152 2872 gulo
178 2788 400 2871 supraposito
424 2787 582 2850 consentit.
669 2825 674 2832 ·

171 2879 227 2942 Sis
252 2877 428 2943 constitutis
450 2874 578 2951 tabulis,
600 2875 696 2956 primo
719 2875 933 2940 distantiarum
955 2875 1038 2940 Solis
1061 2899 1081 2940 a
1102 2879 1212 2954 Terra,
1234 2884 1306 2960 post
1327 2896 1444 2959 aequa-

83 2970 200 3032 tionum
223 2965 374 3040 ecceutri,
405 2965 570 3048 poterimus
593 2972 702 3046 postea
724 2967 867 3030 accedere
890 2966 932 3026 ad
954 2966 1219 3047 investigationem
1238 2967 1443 3048 proportionis

83 3059 175 3122 annui
200 3056 286 3120 orbis
309 3057 348 3118 ed
371 3056 474 3118 orbem
495 3054 625 3130 Martis,
649 3055 729 3136 quod
752 3055 810 3118 etsi
833 3055 964 3117 noudum
987 3053 1156 3119 certissime
1179 3065 1316 3132 constat,
1343 3063 1446 3118 tamen

84 3169 141 3210 unu
166 3149 263 3226 louge
287 3143 386 3208 aberit
408 3144 446 3207 ab
468 3144 526 3206 hac
548 3144 685 3218 ratione,
716 3151 750 3205 ut
780 3144 820 3208 sit
843 3144 1113 3216 semidiameterd
1147 3141 1285 3219 151580,
1313 3145 1447 3227 qualium

85 3237 314 3300 semidiameter
345 3235 457 3304 Terrae
493 3229 636 3310 100000;
670 3232 880 3296 eccentricitas
907 3251 980 3295 vero
1011 3233 1142 3315 simplex
1176 3230 1283 3298 14160
1309 3234 1446 3309 timitem

85 3327 138 3390 sed
162 3345 235 3388 cum
258 3325 337 3386 bauo
359 3323 582 3398 constituerem,
606 3321 738 3384 noudum
759 3322 797 3382 de
820 3321 905 3386 Solis
927 3329 1075 3404 aequante
1098 3323 1185 3386 scivi.

175 3417 276 3480 Porro
290 3413 321 3476 iu
335 3413 425 3478 modo
448 3411 651 3491 investigandi
669 3409 802 3474 notabile
820 3409 936 3493 aliquid
949 3411 1047 3474 altero
1062 3412 1219 3493 paschatis
1237 3409 1286 3473 die
1305 3409 1444 3474 animad-

86 3506 177 3580 verti,
202 3503 284 3585 quod
306 3522 360 3585 per
384 3501 566 3582 triangulum
589 3498 673 3564 ABG
698 3499 866 3582 explicabo.

179 3592 294 3667 (ἕως.
315 3597 342 3664 1)
366 3592 422 3656 Sol
444 3591 521 3672 ipss,
543 3593 570 3654 Β
593 3591 697 3665 Terra,
721 3591 864 3656 AMars.
902 3589 1034 3654 Dabitur
1056 3589 1148 3671 igitur
1170 3609 1209 3655 ex
1231 3595 1322 3652 autea
1343 3587 1447 3670 requi·

87 3683 157 3747 sitis
183 3682 240 3746 CB
263 3682 303 3745 ad
327 3681 463 3762 singulos
486 3679 614 3761 apogaei
637 3679 765 3760 gradus,
788 3679 873 3744 BOA
897 3688 946 3742 est
967 3680 1095 3760 angulus
1118 3677 1372 3753 commutationis,
1395 3677 1447 3759 qui
1504 3675 1508 3684 '

85 3793 140 3855 per
163 3791 275 3836 verum
297 3771 396 3835 locum
410 3768 502 3832 ,Solis
526 3768 736 3843 coustituetur,
760 3768 845 3832 BAG
873 3768 1002 3848 angulus
1028 3769 1231 3850 parallaxeos.
1277 3767 1342 3832 Sed
1363 3768 1394 3828 A
1415 3773 1448 3828 et

87 3861 248 3942 Canguli
271 3859 316 3924 sio
348 3867 419 3924 sunt
450 3857 669 3921 constituendi:
701 3860 866 3938 fingamus,
899 3857 1043 3923 circulum
1071 3877 1211 3939 magnum
1241 3857 1377 3920 transire
1393 3873 1455 3946 per⁸

87 3953 190 4016 locum
214 3949 301 4014 Solis
334 3947 505 4032 oppositum
529 3955 561 4011 et
582 3965 636 4029 per
668 3965 775 4027 corpus
797 3948 919 4012 Martis.
964 3949 1000 4010 Iu
1029 3947 1113 4010 illius
1144 3947 1249 4011 circuli
1278 3947 1369 4028 plano
1399 3952 1448 4006 est

15 4093 16 4096 ,
87 4041 278 4121 triangulum
300 4037 396 4102 BAG.
441 4037 567 4101 Rectius
590 4037 622 4098 id
645 4035 836 4117 explicavero
859 4055 913 4117 per
935 4037 994 4098 duo
1018 4037 1080 4098 alia
1102 4036 1264 4118 triangula.

179 4130 234 4193 Sit
259 4130 289 4192 D
323 4147 411 4190 verus
435 4127 519 4189 locus
534 4125 626 4190 Solis.
675 4125 733 4190 DE
765 4125 921 4206 ecliptica,
942 4125 999 4188 DF
1030 4125 1130 4189 orbita

15 4205 16 4284 ζ
90 4221 215 4294 blattis,
239 4218 294 4282 EF
310 4237 399 4280 arcus
414 4215 517 4280 circuli
540 4215 641 4296 magui
655 4234 709 4295 per
730 4215 819 4296 polos
842 4214 1001 4295 eclipticae
1024 4223 1129 4278 trans-
1242 4196 1297 4262 rig.
1315 4189 1341 4243 ²·
1408 4263 1412 4269 ,

90 4309 212 4385 euntis,
255 4307 416 4370 dimetiens
456 4305 681 4368 inclinationem
715 4303 798 4386 plani
827 4303 933 4366 Martii
963 4305 1028 4384 ejus
1058 4303 1137 4367 loci..
1164 4321 1181 4361 n
1430 4321 1448 4362 r

15 4445 16 4450 κ
90 4401 191 4464 Datur
227 4415 299 4478 ergo
328 4397 383 4460 EF
412 4395 451 4456 ad
483 4413 599 4457 omnem
625 4415 645 4456 a
675 4393 763 4456 nodis
796 4392 983 4456 distantiam.
1028 4394 1128 4457 Datur
1191 4320 1420 4550 Ὃ

1430 4528 1447 4568 s

15 4829 17 4878 r

15 4907 17 4980 l

92 4489 225 4552 ctiamF
242 4487 329 4548 locus
345 4493 371 4556 d
386 4503 440 4564 per
463 4483 639 4546 distantiam
653 4503 672 4544 a
687 4483 766 4546 nodo
785 4489 991 4565 coaequatam
1021 4483 1125 4546 Facile

92 4579 183 4660 igitur
206 4575 361 4638 iuvenitur
383 4573 527 4636 beneficio
551 4572 653 4653 anguli
675 4571 702 4635 Ε
722 4572 800 4634 recti
823 4572 950 4634 locusE
973 4573 1005 4634 in
1027 4572 1124 4654 eclip-

93 4669 162 4730 tica
210 4667 294 4745 Ergo
318 4664 375 4726 ΕΙ)
399 4661 593 4726 commutatio
623 4661 737 4744 usitata
764 4660 838 4737 (nisi
867 4661 998 4743 quedD
1031 4669 1080 4724 est
1110 4681 1200 4725 verus
1229 4662 1314 4727 locus
1336 4664 1445 4738 Solis).

94 4757 230 4840 Denique
254 4753 348 4834 igitur
373 4771 411 4814 ex
432 4752 494 4827 FE,
516 4751 573 4816 ΕΙ)
597 4770 706 4834 quaere
724 4752 788 4827 FD,
813 4770 917 4814 veram
938 4750 1041 4831 auguli
1063 4751 1306 4816 commutationis
1329 4753 1446 4818 dimen-

98 4847 221 4922 sionem,
245 4842 351 4923 auguli
375 4841 441 4904 scil.
465 4840 551 4904 BOA
569 4844 635 4916 (rig.
655 4845 692 4912 l).

179 4935 302 5000 Eodem
325 4931 415 4995 modo
438 4929 480 4994 sit
496 4931 562 5010 jem
584 4931 611 4993 Ε
634 4931 719 4992 locus
743 4927 910 5012 eclipticus,
933 4929 973 4991 ad
996 4948 1083 5011 quem
1105 4928 1189 4992 visus
1211 4928 1296 4993 locus
1313 4929 1445 5000 dredu-

99 5025 180 5090 citur.
236 5025 264 5089 F
296 5021 339 5086 sit
368 5019 454 5086 visus
485 5020 569 5084 locus
600 5027 636 5091 d.
690 5020 720 5083 D
747 5038 837 5082 verus
867 5018 1025 5100 oppositus
1052 5015 1104 5098 Θ.
1155 5017 1254 5084 Datur
1284 5037 1357 5102 ergo
1388 5019 1445 5086 ΕΙ)
