3517 5525
312 447 377 520 aas
902 461 952 513 a
972 459 1053 514 aa..
1209 485 1213 494 -

312 634 404 699 multo
430 643 478 700 est
501 637 596 716 majus
621 657 736 717 summa
760 640 971 720 quadratorum
995 659 1032 701 ex
1055 639 1192 702 omnibus
1215 637 1278 700 suis
1300 635 1446 719 partibus.
1481 633 1537 696 Hic
1561 632 1664 709 igitur

190 767 194 772 -
312 727 467 788 commoda
490 727 647 789 admodum
672 727 757 790 nobis
781 729 893 790 accidit
915 728 1151 811 aequipollentia
1173 728 1252 790 iuter
1273 727 1344 798 Na,
1366 724 1426 786 ΜΒ
1447 724 1496 786 tra.
1519 707 1554 784 dt
1577 722 1665 783 inter

313 815 457 888 ΑΒ,Βο
482 815 533 878 &c
582 815 667 886 Quia
690 817 767 880 enim
796 817 961 900 indigemus
991 819 1123 899 ipsomm
1146 817 1215 890 NA,
1238 817 1299 880 ΜΒ
1324 813 1490 894 quadratis,
1516 827 1581 872 nou
1606 828 1664 890 peu

311 924 352 976 se,
379 905 430 966 ssd
454 903 491 966 ob
515 912 647 968 mutuam
680 925 781 968 eorum
813 909 1056 988 proportionem:
1088 907 1136 969 hic
1159 905 1246 968 nobi‘s
1280 903 1414 967 subsidio
1443 901 1524 962 venit
1547 898 1663 961 ⁴iustus

306 991 453 1074 Byrgius,
485 995 706 1073 proportionem
737 996 840 1058 horum
871 994 1083 1076 quadratorum
1113 1013 1265 1078 exponens
1288 992 1320 1054 in
1342 991 1430 1054 lineis
1460 989 1563 1052 rectis.
1584 1024 1588 1030 ·
1612 988 1664 1052 Sit

309 1081 386 1142 enim
409 1083 439 1142 iu
462 1083 635 1144 continuato
668 1083 844 1165 quadrantis
874 1087 972 1157 nostri
995 1086 1106 1148 circulo
1141 1083 1347 1147 semicirculus
1368 1075 1467 1152 NQT,
1488 1078 1607 1140 divisus
1632 1079 1662 1138 iu

308 1178 410 1250 partes
434 1190 555 1233 numero
581 1174 721 1255 aequales
745 1175 883 1252 partibus
901 1175 1084 1254 quadrantis
1097 1172 1158 1236 NG
1182 1171 1367 1259 aequalitas,
1393 1168 1564 1248 quantitate
1586 1185 1663 1228 uero

309 1255 415 1337 duplus
439 1259 575 1334 iliarum;
601 1263 707 1326 etsint
729 1281 849 1325 monum
873 1263 1051 1342 semicirculi
1076 1263 1210 1344 sagittae
1227 1261 1325 1324 uthic
1348 1258 1448 1321 ordine
1473 1256 1578 1318 videre
1602 1265 1660 1316 est

309 1403 497 1416 ——na-—n--u-

308 1433 426 1509 iurans
465 1457 607 1512 sarrana
657 1459 708 1514 on
758 1461 797 1514 or
855 1461 909 1516 or<
954 1461 1003 1516 on

407 1474 504 1590 >sris
598 1558 601 1581 ·
657 1541 706 1594 sn
757 1541 793 1594 m
855 1541 909 1594 nn
952 1542 997 1594 uo
1050 1541 1104 1596 urs
1148 1540 1199 1594 us
1285 1499 1319 1547 ¹¹⁶
1337 1493 1432 1547 ''⁰⁰¹¹''
1453 1492 1595 1562 lm*

309 1645 311 1650 ·
377 1615 462 1686 Dupli
484 1633 565 1671 arcus
656 1620 697 1674 TS

255 1761 261 1772 ί
307 1739 312 1810 1
406 1697 535 1768 Sagittae
656 1701 699 1754 SV
756 1701 808 1754 RX
855 1702 904 1764 Qr
923 1735 929 1761 -,
952 1703 1003 1756 Px
1024 1698 1028 1765 ᾖ
1052 1701 1101 1754 OV
1148 1701 1198 1754 Nu

395 1879 464 1942 Jam
493 1899 564 1941 vero
596 1883 685 1946 binae
717 1885 848 1966 sagittae
873 1883 934 1955 OV
957 1891 990 1946 et
1005 1883 1066 1971 ,SV
1100 1894 1230 1965 aequant
1263 1883 1440 1944 diametrum
1465 1879 1587 1953 circuli,
1618 1880 1665 1940 sic

307 1969 398 2031 etiam
422 1969 488 2046 PX,
511 1971 581 2034 RX.
630 1973 730 2044 Quare
758 1993 811 2054 pro
845 1975 1000 2056 quadratis
1023 1975 1083 2037 AN
1107 1985 1139 2034 et
1162 1971 1224 2034 GG
1248 1971 1321 2047 (hoc
1350 1970 1506 2047 analogiae
1536 1969 1665 2050 appello

308 2060 502 2137 quadratum)
540 2061 667 2124 sumitur
708 2063 856 2125 diameter
893 2063 964 2137 NT,
1007 2082 1061 2146 pro
1102 2061 1259 2143 quadratis
1299 2058 1380 2135 ΒΜ,
1420 2061 1473 2123 Fu
1511 2057 1666 2120 diameter

309 2148 408 2222 alia,·
433 2165 488 2227 pro
528 2151 682 2231 quadratis
715 2151 785 2227 CL,
816 2153 859 2214 El
889 2153 999 2226 tertia,
1040 2153 1166 2233 denique
1201 2168 1256 2230 pro
1293 2150 1439 2229 quadrato
1466 2145 1527 2208 ΒΚ
1563 2147 1659 2209 semi-

280 2229 453 2298 'diameter
480 2237 549 2308 YQ.
600 2240 707 2320 Itaque
740 2241 780 2313 si,
810 2249 883 2322 quot
910 2249 981 2305 sunt
1010 2241 1140 2330 partium
1173 2238 1341 2321 aequalium
1379 2235 1557 2325 quadrantis
1591 2245 1659 2298 ter·

308 2326 393 2401 ruini,
432 2332 478 2388 tot
515 2329 696 2394 constituam
734 2329 1023 2392 semidiametrorum
1061 2349 1221 2400 summam,
1259 2325 1357 2389 habeo
1394 2342 1540 2387 summam
1578 2345 1658 2407 qoa-

308 2415 461 2478 dratorurn
499 2417 627 2478 omnium
666 2420 782 2482 sinuum
818 2421 855 2480 ad
894 2419 964 2492 illas
1000 2426 1114 2500 partos.
1166 2417 1208 2479 Et
1240 2417 1310 2498 quia
1343 2414 1536 2477 terminorum
1572 2434 1658 2476 sem-

307 2521 360 2582 per
383 2523 440 2566 uuo
463 2503 530 2583 plus
555 2516 620 2581 est,
651 2527 738 2588 quam
761 2508 909 2586 partium:
944 2509 1010 2570 ideo
1032 2507 1187 2580 ,sciendum
1213 2514 1279 2581 est,
1312 2525 1369 2584 quo
1394 2503 1491 2583 magis
1519 2504 1658 2568 minutae

306 2593 477 2674 multaeque
501 2594 575 2656 fiunt
589 2591 684 2658 ‘nnius
717 2597 893 2676 quadrantis
916 2606 1036 2678 partes,
1066 2597 1122 2658 hoc
1145 2596 1242 2676 magis
1264 2595 1421 2656 terminum
1445 2593 1522 2654 hunc
1546 2611 1658 2672 super-

307 2681 506 2744 numerarium
531 2701 720 2746 evanescere.
758 2687 867 2766 ltaque
888 2696 941 2767 pro
958 2683 1002 2750 90
1015 2679 1154 2767 partibus
1177 2684 1353 2765 quadrantis
1373 2680 1415 2747 90
1439 2681 1658 2744 semidiametri

308 2778 425 2834 sumtae
441 2774 674 2853 quamproxime
690 2774 875 2853 constituunt
892 2770 1037 2861 summanr
1052 2774 1184 2861 omnium
1202 2775 1425 2857 quadratomm.
1457 2771 1658 2851 Reliquorum
1693 2764 1699 2773 ’

308 2879 427 2923 arcuum
452 2880 583 2923 summae
607 2864 794 2943 colligendae
819 2873 890 2926 sunt
905 2860 942 2927 eir
957 2864 1100 2947 continua
1118 2864 1271 2926 additione
1291 2862 1465 2936 secantium,
1488 2868 1523 2921 ut
1541 2861 1660 2923 sciatur

308 2948 462 3029 quantitas
486 2950 609 3013 effectus
634 2953 661 3015 in
686 2972 743 3015 uuo
767 2953 903 3034 quolibet
925 2953 1188 3033 arcu3distantiao
1212 2953 1316 3013 Lunae
1339 2971 1358 3013 a
1380 2950 1451 3014 Sole
1472 2950 1523 3011 vel
1547 2952 1575 3023 00
1602 2947 1658 3028 Θ.

307 3038 374 3101 Ηοο
397 3039 497 3120 itaque
522 3051 613 3121 pacto
637 3043 686 3117 lit,
717 3052 751 3104 ut
778 3042 1041 3114 accelerationem.
1060 3044 1089 3104 in
1103 3042 1227 3124 ‘copulis
1257 3048 1465 3121 repraesentet
1484 3038 1565 3101 linea
1586 3038 1658 3110 NT,

307 3137 339 3189 et
362 3129 609 3191 accelerationem
637 3130 668 3192 in
691 3132 813 3212 quadris
843 3132 924 3193 liuea'
947 3130 1046 3203 Oseu
1068 3132 1158 3194 nulla
1207 3128 1282 3193 Cum
1304 3130 1405 3211 itaque
1427 3147 1481 3209 pro
1502 3128 1603 3209 primo
1627 3136 1661 3188 et

306 3236 359 3299 pro
390 3217 494 3281 ultimo
527 3219 620 3298 gradu
654 3220 831 3301 quadrantis
863 3220 1027 3283 distantiae
1050 3221 1155 3282 Lunae
1184 3218 1299 3281 aSole
1329 3225 1464 3281 sumatur
1494 3217 1575 3279 linea
1598 3216 1659 3281 NT

307 3306 462 3381 diameter,
488 3306 528 3369 sit
547 3326 617 3369 vero
639 3310 675 3371 dc
691 3328 807 3373 summa
832 3310 961 3372 omniurn
984 3309 1165 3389 sagittarum
1186 3327 1259 3390 pars
1279 3307 1508 3389 quadragesima
1530 3306 1658 3385 quinta:

306 3394 365 3457 erit
395 3394 486 3474 igitur
515 3398 601 3459 valor
633 3397 696 3477 ejus
729 3399 766 3459 de
800 3416 917 3461 summa
951 3400 1180 3461 accelerationis
1217 3396 1376 3479 quadranti
1413 3396 1516 3458 debita
1547 3402 1658 3456 tantus

258 3482 261 3497 '
307 3480 338 3547 3⁴
362 3478 479 3565 311²l,¹‘.
503 3485 608 3561 ¹Haeo
633 3496 681 3550 est
714 3485 895 3550 acceleratio
918 3489 949 3549 in
974 3488 1069 3567 primo
1099 3488 1194 3566 gradu
1221 3486 1385 3548 distantiae
1412 3485 1516 3546 Lunae
1540 3504 1559 3544 a
1580 3482 1658 3546 Sole

306 3574 354 3634 vel
380 3577 417 3646 00.
461 3572 552 3636 Adde
575 3575 653 3637 hanc
677 3575 715 3636 ad
739 3576 889 3640 modulum
913 3577 1021 3638 virtuti
1041 3576 1159 3639 metrici
1182 3575 1312 3638 Telluris
1336 3574 1484 3654 aequabili
1507 3572 1680 3647 debitum·

306 3661 423 3724 scilicet
445 3664 482 3723 ad
508 3658 561 3727 58‘
580 3660 657 3745 12²1,
666 3665 696 3740 ⁰,
722 3660 1083 3745 conficitur61‘117¹l,¹‘.
1121 3666 1179 3727 Est
1201 3664 1279 3726 enim
1303 3665 1480 3726 acceleratio
1497 3658 1529 3724 3¹
1545 3656 1659 3745 34⁸!st

309 3752 445 3833 praecise
469 3752 559 3832 dupla
587 3752 807 3829 diminutionis,
843 3771 918 3835 quae
942 3755 981 3815 ad
1003 3755 1092 3835 hujus
1124 3755 1232 3816 calculi
1263 3754 1390 3816 formam
1411 3761 1460 3814 est
1481 3752 1660 3813 necessaria

310 3851 372 3903 tam
398 3840 427 3903 in
442 3838 553 3903 vitiosa
576 3860 669 3923 qnam¹
687 3842 715 3903 in
736 3843 896 3905 emendata
919 3844 1026 3907 forma.
1062 3844 1169 3925 Itaque
1192 3843 1241 3905 nic
1264 3842 1293 3925 io
1315 3840 1352 3902 1⁰
1373 3842 1536 3903 distantiae
1549 3839 1659 3903 Lunae

307 3953 325 3991 a
350 3930 422 3994 Sole
447 3930 575 3993 variatio
605 3938 653 3991 est
684 3926 712 3993 1‘
738 3926 848 4013 titt
872 3932 1020 3995 addenda.
1067 3932 1182 3998 Contra
1208 3932 1238 3994 in
1262 3931 1383 4012 quadris
1411 3940 1443 3993 et
1462 3924 1558 4011 gradu
1579 3947 1658 4007 pro·

306 4020 386 4083 aimo
409 4038 462 4101 pro
485 4020 601 4083 duobus
625 4019 778 4099 gradibus,
812 4040 871 4083 uuo
895 4022 924 4083 in
953 4022 1069 4103 copulis
1093 4030 1126 4083 et
1151 4040 1209 4083 uuo
1232 4022 1263 4084 in
1286 4020 1424 4101 quadris,
1458 4019 1542 4080 valet
1572 4016 1660 4079 linea

306 4110 380 4175 NT:
414 4108 496 4171 illam
520 4126 590 4170 vero
615 4115 710 4171 totam
733 4110 866 4176 vindicat
898 4112 1009 4191 gradm
1025 4112 1219 4195 copularum,
1251 4118 1285 4171 nt
1306 4110 1350 4171 ita
1371 4108 1447 4171 nihil
1468 4107 1661 4187 relinquatur

275 4252 281 4261 .
306 4198 413 4277 gradui
435 4199 464 4260 in
488 4196 619 4281 quadris.
657 4198 692 4261 Si
715 4199 820 4278 gradui
843 4199 872 4261 in
897 4200 1029 4280 quadris,
1054 4218 1108 4279 pro
1132 4198 1335 4273 diminutione,
1360 4216 1449 4280 quam
1471 4204 1521 4260 est
1541 4215 1656 4275 passus

308 4288 431 4351 eandem
456 4308 521 4351 oum
551 4287 659 4351 ceteris
691 4289 868 4369 quadrantis
900 4289 1059 4362 gradibus,
1091 4288 1166 4350 nihil
1198 4288 1329 4350 vicissim
1360 4286 1497 4350 accedit:
1530 4305 1605 4365 ergo
1629 4287 1656 4347 is

308 4388 408 4439 manet
431 4378 605 4451 diminutus,
629 4376 746 4439 scilicet
769 4374 821 4441 58¹
850 4370 926 4460 12Ἲ,
937 4378 965 4438 ”.
1012 4379 1093 4458 Ergo
1122 4376 1250 4439 variatio
1277 4384 1448 4457 competens
1472 4376 1552 4438 circa
1573 4394 1654 4457 qua-

307 4470 378 4531 dras
401 4478 450 4529 est
479 4467 504 4529 l‘
527 4460 638 4549 47¹]st
661 4466 875 4528 subtrahenda.
925 4466 1000 4528 Erat
1021 4484 1092 4527 vero
1114 4466 1146 4528 in
1168 4466 1284 4547 copulis
1313 4464 1448 4545 ejusdem
1471 4464 1654 4546 quantitatis

307 4553 454 4619 addenda.
499 4556 558 4617 Est
588 4554 679 4633 igitur
709 4554 861 4635 inopinata
892 4554 1125 4636 aequipollentia
1154 4560 1239 4617 mera
1269 4554 1348 4615 iuter
1375 4554 1453 4615 hanc
1484 4570 1582 4615 meam
1614 4554 1654 4614 ad

308 4646 449 4726 physicas
474 4662 582 4707 causas
606 4645 861 4706 accommodatam
885 4644 993 4706 calculi
1012 4644 1148 4718 formam,
1172 4646 1306 4724 interque
1324 4642 1523 4724 Tychouicam
1545 4642 1654 4705 calculi

309 4736 433 4797 formam
455 4731 583 4804 circelli,
617 4733 699 4811 quus
724 4740 822 4797 motus
851 4733 940 4813 duplo
972 4732 1100 4795 celerior
1122 4742 1170 4796 est
1192 4732 1376 4811 digressione
1399 4732 1503 4794 Lunae
1526 4751 1545 4791 a
1568 4730 1652 4793 Sole.

308 4823 377 4887 Dici
400 4844 457 4887 non
479 4830 595 4902 potest,
625 4839 713 4900 quarn
737 4823 825 4883 ualde
848 4841 896 4883 me
918 4822 1132 4894 exhilaraverit
1157 4821 1328 4904 inopinatus
1350 4820 1399 4882 hic
1421 4822 1521 4883 exitus
1544 4820 1655 4883 calculi

310 4920 342 4972 et
365 4913 589 4985 demonstratio,
615 4912 691 4989 quod
717 4910 809 4974 etiam
826 4911 975 4993 Tychonis
998 4912 1136 4974 circellus
1160 4930 1226 4973 cum
1241 4930 1294 4973 ano
1309 4918 1392 4972 motu
1411 4909 1523 4992 duplici
1547 4918 1654 4971 contra

310 5020 398 5082 quam
420 5002 566 5077 hactenus
597 4997 783 5063 credideram
810 5000 911 5065 causis
940 5000 1053 5064 nitatur
1085 5000 1227 5083 physicis.
1273 4998 1352 5064 Nam
1378 4998 1531 5063 circellum
1555 5000 1653 5081 ipsum

1366 1572 1437 1627 inter
1459 1589 1507 1626 aa:

1246 1654 1287 1708 sic
1305 1654 1360 1708 hae
1384 1652 1474 1708 lineae
1495 1651 1571 1705 iuter
1591 1668 1635 1705 ae.
