3517 5525
340 452 405 526 tto
496 458 501 475 ’
946 452 986 506 1³·
1003 454 1084 507 nm

339 644 482 698 diametro.
522 638 582 693 illie
601 636 689 712 igitur
707 635 876 709 eolliguntur
896 650 1027 691 exsensus
1048 650 1066 689 a
1086 640 1145 690 toto
1166 636 1202 691 ad
1221 635 1305 700 uile'l,
1334 636 1378 692 bie
1402 636 1550 693 distantiae
1574 626 1602 697 0
1622 626 1646 700 ὃ
1665 651 1682 690 a

339 731 403 779 tota
422 724 457 780 ad
478 719 555 775 nibil.
1535 724 1539 733 ·

428 807 467 857 Δι
486 816 592 855 rursum
612 797 741 860 instatur,
761 795 831 850 baso
852 796 926 851 illins
943 812 1048 851 summa
1065 802 1110 849 est
1132 790 1213 859 22³²,
1235 802 1265 849 et
1284 810 1370 864 snpra
1388 796 1441 851 boo
1460 796 1562 853 lalsum
1584 812 1680 851 assum·

339 900 446 947 seram,
477 889 563 937 totam
584 878 743 933 distantiam
762 877 790 930 in
811 876 986 949 quadraturis
1006 883 1162 933 versantem
1188 876 1241 931 hoc
1267 876 1392 939 efficere„
1423 883 1454 931 ut
1479 876 1611 949 aequatio
1638 892 1682 947 per

340 958 392 1026 2¹1,
414 964 459 1049 sitl
470 961 566 1031 major.
601 960 711 1013 Falsum
732 958 840 1027 inquam
860 958 913 1011 hoo
933 962 983 1013 est.
1024 956 1095 1011 Nam
1116 958 1186 1025 quod
1206 956 1345 1010 mediocris
1367 956 1500 1011 distantia
1519 958 1548 1012 in
1570 958 1681 1029 quadra-

338 1046 408 1099 turis
428 1050 564 1106 versatur,
586 1040 613 1093 id
633 1046 764 1093 causatur
784 1036 1012 1108 inaequalitatem
1033 1043 1179 1093 ostensum
1211 1040 1250 1089 At
1263 1038 1336 1107 quod
1349 1038 1515 1091 excedentes
1536 1036 1682 1091 distantias

337 1118 366 1179 in
387 1122 561 1195 quadraturis
582 1128 737 1183 versantur,
758 1117 786 1171 id
806 1119 911 1171 demum
932 1117 1000 1171 feeit
1020 1116 1246 1187 inaequalitatem
1267 1116 1449 1187 aequationis.

797 1223 801 1230 ·
895 1226 987 1291 (roos.
1007 1223 1032 1279 ι.
1050 1214 1127 1290 trev.)

426 1330 482 1383 lmo
502 1326 590 1381 dioam
611 1322 713 1394 aliquid
733 1321 860 1391 amplius.
900 1321 932 1375 In
953 1319 1126 1390 quadraturis
1148 1334 1239 1375 omnes
1261 1320 1354 1375 ordine
1374 1321 1570 1377 distantiarum
1592 1338 1682 1377 exses-

337 1428 384 1466 sus
404 1412 532 1463 mianum
555 1406 675 1460 sternet
698 1402 820 1473 ejusdem
844 1400 969 1465 virtutis.
998 1398 1112 1471 ejusque
1137 1400 1283 1457 maximae.
1322 1405 1363 1454 At
1386 1401 1529 1474 digressus
1548 1403 1682 1457 Luaaea

337 1492 470 1546 diametro
492 1486 571 1542 initio
591 1500 695 1555 parrae
715 1483 825 1537 virtutis
845 1497 960 1551 parrum
979 1480 1060 1534 all'ert
1074 1481 1208 1543 damnum,
1230 1480 1295 1551 quia
1315 1481 1448 1535 diameter
1468 1500 1523 1537 non
1543 1490 1591 1537 est
1611 1484 1682 1537 undi-

337 1569 567 1644 queaequaliter
587 1565 722 1627 virtuosa.
744 1565 792 1617 sed
813 1562 839 1615 in
861 1567 955 1615 eentro
976 1560 1078 1615 Terrae
1099 1560 1305 1617 virtuosissima
1346 1562 1411 1615 lade
1431 1562 1521 1634 magis
1541 1563 1682 1635 magisque

336 1658 459 1725 augetur
478 1651 622 1709 murnum,
650 1652 746 1715 estque
774 1644 801 1697 in
822 1640 997 1713 quadraturis
1022 1640 1185 1703 maximum.
1211 1640 1321 1695 virtutis
1341 1641 1486 1699 maximae.
1528 1643 1599 1699 Cura
1620 1660 1682 1714 erge

335 1733 447 1805 longior
466 1729 504 1783 sit
523 1728 629 1783 sianum
649 1724 760 1780 dimidia
779 1739 858 1794 pars.
879 1738 960 1793 quam
981 1720 1089 1791 reliqua
1108 1721 1227 1785 brevior,
1256 1722 1345 1775 adhue
1365 1724 1450 1777 multo
1471 1724 1563 1795 magis
1587 1723 1683 1777 effide

336 1820 478 1868 ootamum
498 1805 700 1879 inaequalitas,
728 1820 809 1876 quarn
833 1802 918 1873 prius.
960 1801 1029 1855 Utut
1053 1801 1106 1863 sit,
1135 1808 1256 1856 testatur
1281 1803 1456 1871 experientia
1474 1803 1683 1875 inaequalitate

334 1900 476 1949 ostentum
498 1887 708 1961 aggerationem
728 1900 814 1956 usque
835 1884 863 1937 in
884 1884 1066 1953 quadraturas
1088 1880 1195 1935 etdoere
1216 1875 1249 1937 2⁰
1272 1874 1333 1946 29¹,
1355 1885 1440 1953 plene
1460 1890 1492 1938 ut
1512 1890 1543 1937 et
1563 1898 1683 1957 aggera-

334 1973 435 2029 tionem
456 1967 664 2041 inaequalitatis
685 1964 856 2037 aeqaationis
882 1962 909 2016 in
930 1962 996 2033 ipsis
1018 1961 1200 2033 quadraturis.
1232 1962 1332 2025 Quodsi
1354 1972 1429 2017 esset
1447 1964 1603 2034 proportio.
1624 1964 1683 2035 quia

335 2068 466 2109 exeessus
487 2048 680 2104 distantiarum
699 2047 728 2101 in
748 2045 881 2099 diametro
902 2043 1027 2112 simplum
1048 2044 1131 2097 affert
1149 2042 1291 2107 damnum,
1319 2042 1347 2097 in
1367 2046 1543 2115 quadraturis
1565 2044 1682 2117 duplum.

333 2132 444 2188 rimatis
466 2131 552 2203 igitur
572 2130 601 2181 in
627 2127 760 2181 diametro
781 2122 881 2195 (supra
900 2124 948 2179 ubi
967 2123 1048 2177 Luna
1068 2115 1181 2190 transit)
1212 2122 1297 2193 dupla
1321 2132 1397 2178 esset
1420 2123 1531 2179 virtutis
1558 2140 1632 2196 quae
1658 2124 1683 2179 ia

335 2212 519 2286 quadraturis,
540 2209 621 2263 Luna
640 2207 727 2278 igitur
746 2206 829 2277 duplo
849 2203 965 2258 oelerior
985 2202 1013 2257 in
1033 2202 1166 2257 diametro
1187 2218 1268 2273 qnam
1288 2202 1316 2259 in
1336 2204 1512 2274 quadraturis
1533 2204 1617 2262 soret.

424 2295 527 2347 lterum
553 2290 590 2343 ab
615 2290 667 2343 boo
691 2286 802 2349 exorsi,
829 2282 1072 2355 retrogrediamur.
1114 2281 1186 2345 Quia
1213 2290 1353 2339 testantur
1382 2292 1528 2350 ootantes,
1559 2294 1683 2357 tempera

335 2373 478 2445 punctalis
499 2366 548 2440 (t)
573 2371 803 2441 quadraturemm
832 2366 867 2419 ad
897 2363 1072 2419 diametralia
1098 2379 1160 2417 esse
1185 2370 1218 2417 ut
1242 2358 1290 2419 61‘
1311 2358 1370 2417 lO“
1391 2366 1426 2419 ad
1448 2360 1510 2429 60¹,
1541 2372 1683 2421 statuatur

334 2456 419 2510 etiarn
439 2453 498 2507 tale
518 2453 645 2505 damnum
665 2446 844 2518 aequationis,
865 2444 971 2515 eritque
993 2442 1182 2497 eooentrioitus
1202 2440 1266 2514 ipsa
1283 2443 1434 2499 variabilis.
1464 2449 1503 2499 At
1523 2446 1579 2501 hoo
1600 2444 1682 2519 tagis.

334 2537 433 2605 ltaque
460 2531 612 2586 omittatur.
653 2528 884 2583 Considerandum
911 2524 1022 2595 potius,
1054 2525 1185 2595 quomodo
1214 2522 1304 2594 possit
1331 2540 1443 2579 manere
1468 2527 1570 2597 duplus
1597 2534 1681 2581 motus

335 2604 504 2669 diametralis
525 2612 560 2665 ad
581 2608 818 2680 quadraturalem‚
840 2612 983 2659 ettamen
1003 2621 1057 2659 nou
1077 2602 1136 2659 lieri
1156 2608 1238 2657 mata
1258 2605 1445 2677 exaggeratio
1466 2604 1494 2661 ia
1515 2608 1680 2670 ootaatu'baa,

335 2702 370 2749 ut
387 2696 411 2749 si
432 2693 523 2747 subito
544 2690 602 2743 illio
622 2691 800 2751 deoresoeret
822 2686 867 2740 hio
887 2690 1031 2747 oresoeret,
1053 2683 1081 2737 in
1101 2683 1188 2741 medio
1209 2684 1296 2739 tarde.

422 2776 484 2829 Eoo
503 2790 569 2826 vero
590 2771 661 2826 unde
686 2769 724 2823 sit
750 2769 951 2830 deducendum,
976 2781 1031 2818 non
1056 2771 1101 2817 est
1129 2765 1157 2820 in
1182 2772 1298 2834 promtu.
1340 2765 1369 2821 Si
1399 2775 1476 2822 esset
1501 2768 1549 2822 rel
1577 2769 1681 2822 valeret

334 2857 439 2927 gradus
464 2855 493 2909 in
517 2851 650 2907 diametro
675 2857 801 2919 tempora
825 2845 874 2902 to‘
899 2851 929 2900 et
957 2844 984 2900 iu
1015 2846 1148 2915 quadrato
1176 2837 1207 2900 1⁰
1230 2839 1288 2908 20‘.
1320 2855 1496 2917 augmentum
1528 2855 1608 2902 esset
1635 2843 1680 2902 40·

333 2935 486 3010 nonagies;
507 2933 531 2988 si
549 2932 638 2986 utaris
659 2929 852 3002 progressione
873 2923 1055 2991 arithmetioa,
1078 2931 1110 2978 ut
1128 2923 1229 2994 gradui
1249 2925 1295 2978 uni
1316 2920 1479 2994 (distantiae
1500 2921 1680 2996 adiametro)

333 3017 487 3072 debeantur
510 3011 535 3076 1.
557 3019 587 3066 et
604 3011 706 3083 gradui
725 3005 764 3064 89
785 3007 939 3062 debeantur
959 3001 1006 3069 79,
1027 3005 1222 3059 incrementum
1242 3005 1297 3060 erit
1316 3005 1441 3064 immane.
1477 3008 1527 3064 Sia
1546 3010 1597 3064 des
1618 3023 1679 3082 gra·

332 3097 412 3152 dibus
433 3095 551 3166 singulis
572 3088 623 3154 to,
645 3091 675 3146 in
694 3089 851 3145 ootantibus
872 3092 1050 3158 augmentum
1071 3085 1175 3138 nullum
1196 3084 1258 3140 erit.

421 3175 470 3231 sin
489 3191 539 3245 per
563 3173 638 3227 sinus
662 3188 683 3226 a
706 3169 838 3240 principio
864 3165 1019 3239 digrediens
1047 3181 1065 3219 a
1090 3164 1221 3219 diametro
1247 3170 1320 3220 totos
1347 3167 1484 3235 opereris,
1518 3168 1584 3239 qnid
1615 3169 1681 3222 fiett

332 3257 455 3311 Valeant
474 3247 528 3310 45⁰
548 3251 653 3324 singuli
673 3250 802 3320 temporis
821 3245 878 3312 ⁴0¹,
901 3247 1033 3300 valebunt
1053 3244 1140 3316 igitur
1160 3244 1279 3299 universi
1302 3239 1362 3301 30⁰.
1398 3247 1435 3301 Ut
1454 3248 1477 3302 si
1490 3249 1575 3304 Luna
1596 3255 1683 3304 setun

333 3338 513 3409 quadrantem
532 3334 559 3390 iu
580 3333 682 3386 virtute
703 3329 858 3384 diametrali
876 3329 1029 3388 conflueret,
1050 3341 1112 3378 eura
1127 3325 1284 3380 absolveret
1298 3327 1465 3396 temporibus
1480 3325 1528 3384 60.
1558 3329 1683 3384 Valeant

232 3463 235 3467 J
332 3418 419 3490 igitur
438 3415 513 3471 sinus
533 3411 653 3468 universi
672 3409 820 3465 distamiae
840 3399 868 3469 0
892 3407 1054 3462 adiametro
1070 3395 1129 3460 30⁰.
1152 3405 1215 3476 quid
1228 3403 1363 3462 valebunt
1376 3403 1413 3464 ⁴5
1428 3408 1572 3478 majores?
1601 3409 1681 3464 Sinus
1757 3475 1758 3480 ἵ

334 3513 427 3552 omnes
447 3501 513 3550 sunt
532 3487 628 3557 tut„
650 3492 725 3547 sinas
747 3485 784 3544 db
798 3489 916 3544 minores
940 3481 984 3549 17,
1005 3483 1124 3554 majores
1139 3479 1242 3548 dolens
1264 3481 1349 3548 57710
1365 3489 1413 3542 dat
1428 3485 1472 3553 30,
1494 3489 1561 3560 quid
1576 3485 1682 3552 40'1'10!

397 3575 557 3646 ,Sequetur
576 3573 640 3628 bino
659 3569 761 3626 diutius
781 3569 888 3624 versari
907 3569 1012 3624 Lunam
1033 3564 1060 3620 in
1081 3569 1192 3618 oetante
1213 3564 1380 3631 diametrali.
1409 3567 1487 3638 enjus
1513 3570 1682 3624 mutuarint

332 3672 427 3713 rerum
446 3663 498 3712 est
538 3654 577 3710 Et
596 3670 667 3725 quae
692 3650 774 3721 hujus
802 3650 844 3706 rei
867 3665 954 3704 eausa
978 3647 1074 3699 esset?
1115 3643 1260 3738 terei-inus
1281 3647 1388 3717 quidem
1409 3643 1683 3743 (bopgemoatanuq)

671 3763 696 3814 ι
966 3727 1584 3879 ttteitustrsui‘ztlzllt:

963 3901 1064 3956 parvos
1085 3885 1192 3940 erescit.
1233 3886 1314 3942 Dixit
1333 3888 1418 3952 enim.
1440 3889 1463 3943 si
1484 3889 1522 3944 sit
1541 3911 1560 3944 u
1579 3889 1643 3954 Sol,
1667 3911 1686 3962 y

963 3965 1050 4028 Luna.
1071 3965 1090 4018 d
1108 3965 1202 4030 Terra,
1222 3982 1283 4020 esse
1295 3973 1314 4036 ρ
1328 3975 1451 4024 centrum
1464 3971 1634 4026 consentiret
1646 3961 1685 4032 0.

522 4079 526 4088 .
964 4045 1072 4116 quando
1092 4061 1246 4118 apogaeum
1265 4055 1309 4100 est
1324 4065 1422 4122 supra„
1448 4050 1611 4108 Videamus.
1643 4051 1686 4105 sit

565 4155 585 4194 ο
729 4132 758 4161 ,·
961 4125 1029 4198 βγδ
1054 4131 1084 4178 et
1110 4126 1149 4178 sio
1178 4127 1196 4182 d
1204 4146 1247 4198 ay
1275 4119 1308 4181 2⁰
1329 4122 1392 4193 20,
1423 4129 1497 4185 sinus
1520 4129 1613 4188 4336.
1657 4129 1686 4186 si

337 4271 352 4315 ι
879 4269 902 4300 a
963 4222 1032 4277 ergo
1048 4225 1085 4276 oy
1102 4199 1349 4264 100000to1150
1364 4209 1559 4266 semidiametri
1568 4213 1685 4274 Terrae.
1757 4235 1758 4238 ¹

376 4303 403 4370 Τ
963 4277 1141 4357 quietatur
1159 4279 1274 4350 d9‚86l.
1302 4288 1446 4360 Proportio
1460 4293 1687 4363 quamproxime

269 4401 272 4410 .
967 4363 1100 4420 oonrenit.
1128 4363 1263 4421 Credibile
1277 4375 1321 4422 est
1334 4369 1428 4440 igitur,
1450 4380 1483 4424 ut
1502 4379 1549 4428 eat
1562 4361 1684 4434 orbis)

235 4486 239 4494 ,
332 4444 368 4498 ad
390 4441 482 4496 orbem
503 4435 549 4508 Θ,
578 4445 617 4498 sie
641 4460 703 4498 esse
730 4444 961 4499 eooentrioitatem
982 4435 1008 4508 0
1032 4447 1065 4500 ed
1093 4447 1187 4501 orbem
1208 4435 1245 4510 0.
1285 4449 1355 4511 Quid
1376 4450 1399 4504 si
1418 4450 1506 4523 igitur
1526 4459 1687 4508 mutaretur

212 4594 219 4602 .
333 4522 524 4577 eooeatrioitas
544 4541 593 4594 pro
613 4523 791 4596 proportione
812 4525 962 4579 distantiae
984 4515 1010 4587 0
1033 4541 1052 4580 a
1073 4517 1128 4584 Θι
1163 4528 1238 4582 'luno
1258 4529 1364 4599 quoties
1385 4519 1411 4590 0
1433 4531 1463 4586 iu
1480 4521 1523 4598 ό,
1546 4533 1685 4590 aeeentri-

332 4603 403 4658 uitas
424 4609 500 4658 esset
519 4604 636 4669 minima,
658 4621 743 4676 quare
764 4611 794 4659 et
813 4605 943 4676 aequatio
964 4607 1058 4670 minor,
1080 4613 1111 4661 et
1123 4608 1230 4678 quoties
1253 4599 1279 4670 0
1301 4609 1330 4664 in
1344 4603 1379 4675 0⁰,
1401 4609 1533 4668 maxima.
1567 4615 1686 4670 Falsum

333 4683 433 4756 igitur,
462 4685 534 4756 quod
561 4701 646 4755 supra
670 4683 735 4740 mibi
760 4685 814 4754 ipsi
838 4685 937 4754 objeci.
979 4686 1079 4740 Videor
1101 4703 1150 4757 pro
1170 4705 1213 4742 me
1235 4687 1276 4742 uti
1295 4705 1387 4759 posse.
1427 4691 1551 4748 Valeant
1571 4695 1685 4765 quidem

332 4765 406 4820 sinus
427 4764 548 4820 universi
577 4764 764 4837 elongationis
792 4754 819 4825 0
851 4782 870 4820 a
897 4767 1031 4822 diametro
1063 4761 1184 4822 ppetuu
1207 4771 1350 4840 augmenti
1375 4773 1564 4842 aequatioais‚
1595 4776 1621 4829 si
1642 4774 1686 4828 illi

332 4843 407 4899 ainus
429 4863 478 4900 seu
498 4845 694 4916 perpendicula
713 4845 741 4898 in
763 4835 787 4909 ὅ
810 4845 968 4901 inciderent
998 4851 1038 4900 Δι
1058 4847 1124 4918 quia
1142 4847 1233 4918 potior
1252 4865 1319 4920 pars
1339 4852 1457 4907 uTerra
1477 4853 1576 4920 oeteis,
1601 4856 1685 4926 idq‘ao

333 4925 460 4979 celeriter
479 4925 527 4979 ubi
548 4924 623 4980 sinus
644 4931 709 4980 sunt
729 4925 815 4997 longi,
836 4926 951 4998 ideoque
972 4933 1004 4982 ut
1022 4926 1074 4982 sin.
1095 4934 1147 4982 tot.
1169 4930 1204 4984 ad
1217 4946 1312 4985 versos
1333 4923 1408 4986 sinus
1428 4931 1505 4988 initio
1526 4933 1684 5008 longiores,

333 5003 375 5056 ita
395 5020 471 5059 mora
491 5005 567 5059 ainus
587 5005 736 5074 cujuslibet
755 5006 940 5076 elongationis
961 4995 988 5067 0
1011 5021 1030 5061 a
1049 5007 1197 5072 diametro,
1227 5011 1334 5068 oensite
1351 5028 1404 5082 per
1422 5015 1683 5084 perpendioularen
