3517 5525
503 599 719 683 Respondet
738 608 872 666 auctor
895 601 1040 685 Operis.

418 731 441 786 0
462 730 573 803 fulgens
593 744 696 801 genere
718 734 746 783 et
767 730 851 784 celsis
868 730 1010 785 natalibus
1030 730 1121 799 heros,

363 810 413 867 cni
433 816 511 864 certa
532 814 597 863 ante
618 811 688 863 alios
709 808 790 864 animi
812 810 940 866 coelestis
962 811 1040 883 origo

362 894 401 949 m
419 897 565 961 praestare
586 891 661 946 dedit
680 889 761 945 iactis
782 897 812 947 et
831 894 944 945 tendere
965 898 1049 946 cantu

363 975 538 1043 Hortatoque
558 988 656 1025 noram
677 972 855 1026 morientibus
876 972 976 1026 addere
998 970 1100 1029 vitam:

365 1052 435 1116 Quid
455 1050 590 1121 trepidum
612 1050 714 1122 optatis
737 1058 767 1107 et
786 1058 867 1106 tanta
888 1052 1013 1107 incendia
1033 1055 1131 1107 dudum

362 1132 553 1188 Nutricantem
575 1132 693 1187 animum
712 1133 827 1188 dammis
848 1139 986 1204 ventoque
1007 1133 1134 1205 fatigas?

363 1214 434 1269 Nam
456 1212 578 1283 quamvis
598 1218 681 1267 tanta
701 1228 772 1278 orsa,
794 1230 870 1268 meas
891 1213 1054 1285 superantia
1072 1214 1153 1279 vires,

363 1295 425 1349 Nou
445 1294 515 1347 alios
535 1301 661 1363 poscunt,
682 1309 764 1365 quarn
784 1294 840 1347 fert
860 1299 911 1348 tua
930 1294 1018 1359 Musa,
1040 1294 1198 1367 magistros,

364 1372 561 1446 Ingeniumque
582 1374 672 1428 animo
692 1374 780 1429 minus
800 1374 967 1447 ingenioque
987 1376 1107 1429 lacertos

364 1454 501 1509 Nuoendi
521 1454 587 1507 mihi
606 1455 671 1526 lege
691 1454 768 1510 dedit
787 1462 906 1510 uattrra:
928 1456 1056 1511 Sororum

366 1536 447 1590 Nona
465 1541 559 1589 tamen
579 1535 677 1589 Dium
696 1536 791 1590 coeli
810 1536 1002 1607 inspiravit
1023 1552 1176 1592 amorem.

417 1660 501 1715 Diras
523 1676 599 1715 amor
619 1662 681 1732 quid
703 1679 756 1715 non
777 1660 908 1717 mortalia
926 1668 1041 1733 pectora
1061 1661 1156 1733 cogit?

364 1742 414 1795 llle
433 1741 500 1796 mihi
519 1740 669 1813 ingenium,
690 1742 797 1796 validos
818 1741 894 1797 dedit
914 1742 962 1797 ille
983 1742 1111 1807 lacertos,

364 1822 419 1892 Spe
439 1840 493 1875 non
515 1839 606 1894 aequa
626 1822 759 1880 animans.
800 1822 853 1877 Sed
873 1823 946 1877 enim
966 1822 1082 1877 Junonis
1103 1820 1213 1895 iniquae

364 1902 516 1957 Scindimur
536 1904 610 1957 haud
631 1919 720 1973 aequo
741 1903 834 1956 studia
853 1904 882 1957 in
903 1904 1042 1957 contraria
1061 1902 1142 1979 uultu

364 1984 459 2054 Tuque
481 1988 512 2036 et
530 1983 610 2055 Ego:
632 1983 692 2037 Tibi
713 1982 823 2039 virtutis
844 1984 920 2039 dedit
940 1984 990 2037 illa
1011 1983 1142 2037 colendae

297 2073 299 2080 '
365 2063 528 2126 Materiam
549 2063 615 2117 mihi
635 2065 705 2118 dura
725 2064 830 2135 n'egal:
851 2064 923 2125 redit
943 2070 1021 2118 astus
1042 2065 1154 2127 eodem3

365 2143 513 2198 Aethereis
533 2158 628 2199 arcere
649 2144 716 2197 iocis
737 2144 865 2215 furtoque
887 2144 1046 2199 Promethei

365 2223 566 2288 Extinnlonte,
589 2241 681 2279 sacros
703 2225 839 2278 custodire
860 2224 964 2280 arctius
985 2224 1074 2295 ignes.

365 2306 442 2375 Ergo
463 2302 561 2375 opibus
581 2310 610 2357 te
630 2306 716 2376 larga
735 2312 845 2377 marat,
867 2306 978 2376 hilgore
999 2304 1107 2358 metalli

364 2384 560 2457 Perstringens
581 2386 683 2449 oculos,
704 2393 738 2439 nt
758 2386 813 2439 sint
833 2388 869 2439 ad
889 2384 994 2439 lumina
1013 2398 1115 2457 segnes

366 2464 485 2529 coelica,
505 2466 706 2536 purpureisque
725 2472 824 2535 optent
845 2484 875 2519 se
892 2466 1013 2537 jungere
1034 2463 1149 2535 pompis,

367 2546 443 2608 Quas
464 2545 589 2616 sequitur
608 2547 726 2600 blandus
747 2547 891 2617 popularis
913 2546 1009 2600 sibilus
1030 2562 1133 2608 aurae;

366 2625 562 2697 infandumque
583 2625 702 2680 minetur
721 2626 778 2680 fors
799 2632 939 2681 contemta
959 2628 1087 2681 dolorem.

419 2752 512 2808 hlacte
533 2750 623 2806 animo
644 2750 710 2806 forti
729 2751 817 2807 riotor
836 2752 981 2826 Divaeque
1001 2750 1193 2827 hominumque

364 2835 544 2904 Adeptusque
565 2832 623 2888 tui:
645 2832 692 2904 qui
712 2850 783 2905 quae
804 2834 919 2890 rationis
941 2834 1029 2890 ocello

367 2915 533 2968 Affectanda
552 2915 662 2984 probas,
685 2930 755 2968 ausu
776 2921 922 2969 constante
944 2919 1063 2977 secutus,

367 2997 393 3048 Α
406 3000 495 3064 ,patre
515 2995 691 3049 transmissos
710 2994 827 3064 potuisti
848 3012 979 3066 spernere
1000 3011 1106 3048 oeneus.

367 3063 472 3130 Desine
492 3075 527 3128 ad
547 3075 618 3128 hanc
638 3073 744 3144 privam
765 3075 853 3129 socios
875 3091 1016 3130 accersere
1037 3074 1155 3136 laudem,

366 3156 514 3228 Verbaque
534 3153 688 3208 fluminibus
709 3155 876 3210 inscribere:
898 3157 959 3212 Non
980 3156 1059 3218 bene,
1081 3152 1168 3207 virtus

368 3234 500 3306 Gazaqne
520 3235 704 3307 conveniunt;
726 3235 831 3290 distant
850 3237 967 3292 immane
988 3236 1122 3306 polusque

367 3317 516 3388 Terraque,
537 3322 568 3370 et
588 3314 703 3369 alterius
723 3315 793 3370 levis
815 3323 860 3370 est
879 3324 1022 3388 respectus
1043 3314 1070 3368 in
1092 3330 1153 3368 uno.
1211 3380 1214 3385 Δ

419 3433 520 3502 Meque
540 3432 610 3485 adeo
631 3438 784 3500 aspernata
802 3432 962 3487 immensum
983 3429 1079 3485 invidit
1097 3429 1228 3484 honorem

366 3511 441 3567 Diva
460 3518 576 3582 potens;
596 3511 779 3582 brevibusque
800 3513 928 3584 ingentia
947 3519 1014 3566 vota
1034 3515 1177 3565 coarctans

366 3591 520 3656 limitibus,
540 3592 610 3648 nihil
632 3592 754 3656 indulsit,
776 3597 847 3664 quod
867 3611 998 3664 spernere
1018 3607 1126 3662 possem

367 3673 453 3728 Musis
473 3673 666 3743 postpositum,
688 3679 740 3726 aut
759 3681 896 3729 astrorum
918 3691 1057 3745 opponere
1077 3687 1175 3726 curae:

367 3754 560 3824 vicissentque
581 3753 645 3810 odia
665 3761 750 3825 atque
770 3755 847 3808 ansis
867 3755 1026 3827 ingentibus
1046 3751 1188 3818 obstent'

365 3834 563 3906 ingeniumque
583 3841 683 3904 potens
704 3849 820 3902 superas
840 3836 960 3889 volitare
980 3851 1031 3905 per
1051 3847 1129 3887 artes

367 3914 465 3970 Invida
484 3913 559 3970 homi
580 3923 718 3985 premeret
737 3915 925 3970 Rhamnusia:
947 3933 990 3970 me
1010 3912 1063 3972 nisi
1083 3913 1170 3983 primo

366 3997 399 4050 In
418 3995 492 4050 bivio
513 3995 597 4060 vitae,
620 3996 758 4050 coelorum
778 4009 882 4051 arcana
903 3996 1017 4060 canendi
1201 4059 1202 4069 χ

365 4076 562 4132 Praevenisset
581 4092 665 4142 amor,
686 4084 738 4130 tua
758 4093 811 4147 per
830 4078 953 4148 vestigia
972 4091 1107 4148 mesum.

418 4192 496 4265 Ergo
517 4191 607 4246 animo
627 4193 750 4248 lustrans
772 4192 852 4247 tritos
874 4192 1015 4247 erronibus
1037 4193 1126 4258 orbec,

368 4275 557 4343 lmmanesque
578 4273 665 4328 minae
687 4280 717 4328 et
735 4273 876 4328 hiantibus
898 4273 1053 4328 intervallis

367 4353 479 4409 Moenia
499 4371 549 4406 nec
569 4355 667 4424 positis
687 4353 778 4408 mundi
799 4353 907 4408 ruitura
927 4355 1075 4418 columnis;

366 4436 438 4490 Dum
460 4450 558 4488 causas
580 4453 636 4489 nox
657 4441 722 4490 atra
741 4435 842 4505 premit
862 4451 1012 4506 securaque
1033 4435 1092 4488 veri

366 4508 489 4570 Proteno
510 4515 637 4570 indormit
657 4515 814 4585 sapientum
834 4515 918 4570 turba
938 4517 1091 4588 magistro:

366 4595 524 4669 Aggredior
544 4597 629 4649 iidens
650 4595 725 4649 oneri
747 4597 891 4651 succedere
912 4603 1000 4660 tanto,

367 4677 410 4731 Et'
426 4676 586 4730 stabilire
606 4677 702 4730 noris
724 4675 813 4730 coeli
835 4675 1019 4748 laquearia
1039 4675 1231 4738 transtris;

367 4756 512 4812 Materiam
532 4757 639 4812 Samius
660 4757 801 4821 famosam,
824 4758 940 4828 quinque
962 4748 1088 4831 figuras‚'

367 4837 496 4892 Euclides
517 4854 646 4901 normam,
668 4844 786 4890 mentem
807 4837 881 4891 dedit
901 4837 1007 4911 inclyta
1024 4837 1135 4899 Pallas;

369 4917 470 4977 Uranie
491 4917 663 4990 ingeminans
683 4935 739 4974 uon
758 4934 812 4972 uuo
832 4918 984 4990 interprete
1004 4920 1120 4989 plausus

367 4998 494 5056 Accinuit
513 5000 657 5070 celebrem,
680 5015 807 5056 successu
827 4999 914 5067 laete,
937 5000 1111 5070 triumphum.
