3517 5525
573 395 581 409 ‘
601 375 664 430 Para
679 376 770 432 Primi„
811 372 957 446 deputVI.
1105 308 1110 331 ι
1384 378 1447 449 201

106 558 197 621 rides
224 554 342 631 munia,
372 558 405 617 et
430 555 586 619 metricum
612 555 840 637 intelligentiam
871 576 962 621 unam
982 557 1015 619 in
1037 560 1139 619 centro
1162 557 1287 641 epieycli
1310 558 1449 635 colloces,
1534 578 1543 598 ⁴

106 648 238 709 alteram
269 647 301 709 in
331 663 455 725 corpore
487 645 646 725 planetae,
672 664 711 709 ea
740 664 816 726 quae
843 646 873 708 in
897 655 998 711 centro
1023 646 1146 710 Terram
1178 650 1300 727 (corpus
1330 651 1449 726 nempe)

107 736 253 818 respiciet
275 744 308 797 et
329 732 498 799 circumibit
520 734 644 797 Terram
667 736 697 798 in
719 735 860 797 circulum
882 735 1086 816 inaequaliter,
1113 755 1188 823 qnae
1211 755 1281 799 vero
1297 736 1326 797 in
1340 744 1450 815 puncto

107 825 368 888 circumferentiae
392 826 513 904 (nempe
536 823 566 885 in
590 843 713 905 corpore
739 825 894 905 planetae)
919 824 1086 888 circumibit
1104 835 1237 888 centrum
1247 820 1451 905 incorporeum

106 926 139 977 et
160 916 192 977 id
215 914 393 996 aequaliter.
440 910 610 983 Quaeretur
640 914 731 993 igitur
754 921 911 993 utsupra,
935 914 1039 995 quibus
1064 914 1117 977 illa
1139 914 1327 986 adminiculis
1348 915 1378 975 id
1401 915 1450 976 in-

18 1070 31 1097 ·
105 1022 284 1085 corporeum
321 1010 462 1083 punctum
494 1002 721 1066 ‘circumveniat
783 1002 853 1065 Non
885 1003 962 1065 enim
1002 1022 1055 1083 per
1090 1002 1303 1083 geometricam
1341 1003 1450 1083 imagi·

105 1093 330 1166 001100010001
352 1090 430 1171 quod
453 1092 667 1170 geometricam
684 1092 730 1156 sui
746 1092 991 1173 imaginationem
1002 1111 1059 1155 000
1069 1093 1203 1178 admittit
1210 1112 1220 1169 ;
1243 1100 1449 1171 necpnnctum

105 1181 218 1245 mobile
252 1180 282 1241 in
312 1198 372 1241 non
401 1198 527 1260 corpore
558 1178 819 1263 rel-imaginando
848 1181 1012 1243 subsistere
1035 1188 1152 1262 potest;
1169 1190 1217 1253 xet
1238 1202 1293 1243 nos
1316 1182 1450 1243 homines

108 1269 281 1351 hujusmodi
316 1275 429 1349 puncta
464 1269 665 1349 imaginantes
692 1270 880 1350 adminiculis
916 1270 1026 1335 utimur
1054 1271 1232 1335 tabellarum
1259 1272 1308 1333 vel
1332 1272 1448 1352 papyri,

93 1380 181 1442 ³quae
205 1368 377 1421 tractamus
400 1359 538 1421 manibus
560 1360 610 1421 vel
632 1360 819 1423 meminimus
841 1378 897 1423 000
920 1360 990 1421 olim
1013 1369 1174 1421 tractasse.
1219 1362 1265 1423 At
1288 1380 1382 1441 neque
1397 1379 1451 1440 per

105 1449 265 1531 physicam
294 1448 485 1511 effluxionem
512 1448 633 1511 virtutis
663 1450 753 1529 (quae
780 1450 811 1511 in
838 1458 941 1513 centro
969 1450 1107 1531 epicycli)
1137 1468 1227 1531 usque
1255 1450 1293 1511 ad
1321 1452 1449 1513 circum·

106 1538 268 1601 larentiam
291 1545 452 1617 01001000
474 1538 625 1617 planetae.
671 1538 741 1602 Jarn
763 1538 840 1601 enim
863 1538 1039 1601 sustulimus
1062 1540 1138 1601 hune
1161 1539 1282 1601 virtutis
1297 1538 1449 1614 effluxum,

106 1628 212 1689 divisis
248 1626 354 1688 muniis
383 1627 541 1707 compositi
567 1637 666 1690 motus
692 1628 772 1691 inter
798 1627 884 1690 binas
907 1636 1032 1691 mentes.
1081 1626 1161 1698 Quin
1185 1628 1276 1691 etiarn
1300 1627 1329 1689 in
1353 1627 1450 1707 prima

106 1727 138 1777 et
169 1715 343 1778 ec'centrica
364 1716 494 1779 motione
523 1716 690 1791 dubitatur,
722 1734 761 1778 an
784 1716 877 1778 virtus
902 1717 1002 1799 aliqua
1025 1717 1181 1788 naturalis,
1206 1714 1377 1783 admotum
1401 1716 1447 1777 in-

106 1806 263 1867 ferendum
288 1814 471 1883 comparata,
496 1805 595 1885 possit
616 1807 646 1868 in
668 1815 778 1886 puncto
800 1805 898 1887 aliquo
922 1805 1104 1882 subsistere,
1128 1807 1206 1888 quod
1229 1806 1307 1869 omni
1330 1807 1454 1894 proprio

107 1914 233 1975 corpore
257 1895 382 1957 emeat?
404 1896 499 1961 multo
522 1894 619 1973 magis
642 1915 681 1955 an
703 1895 872 1975 hujusmodi
894 1895 1068 1975 incorporea
1092 1896 1186 1959 virtus
1210 1917 1242 1959 se
1258 1897 1356 1978 ipsam
1369 1895 1449 1959 circa

107 1984 232 2045 Terram
255 1984 484 2065 cncnmagitare
508 1994 539 2047 et
562 1985 598 2046 de
622 1985 688 2046 loeo
711 1983 852 2047 inlocum
869 1985 998 2047 transire
1017 1979 1139 2065 possit?
1164 1992 1196 2048 et
1209 1987 1303 2049 multo
1319 1986 1447 2047 maxime

106 2094 144 2134 an
176 2080 293 2135 metum
320 2074 372 2136 alii
400 2081 466 2154 per'
484 2075 626 2137 effluxum
657 2093 695 2135 ex
724 2094 757 2135 se
784 2074 851 2154 ipsa
877 2076 1094 2137 communicare
1125 2094 1178 2137 seu
1205 2074 1313 2137 inferre
1336 2075 1444 2155 possit,

107 2162 178 2225 nulli
202 2162 309 2224 innixa
330 2163 446 2245 corpori
470 2183 523 2225 ceu
546 2163 637 2225 nido?
682 2163 762 2225 Nam
784 2182 860 2243 quae
884 2162 1022 2225 sublimia
1039 2163 1230 2238 deessentia,
1255 2172 1345 2238 motu,
1370 2164 1446 2239 loco,

106 2251 332 2332 operationibus
363 2253 520 2315 beatorum
547 2254 721 2333 angelorum
748 2261 779 2313 et
807 2260 1015 2332 separatarum
1036 2252 1180 2315 mentium
1204 2253 1275 2315 mihi
1298 2267 1447 2329 opponere

106 2341 197 2421 aliqui
228 2340 347 2417 uolent,
380 2342 602 2418 impertinentia
631 2350 710 2405 sunt.
755 2340 953 2417 Disputamua
982 2340 1060 2405 enirn
1087 2343 1124 2403 de
1148 2342 1236 2405 rebus
1259 2342 1446 2407 naturalibus

11 2474 18 2496 .
106 2429 264 2511 dignitatis
287 2429 375 2509 longe
398 2430 556 2507 inferioris,
578 2432 615 2493 de
629 2430 788 2493 virtutibus
806 2430 888 2493 nullo
908 2430 1032 2494 arbitrio
1047 2430 1086 2493 ad
1100 2432 1276 2495 variandam
1299 2432 1448 2495 actionem

106 2518 279 2595 00000010,
295 2518 331 2580 de
345 2520 495 2583 mentibus
508 2518 627 2583 minime
643 2539 715 2583 sane
731 2521 889 2601 separatis,
905 2539 971 2583 cnm
990 2520 1051 2583 sint
1066 2520 1242 2600 conjunctae
1257 2529 1289 2583 et
1301 2522 1447 2601 alligatae

107 2606 280 2689 corporibus
295 2587 476 2673 caeles‘tibus
490 2609 644 2673 vehendis.
666 2610 767 2689 Atque
777 2609 853 2684 baec
862 2610 892 2671 in
903 2628 1010 2691 genere
1019 2610 1193 2673 Ptolemaeo
1208 2610 1297 2691 objici
1310 2620 1446 2692 potsunt

194 2704 258 2768 Sed
281 2705 394 2788 aliquid
426 2706 520 2770 etiam
542 2708 716 2770 Ptolemaeo
743 2708 874 2778 dicatur,
908 2708 946 2771 ob
971 2708 1054 2790 quod¹
1071 2709 1101 2772 in
1124 2708 1226 2790 specie
1248 2730 1268 2772 a
1289 2728 1343 2772 000
1367 2716 1449 2772 0010

106 2795 205 2858 medio
229 2794 312 2860 Solis
339 2795 493 2860 discedere
516 2803 550 2859 et
575 2806 770 2878 apparentem
799 2797 952 2861 uobiscum
983 2799 1125 2882 amplecti
1152 2799 1234 2862 velit
1280 2799 1400 2862 Etenim
1423 2799 1450 2862 si

105 2886 201 2947 virtus
225 2903 348 2948 movens
370 2886 523 2966 planetam
547 2887 618 2960 (se'u
638 2907 712 2961 una,
744 2906 798 2948 seu
820 2887 952 2966 gemina)
981 2889 1020 2950 ad
1043 2887 1146 2950 Solem
1177 2887 1317 2969 respicit,
1349 2891 1394 2952 ite
1416 2897 1449 2952 ut

103 2975 260 3054 planetam
291 2973 350 3036 imo
390 2975 456 3037 1000
492 2975 618 3056 epicycli
650 2983 769 3044 statuat
808 2981 975 3058 (epieyelurn
1008 2987 1053 3042 hie
1086 2987 1215 3060 intellige
1244 2987 1449 3054 Ptolemaidem,

104 3075 242 3128 secundae
266 3073 462 3146 inaequalitati
488 3071 718 3145 inservientem),
732 3066 1009 3144 quotiesscentrum
1032 3065 1158 3147 epinycli
1182 3087 1198 3128 e
1226 3067 1346 3148 regione
1371 3066 1451 3131 Solis

105 3161 178 3227 stat,
202 3172 314 3234 quaero
336 3162 370 3215 ut
393 3171 498 3233 supra,
527 3173 580 3216 cur
601 3154 701 3234 petius
725 3154 764 3215 ad
785 3163 927 3235 punctum
955 3154 1216 3234 imaginariumY
1233 3157 1327 3236 (quod
1350 3157 1452 3219 Solem
1494 3179 1498 3188 ’

104 3243 202 3322 ipsum
226 3261 279 3321 per
302 3243 333 3304 Σ
354 3249 489 3305 notatum
509 3242 576 3323 jam
595 3242 766 3324 praecedit,
793 3235 858 3322 jadr
880 3243 1032 3323 sequitur,
1062 3243 1128 3324 jam
1152 3261 1260 3324 snpra,
1285 3246 1350 3324 jam
1373 3246 1451 3308 infra

104 3334 184 3406 stat)
208 3349 296 3412 quam
319 3332 359 3394 ad
372 3331 468 3412 ipsum
482 3330 565 3394 Solis
587 3350 695 3411 corpus
717 3332 882 3413 respiciat?
906 3341 959 3394 aut
973 3334 1121 3413 quomodo
1144 3334 1239 3396 virtus
1261 3334 1316 3420 illa
1338 3343 1450 3398 motum

104 3421 200 3501 ipsius
225 3424 254 3483 Y
271 3420 351 3505 circa
372 3423 406 3483 K
424 3422 549 3484 Terram
577 3422 729 3502 percipere
761 3421 879 3483 omnino
910 3423 1026 3502 possit,
1059 3442 1125 3484 oum
1148 3422 1179 3485 in
1202 3427 1235 3485 Ψ
1260 3443 1367 3505 corpus
1390 3441 1449 3484 non

105 3510 169 3572 sit?
201 3517 294 3572 etan
317 3528 375 3572 000
401 3511 446 3572 011
476 3509 685 3580 verisimilius,
720 3511 885 3592 epicyclum
907 3512 946 3574 ad
976 3511 1070 3575 lineas
1094 3513 1160 3575 ΚΣ
1189 3513 1361 3593 apparentis
1392 3512 1450 3575 loci

104 3597 195 3675 Solis,
221 3599 339 3680 quando
354 3598 411 3661 hae
425 3619 480 3681 per
499 3609 634 3662 centrum
651 3599 777 3682 epicycli
800 3609 969 3677 transeunt,
993 3602 1136 3664 restitui?
1160 3602 1324 3664 Videamus
1347 3601 1450 3681 igitur,

106 3689 176 3768 quid
207 3688 239 3750 in
272 3689 438 3752 eccentrico
474 3688 647 3752 immutetur
675 3708 729 3768 per
765 3691 949 3771 apparentis·
970 3700 1069 3754 motus
1099 3691 1180 3753 Solis
1216 3690 1449 3770 usurpationem.

105 3775 237 3840 Rursum
260 3776 351 3858 igitur
374 3779 423 3851 (ut
444 3779 546 3858 prius)
570 3798 635 3857 curn
657 3781 686 3841 Γ
703 3775 756 3840 Sol
780 3788 811 3840 et
833 3783 867 3842 Ψ
887 3789 1020 3856 centrum
1048 3780 1204 3842 ecoentrici
1229 3778 1310 3843 Solis
1334 3799 1400 3844 oum
1422 3783 1455 3844 K

106 3867 198 3928 Terre
223 3866 252 3928 in
277 3867 381 3930 eadem
405 3875 453 3928 est
476 3867 566 3943 linea,
590 3868 632 3929 010
653 3875 689 3930 01
711 3871 772 3931 sps
790 3869 965 3949 apparentis
989 3877 1021 3930 et
1041 3872 1105 3932 ΚΓ
1127 3869 1217 3932 medii
1245 3879 1344 3934 motus
1369 3870 1451 3934 Solis

106 3955 291 4030 coincidunt,
320 3963 391 4018 tunc
415 3959 444 4018 T
462 3965 564 4019 centro
588 3956 713 4039 epioycli
735 3967 838 4019 manet
858 3959 908 4022 hic
931 3959 1028 4033 locus,
1063 3959 1132 4020 sive.
1150 3978 1203 4039 per
1225 3959 1292 4023 ΚΤ
1310 3960 1374 4024 01νο
1398 3979 1452 4040 0οι
1476 3973 1482 3990 ’

106 4046 171 4106 ΨΤ
188 4045 245 4107 sub
268 4045 334 4106 fixis
357 4046 541 4125 designetur,
569 4064 697 4126 vereque
719 4047 843 4127 planeta
864 4055 914 4109 est
935 4048 966 4109 in
989 4048 1069 4108 linea
1091 4049 1156 4111 ΚΤ
1173 4069 1227 4112 000
1250 4052 1317 4112 llll*
1337 4060 1369 4114 et
1391 4051 1450 4113 imo

108 4134 171 4195 loco
195 4133 322 4215 epicycli
345 4133 388 4210 Φ,
423 4134 492 4216 quia
514 4134 563 4196 liic
586 4144 617 4198 et
638 4135 754 4216 ipsius
773 4144 805 4198 01
826 4135 884 4217 1001
907 4139 938 4198 K
957 4137 1109 4216 proximus
1133 4147 1200 4200 est:
1232 4151 1451 4222 proptereaque

107 4222 230 4302 planeta
254 4242 322 4286 vere
349 4234 457 4286 exutus
480 4233 528 4284 est
550 4222 766 4304 inaequalitate
789 4226 931 4289 secunda.
974 4227 1017 4287 At
1040 4246 1107 4288 cnm
1131 4227 1185 4290 Sol
1208 4229 1247 4290 ad
1270 4231 1317 4292 sui
1340 4249 1449 4294 eccen-

105 4311 173 4376 trici
196 4314 278 4375 latus
301 4332 355 4374 seu
377 4308 580 4393 longitudines
603 4313 719 4375 medias
741 4315 833 4388 venit,
856 4315 1027 4378 differentia
1050 4317 1127 4378 satis
1146 4337 1255 4396 magna
1277 4318 1448 4382 intervenit.

106 4399 200 4464 luerit
231 4402 311 4464 enim
333 4401 388 4464 Sol
410 4422 429 4463 a
451 4405 479 4465 Γ
502 4402 532 4463 10
557 4403 589 4462 Σ
617 4411 649 4464 01
678 4403 846 4466 inveniatur
877 4405 958 4466 linea
987 4405 1076 4466 medii
1106 4415 1204 4468 motus
1233 4405 1315 4472 Solis
1337 4411 1368 4472 K
1375 4410 1404 4471 P
1421 4406 1450 4468 10

106 4492 221 4568 Ariete,
246 4500 278 4553 et
296 4491 377 4554 linea
395 4490 517 4553 visionis
540 4492 680 4571 planetae
703 4491 769 4554 ΚΩ
791 4492 821 4554 10
834 4493 929 4556 Libra
950 4495 1087 4574 praecise
1110 4495 1155 4558 illi
1179 4497 1329 4576 opposita,
1354 4507 1388 4561 ut
1410 4497 1451 4557 sit

107 4581 199 4644 ΤΚΩ
222 4581 304 4644 11000
326 4600 394 4643 000.
435 4577 516 4652 Quia
538 4597 608 4659 ergo
622 4581 814 4650 Ptolemaeus
837 4583 955 4658 statuit,
979 4585 1134 4664 planetam
1149 4585 1179 4646 Ω
1202 4587 1231 4648 10
1254 4586 1311 4650 hac
1334 4586 1449 4648 visione

106 4670 169 4732 ΚΩ
192 4667 313 4732 exuisse
346 4669 508 4732 secundam
537 4670 798 4751 inaequalitatem,
831 4673 917 4753 ponit
946 4673 1036 4749 igitur
1058 4675 1084 4736 Z
1107 4684 1240 4737 centrum
1271 4673 1397 4759 epicycli
1420 4676 1450 4737 in

105 4759 163 4821 ΚΩ
185 4760 275 4822 11000.
324 4757 400 4821 Cum
427 4767 528 4821 autem
550 4760 620 4821 ΚΣ
645 4760 832 4841 superaverit
853 4763 926 4837 ΚῬ,
958 4781 1105 4842 apparens
1137 4763 1230 4843 igitur
1260 4768 1342 4829 locus
1365 4764 1447 4828 Solis

107 4857 155 4911 est
175 4850 257 4911 ultra
280 4847 499 4929 oppositionem
521 4868 587 4910 cum
609 4848 741 4928 planeta.
785 4850 892 4930 Neque
911 4850 977 4913 ΚΩ
999 4853 1030 4912 10
1052 4853 1218 4931 posteriore
1241 4859 1374 4935 tempore
1395 4843 1450 4918 de-

107 4938 235 5016 scendit,
258 4946 294 5000 ut
316 4946 484 5019 opponatur
505 4937 565 5021 ipsi
585 4939 662 5016 ΚΣ,
687 4937 742 5002 sed
764 4940 901 5004 ascendit
923 4959 1029 5004 versus
1052 4941 1130 5020 ΚΦ,
1155 4941 1224 5023 quia
1245 4954 1349 5026 partes
1373 4946 1449 5010 imae
