3517 5525
688 396 847 459 hardoisa.
898 468 901 475 ¹
1378 404 1435 471 151

170 580 270 634 Vera
286 580 378 652 igitur
397 584 553 639 doctrina
572 586 610 638 de
630 585 812 656 gravitate
832 584 875 640 his
897 585 1022 641 innititur
1042 586 1242 643 axiomatibus:
1485 652 1490 663 ¹

170 660 267 714 Ornuis
288 664 449 718 substantia
469 681 610 735 corperea,
633 675 767 735 quatenus
788 683 936 735 corporea,
966 674 1035 737 apta
1055 676 1124 723 nata
1144 675 1188 721 est
1208 666 1348 739 quiescere
1368 668 1438 721 omni

94 741 158 805 leco,
181 740 210 795 in
232 756 287 811 quo
307 744 441 800 solitaria,
455 745 566 815 ponitur
585 752 670 800 extra
689 747 781 800 orbem
801 746 911 805 virtutis
933 746 1043 819 cognati
1065 748 1193 817 corporis.

170 831 306 887 Gravitas
328 840 373 887 est
391 835 500 894 allectio
521 854 655 907 corporea
674 844 769 891 mutua
789 837 861 890 inter
880 846 1001 908 cognata
1031 854 1147 907 corpora
1166 839 1202 891 ad
1222 836 1370 890 unitionem
1390 854 1440 889 seu

93 912 316 981 conjunctionem
337 914 402 984 (qno
423 932 512 969 rerum
533 918 626 971 ordine
647 924 692 970 est
710 925 741 971 et
754 916 872 970 facultas
892 914 1073 988 magnetica),
1094 924 1126 971 ut
1147 917 1230 971 multo
1251 917 1340 987 magis
1355 917 1442 971 Terra

93 994 190 1047 trabat
209 992 341 1063 lapidem,
363 1011 443 1064 quam
463 994 536 1065 lapis
557 997 629 1068 petit
648 999 769 1053 Terram.

169 1073 281 1127 Gravia
302 1068 340 1142 (si
359 1076 478 1129 maxime
499 1074 612 1131 Terram
632 1077 659 1131 in
680 1085 774 1132 centm
795 1078 886 1131 mundi
906 1072 1083 1143 collocemus)
1105 1094 1158 1131 non
1180 1077 1305 1131 seruntur
1326 1078 1361 1128 ad
1379 1094 1441 1129 cen·

93 1160 161 1207 trum
181 1153 292 1216 mundi,
319 1162 353 1208 ut
372 1156 408 1209 ad
428 1164 551 1210 centrum
571 1157 675 1221 mundi,
705 1159 754 1211 sed
783 1164 815 1212 ut
844 1158 879 1211 ad
901 1165 1023 1212 centrum
1049 1156 1155 1211 retundi
1177 1156 1290 1228 cognati
1311 1155 1441 1225 corporis,

92 1233 212 1297 Telluris
234 1232 349 1287 seilicet.
390 1236 489 1305 ltaque
508 1238 662 1308 ubicunque
683 1238 833 1292 collocetur
861 1254 910 1291 seu
938 1256 1097 1309 quocunque
1125 1238 1327 1307 transportetur
1348 1236 1441 1290 'l'cllus

92 1314 232 1367 mmsase
253 1329 306 1367 sua
325 1312 447 1379 animali,
469 1332 578 1387 semper
598 1320 633 1373 ad
653 1318 730 1371 illam
749 1318 875 1371 feruntur
896 1318 1002 1391 gravia.

169 1394 202 1448 Si
223 1391 313 1447 Terra
331 1411 386 1448 non
406 1403 482 1450 esset
501 1400 628 1461 rotunda,
649 1398 750 1470 gravia
768 1414 822 1451 nen
842 1397 1015 1469 undiquaque
1036 1398 1173 1451 ferrentur
1186 1400 1264 1449 recta
1278 1396 1312 1448 ad
1327 1394 1441 1449 medium

91 1475 196 1528 Terrae
219 1478 359 1545 punctum,
381 1478 429 1529 sed
450 1477 587 1532 terrentur
607 1480 641 1533 ad
663 1485 766 1547 puncta
785 1478 894 1531 diversa
914 1494 932 1531 a
953 1478 1085 1533 lateribus
1105 1476 1228 1531 diversis.
1256 1486 1259 1497 ¹

169 1552 201 1608 Si
222 1556 277 1607 duo
299 1554 406 1623 lapides
428 1557 453 1611 in
478 1557 571 1627 aliquo
601 1560 660 1613 loco
690 1558 781 1613 muudi
811 1558 1013 1612 collocarentur
1043 1554 1185 1627 propinqui
1215 1552 1329 1609 invicem
1359 1560 1442 1608 extra

91 1636 185 1689 arbem
207 1633 321 1689 virtutis
342 1636 417 1689 tertii
438 1638 551 1709 cognati
572 1639 705 1709 corporis,
727 1638 768 1691 illi
789 1638 896 1707 lapides
918 1639 951 1692 ad
973 1637 1174 1693 similitudinem
1195 1638 1307 1689 duorum
1326 1650 1439 1705 magne-

92 1715 209 1769 ticemm
231 1730 375 1783 corporum
395 1715 500 1770 coirent
520 1718 580 1772 loeo
601 1718 768 1780 intermedio,
789 1717 907 1811 qupibec
927 1720 1059 1772 accedens
1081 1720 1116 1771 ad
1132 1717 1249 1770 alterum
1264 1719 1343 1768 tanto
1356 1714 1441 1769 inter-

91 1796 178 1859 ralle,
200 1802 310 1865 quanta
329 1801 375 1864 eat
394 1796 509 1851 alterius
530 1799 615 1853 moles
636 1798 665 1852 in
685 1804 897 1867 comparatione.
1424 1808 1426 1815 ’

170 1874 202 1929 Si
224 1876 305 1929 Luna
325 1882 355 1929 et
375 1877 462 1931 Terra
480 1896 534 1932 nou
554 1880 740 1934 retinerentur
758 1878 785 1931 vi
805 1878 918 1932 animali
949 1884 999 1932 aut
1028 1876 1085 1931 alia
1112 1874 1207 1947 aliqua
1234 1873 1441 1953 aequipollenti,

92 1956 239 2026 quaehlset
257 1955 286 2008 in
306 1972 356 2008 suo
377 1956 502 2023 circuitu,
524 1960 611 2013 Terra
631 1961 793 2013 escenderet
813 1960 847 2011 ad
866 1958 972 2011 Lunam
994 1958 1220 2028 quinquagesima
1240 1960 1342 2026 quarta
1361 1964 1442 2025 parte

90 2035 245 2101 intervalli,
265 2034 346 2089 Luna
366 2039 544 2093 descenderet
563 2042 598 2093 ad
619 2040 730 2094 Terram
752 2038 951 2110 quinquaginta
975 2038 1063 2091 tribus
1084 2037 1191 2090 circiter
1210 2036 1335 2106 partibus
1356 2035 1441 2091 inter·

91 2114 178 2179 ralli,
207 2114 303 2187 ibique
328 2115 528 2188 jungerentur:
558 2120 649 2195 posito
679 2115 779 2181 tamen,
811 2120 882 2189 quod
903 2118 1059 2173 substantie
1089 2118 1230 2188 utriusque
1257 2115 1294 2169 sit
1313 2114 1392 2170 unius
1413 2122 1443 2171 et

91 2194 218 2265 ejusdem
238 2196 394 2250 densitatis.

172 2276 203 2331 Si
224 2276 313 2330 Terra
332 2285 453 2332 cessaret
467 2278 610 2333 attrahere
627 2281 661 2333 ad
676 2295 706 2333 se
720 2294 806 2349 aquas
821 2295 895 2341 suas,
917 2294 1008 2349 aquae
1022 2276 1144 2331 marinae
1159 2292 1251 2331 omnes
1266 2276 1442 2337 elevarentur

92 2356 171 2410 etin
192 2372 294 2425 cerpus
314 2356 410 2411 Lunae
431 2358 584 2415 induerent
1127 2410 1129 2415 .

173 2436 257 2491 Orbis
278 2436 388 2491 virtutis
409 2439 567 2501 tractoriae,
590 2436 660 2510 quae
680 2446 724 2491 est
738 2438 770 2491 in
782 2437 871 2501 Luna,
895 2436 1045 2509 porrigitur
1065 2454 1151 2508 usque
1173 2438 1207 2491 ad
1222 2436 1322 2493 Terras
1336 2440 1365 2487 et
1379 2451 1441 2504 pro·

92 2518 181 2571 lactat
201 2532 291 2587 aquas
312 2518 364 2570 sub
384 2534 481 2571 zonam
502 2518 640 2581 torridam,
663 2519 763 2590 quippe
782 2518 810 2572 in
832 2534 971 2572 occursuro
987 2534 1063 2572 suurn
1083 2534 1243 2588 quacunque
1265 2516 1292 2569 in
1312 2514 1442 2569 verticem

91 2596 145 2652 leci
167 2596 273 2659 incidit,
294 2597 491 2652 insensibiliter
510 2598 539 2652 iu
559 2600 679 2654 maribus
698 2591 819 2661 iriciusis,
841 2598 1010 2652 sensibiliter
1023 2596 1069 2661 ibi,
1085 2596 1131 2653 ubi
1151 2604 1216 2653 sunt
1230 2594 1356 2651 latissimi
1370 2594 1442 2648 alvei
1484 2608 1486 2615 ·

92 2676 189 2731 oceani
211 2678 347 2748 aquisque
367 2678 493 2747 spatiosa
512 2679 735 2751 reciprocationis
750 2679 880 2749 libertas3
903 2696 956 2749 que
976 2679 1049 2731 lacto
1066 2679 1203 2733 nudantur
1216 2678 1300 2733 litera
1313 2690 1444 2749 zonarum

92 2765 123 2812 et
141 2756 286 2812 climatum
306 2758 464 2813 lateralium
485 2768 516 2813 et
535 2758 558 2813 si
579 2776 634 2831 qua
654 2759 738 2816 etiam
757 2762 808 2814 sub
822 2760 927 2814 torrida
940 2760 1015 2814 sinus
1030 2758 1152 2813 efficiunt
1166 2756 1333 2813 reductiore's
1348 2754 1444 2810 oceani

93 2837 251 2909 propinqui.
292 2840 389 2909 Itaque
411 2839 489 2909 aquis
511 2841 538 2894 irs
558 2840 652 2896 latiori
672 2843 752 2896 alveo
773 2841 868 2894 oceani
890 2839 1113 2910 assurgentibus,
1140 2839 1199 2894 flori
1227 2843 1333 2909 potest,
1364 2835 1445 2891 utin
1515 2845 1518 2854 “

94 2918 305 2990 angustioribus
326 2919 387 2987 ejus
407 2920 529 2982 sinubus,
550 2923 628 2974 modo
648 2939 701 2976 non
723 2919 803 2975 nimis
822 2926 899 2974 arcte
920 2918 1063 2982 conclusis,
1087 2937 1175 2991 aquae
1196 2925 1343 2990 praesente
1363 2916 1444 2971 Luna

91 2999 178 3054 etiam
198 2997 337 3068 aufugere
358 3001 395 3052 ab
414 3015 451 3054 ea
469 3000 628 3055 rideantur:
651 3001 753 3073 quippe
773 3001 925 3063 subsidunt,
948 3001 1014 3054 loris
1036 3002 1181 3054 subtracta
1197 3000 1277 3069 copia
1298 3013 1440 3067 aquarum.

133 3129 139 3138 .
172 3085 311 3141 Celeriter
331 3105 397 3142 sero
409 3089 491 3143 Luna
509 3089 641 3145 verticem
660 3091 858 3154 transvolante,
880 3101 941 3144 cunr
963 3105 1053 3159 aquae
1074 3099 1131 3144 tam
1146 3090 1273 3144 celeriter
1292 3087 1370 3158 sequi
1389 3105 1444 3142 non

92 3167 210 3238 possint,
231 3169 323 3222 fluxus
344 3168 451 3238 quidem
469 3171 502 3223 lit
521 3171 616 3224 oceani
638 3171 688 3224 sub
709 3171 814 3224 torrida
833 3170 860 3223 in
885 3169 1060 3231 occidentemr
1083 3171 1175 3240 quoad
1187 3167 1315 3239 impingit
1329 3168 1364 3221 ad
1379 3186 1441 3221 cen-

92 3247 182 3302 traria
202 3248 289 3303 litora
309 3257 493 3319 curraturque
514 3251 550 3304 ab
571 3250 617 3312 iis;
639 3250 796 3308 dissolvitur
817 3267 882 3304 vero
903 3250 1024 3304 discessu
1038 3251 1133 3304 Lunae
1147 3249 1290 3303 concilium
1310 3263 1444 3318 aquarum
1519 3300 1522 3322 Ι
1568 3253 1572 3260 “

93 3345 140 3384 sea
161 3329 314 3392 exereitus,
337 3329 382 3399 qni
403 3337 447 3383 est
466 3329 493 3383 in
513 3329 612 3384 itinere
625 3347 720 3384 versus
735 3331 874 3394 torridam,
896 3329 996 3400 quippe
1012 3332 1135 3384 desertus
1151 3347 1169 3382 a
1181 3335 1282 3391 tractu,
1304 3326 1350 3398 qui
1365 3327 1440 3380 illum

92 3409 247 3473 exciverat,
270 3409 427 3480 impetuque
447 3417 538 3480 capte,
560 3411 640 3466 utin
659 3411 734 3464 rasis
755 3411 899 3482 aquaticis,
920 3418 1028 3464 remeat
1047 3417 1076 3464 et·
1097 3409 1218 3466 assultat
1239 3409 1272 3462 ad
1295 3409 1378 3462 litora
1391 3423 1444 3460 sua

93 3506 180 3560 eaque
203 3489 308 3558 operit:
328 3489 474 3561 gignitque
495 3491 612 3560 impetus
633 3492 689 3558 iste¹
706 3507 757 3560 per
777 3491 930 3546 absentiam
951 3493 1045 3546 Lunae
1072 3491 1203 3563 impetum
1231 3487 1327 3551 alium,
1358 3488 1444 3540 do'nec

93 3573 174 3624 Luna
193 3570 304 3623 rediens
325 3569 422 3623 fraena
441 3571 559 3641 impetus
589 3571 670 3641 hujus
698 3571 817 3640 recipiat
845 3572 1054 3641 medereturque
1084 3578 1112 3625 et
1141 3585 1198 3624 una
1218 3586 1278 3638 oum
1298 3585 1347 3622 suo
1368 3573 1443 3621 motu
1487 3623 1492 3632 ,

97 3651 282 3720 circumagat.
317 3649 460 3704 ltalitora
473 3651 629 3721 aequaliter
643 3652 770 3722 patentia
790 3653 884 3706 iisdem
904 3652 978 3706 horis
998 3651 1147 3721 implentur
1161 3649 1267 3721 omnia,
1288 3646 1445 3703 reductiora
1514 3715 1518 3724 ι

94 3747 157 3784 vero
179 3729 301 3794 tardius,
323 3731 456 3784 nonnulla
476 3731 653 3786 diversimode
675 3734 710 3786 eb
730 3733 850 3786 diversos
872 3731 968 3786 oceani
989 3731 1088 3787 aditus.
1216 3797 1221 3806 1
1519 3729 1522 3736 “

174 3810 264 3872 Ηίιι,
285 3817 319 3863 ιι
338 3811 429 3865 obiter
449 3828 611 3876 excurram,-
631 3813 838 3867 accumulantur
857 3821 962 3884 syrtes,
984 3827 1130 3866 arenarum
1150 3807 1263 3863 cumuli:
1293 3811 1444 3860 nascuntur

94 3898 143 3946 sut
161 3891 320 3947 eraduntur
338 3890 366 3944 in
386 3891 528 3945 vorticosis
550 3893 720 3947 anfractibus
749 3889 795 3960 (ιι
815 3908 865 3964 pre
886 3893 946 3947 sinu
967 3887 1126 3958 Mexicano)
1154 3889 1268 3943 insulae'
1289 3887 1442 3940 innumera-

94 3973 179 4035 biles3
203 3970 365 4039 videturque
381 3971 516 4025 lndiarum
533 3972 632 4036 mellis,
654 3974 738 4034 beata
751 3980 781 4026 et
794 3973 912 4028 friabilis
927 3979 1003 4025 terra
1017 3971 1068 4026 boc
1087 3973 1163 4026 iluxu
1178 3976 1208 4023 et
1221 3967 1311 4021 eluvie
1327 3973 1443 4021 aeterna

93 4053 206 4106 tudem
226 4067 289 4106 csse
309 4059 444 4120 perrupta
463 4058 548 4122 atqua
576 4053 720 4123 perfossa,
750 4055 900 4122 adjuvante
922 4041 1031 4106 Terrae'
1054 4060 1129 4105 motu
1160 4049 1252 4119 aliquo
1281 4046 1440 4110 universali,

94 4149 152 4186 cnm
172 4131 242 4185 elim
261 4145 281 4185 a
300 4131 489 4186 Chersonneso
511 4148 598 4186 aurea
617 4150 713 4195 versus
741 4135 873 4196 orientem
901 4141 930 4186 et
958 4132 1095 4186 meridiem
1123 4130 1253 4184 contiuua
1273 4128 1358 4181 fuisse
1378 4144 1441 4197 per7

94 4213 239 4274 messan,
256 4210 371 4282 jamque
391 4213 478 4266 effuse
499 4228 617 4276 oceano,
640 4214 686 4285 qui
707 4230 725 4268 a
745 4221 825 4284 terge
845 4221 910 4269 erat
928 4213 1001 4266 inter
1021 4211 1100 4266 Sinas
1122 4218 1151 4265 ot
1170 4208 1336 4272 American,
1358 4207 1443 4261 litora

94 4293 143 4347 ills
157 4292 347 4348 llelnccarum
368 4293 538 4364 aliarumque
557 4293 707 4355 vicinarum
727 4294 878 4349 insularum
899 4295 926 4348 in
947 4294 1034 4348 altum
1055 4297 1229 4366 exporrecta,
1252 4288 1354 4360 quippe
1375 4289 1438 4342 eub-

94 4374 202 4428 sidente
222 4371 305 4426 maris
326 4372 478 4443 superficie,
499 4374 579 4428 fldem
598 4374 680 4443 hujus
700 4375 742 4429 rei
763 4375 927 4445 opprimunt
941 4367 978 4441 ¹⁸)
1277 4389 1281 4402 ·
1420 4391 1428 4432 ι

172 4461 248 4524 Quin
268 4469 299 4514 et
316 4462 480 4531 Taprobane
500 4480 539 4516 cx
558 4479 591 4516 ec
612 4465 756 4518 submersa
774 4463 883 4517 ridetur
904 4461 947 4524 (ut
961 4461 1067 4533 quidem
1081 4465 1190 4515 constat
1204 4477 1239 4512 ex
1253 4459 1346 4514 relatu
1360 4456 1439 4511 Cale-

95 4542 266 4605 mtiensimss,
287 4542 383 4612 aliqua
395 4543 480 4596 etiarn
493 4541 531 4594 ibi
550 4542 670 4596 locorum
684 4544 827 4597 submersa
840 4558 902 4596 esse
917 4539 994 4610 olim)
1009 4557 1112 4596 oceane
1126 4538 1233 4594 Sineusi
1248 4555 1298 4614 per
1311 4539 1439 4591 effractus

96 4631 191 4694 portas
210 4621 240 4676 in
254 4621 375 4676 lndicum
395 4622 493 4683 infuso,
513 4629 547 4676 ut
565 4621 646 4677 hodie
665 4622 733 4676 nihil
747 4624 780 4676 de
795 4623 960 4692 Taprobane
980 4627 1075 4676 exstet
1095 4626 1207 4691 praeter
1227 4618 1343 4678 vertices
1363 4631 1438 4669 men·

97 4705 175 4768 tium,
205 4702 253 4773 qui
282 4703 401 4773 speciem
420 4701 556 4756 exhibent
575 4700 725 4759 insularum
745 4701 982 4761 innumerabilium
1004 4703 1054 4756 sub
1075 4703 1182 4756 nomine
1202 4699 1436 4754 Malvidarum.

96 4785 165 4839 Nam
184 4783 225 4838 ibi
245 4783 299 4836 leci
319 4783 402 4837 sitam
420 4782 505 4836 luisse
525 4782 590 4837 olim
610 4782 806 4852 Taprobanen,
837 4801 873 4837 ex
903 4781 1018 4838 adverso
1047 4781 1153 4836 scilicet
1181 4781 1310 4835 ostiorum
1330 4775 1388 4829 lndi
1409 4783 1439 4833 et

98 4863 276 4936 promontorii
294 4863 367 4918 cerii
385 4879 481 4917 versus
501 4861 654 4925 meridiem,
684 4863 765 4916 facile
794 4870 839 4916 est
867 4881 904 4935 ex
931 4863 1136 4934 cosmographis
1158 4869 1187 4916 et
1207 4860 1325 4914 Diodoro
1345 4857 1436 4920 Siculo

98 4947 228 5016 probarc;
258 4961 319 5000 cum
348 4943 432 4999 etiam
458 4942 486 4997 in
506 4943 624 4998 historia
643 4943 833 5000 ecclesiastica
852 4945 961 5016 quidam
986 4943 1165 5015 perhibeatur
1184 4942 1269 4996 fuisse
1291 4937 1436 5010 communis
