3517 5525
773 415 814 468 na
835 413 915 468 tuna
1312 470 1316 476 .
1453 409 1517 482 683

264 593 314 658 Sit
337 592 445 656 deiude
469 593 555 658 Luna
581 593 749 656 interduo
782 613 921 674 apogeea
943 593 991 656 vel
1021 593 1100 656 inter
1132 593 1189 656 dau
1205 592 1362 673 perigaea
1385 604 1417 656 ut
1439 594 1469 656 in
1488 576 1541 658 ·1.'

142 687 146 696 “
175 681 232 746 Hic
256 683 437 762 triangulum
460 682 576 746 solutae
600 690 648 746 εει
662 682 734 744 BAI
758 683 787 744 iu
802 683 988 746 semicirculo
1011 683 1128 744 solutae
1152 683 1341 757 ascendente,
1365 691 1403 744 at¹
1417 685 1518 748 ,triau-

49 795 54 806 ’
175 772 276 852 gulam
307 779 478 834 menstruae
510 780 557 834 est
580 769 651 836 OAl
674 771 705 833 in
729 772 915 834 semicirculo
945 779 1115 834 menstruae
1147 771 1367 844 descendente3
1399 773 1518 836 valores

176 861 279 943 itaque
303 861 518 938 triangulorum
546 869 616 926 sunt
647 860 725 924 inter
748 881 780 922 se
803 861 973 924 affectionis
1004 861 1192 935 contrariae,
1224 878 1316 940 quare
1339 861 1386 922 hic
1409 862 1518 942 angulo
1573 871 1578 891 ¹

175 951 253 1012 DAI
275 949 440 1030 respondet
462 951 611 1012 anomalia
634 949 733 1012 media
755 957 899 1014 constans
921 969 961 1012 ex
981 951 1083 1011 valore
1108 968 1196 1011 areae
1212 947 1328 1024 DKIA,
1351 952 1405 1013 aed
1428 971 1518 1033 aquo

177 1038 339 1100 diminutus
363 1038 405 1100 sit
423 1037 509 1102 valor
532 1057 619 1101 areae
635 1037 720 1102 cte.
763 1039 920 1100 Hactenus
942 1038 1117 1100 retinuimus
1135 1037 1311 1119 distantiam
1330 1039 1416 1101 DAF
1436 1040 1518 1103 Sulis

176 1127 309 1210 oppositi
329 1128 368 1189 ab
389 1147 523 1208 apogaeu
543 1129 647 1195 Lunae
671 1147 760 1190 unam
783 1137 814 1190 et
837 1129 980 1190 eandem:
1006 1146 1072 1190 cnm
1094 1135 1195 1188 tamen
1220 1126 1370 1208 separatio
1393 1129 1434 1190 sit
1457 1131 1519 1193 tere

176 1236 283 1278 annua.
330 1215 503 1291 Notandum
527 1236 607 1297 ergo,
633 1217 659 1282 si
683 1236 849 1298 apogaeum
873 1217 967 1279 sitin
992 1219 1017 1291 8
1041 1216 1090 1279 vel
1114 1212 1211 1292 (ζΘ,
1234 1216 1290 1278 hoc
1314 1225 1363 1278 est
1385 1219 1411 1279 si
1433 1219 1517 1281 coin-

176 1305 278 1368 cidant
300 1306 359 1367 AD
383 1313 415 1367 et
436 1305 501 1381 AF,
525 1309 640 1372 tuncB
664 1315 797 1368 centrum
822 1305 981 1368 ecceutrici
1005 1304 1063 1368 erit
1084 1305 1157 1368 inL
1179 1303 1228 1366 vel
1246 1305 1281 1366 P.
1323 1308 1406 1368 Tunc
1428 1307 1519 1387 igitur
1542 1301 1545 1306 ’

176 1393 278 1476 posita
298 1394 386 1456 Luna
407 1393 438 1456 iu
460 1396 494 1474 Η1
512 1396 561 1458 vel
575 1395 614 1466 K,
636 1396 696 1458 erit
718 1415 788 1476 pars
811 1395 999 1477 aequationis
1022 1395 1133 1475 optica‚
1156 1401 1191 1456 ut
1212 1393 1366 1470 hacteuus,
1392 1397 1518 1476 angulus

176 1483 263 1546 LHA
285 1483 335 1544 vel
357 1483 462 1546 LKA:
487 1493 521 1546 at
542 1483 668 1567 physica
690 1503 761 1565 pars
790 1483 977 1566 aequationis
1001 1492 1064 1546 tam
1088 1483 1205 1546 solutae
1229 1503 1318 1564 quam
1348 1494 1518 1548 menstruae

176 1573 371 1644 cummuniter
395 1581 443 1635 est
466 1572 649 1636 desumenda
673 1593 711 1635 ex
733 1593 805 1636 area
826 1574 914 1636 LHA
937 1574 986 1635 vel
1007 1573 1095 1636 LKA
1119 1571 1167 1634 bis
1184 1582 1299 1635 summ.
1347 1571 1426 1645 Quia
1449 1589 1519 1656 per-

175 1659 377 1743 pendicularis
399 1657 453 1725 Bc
484 1669 555 1724 tunc
588 1670 637 1725 est
668 1663 765 1737 nulla,
805 1663 913 1744 qnippe
945 1662 1086 1724 absumta
1115 1662 1144 1723 iu
1175 1668 1315 1742 punctum
1337 1663 1382 1739 L,
1415 1673 1448 1726 ut
1475 1665 1519 1726 sic

176 1761 332 1830 utrumque
365 1750 544 1831 triangulum
567 1759 630 1814 tam
658 1753 774 1814 solutae
805 1771 894 1832 quam
920 1759 1091 1814 menstruae
1121 1749 1254 1832 eandem
1275 1749 1408 1815 babeant
1432 1754 1519 1815 basin

89 1837 93 1847 '
175 1841 243 1904 AL.
282 1839 427 1904 Vicissim
452 1839 477 1902 si
503 1841 719 1922 apogaeumD
744 1840 836 1902 sitin
861 1841 983 1923 quadris
1006 1851 1038 1902 et
1059 1839 1186 1920 angulus
1208 1838 1295 1902 DAF
1317 1847 1424 1916 rectus,
1449 1851 1519 1905 tuuc

0 1992 3 2001 ‚
111 1925 118 1942 '
175 1927 431 2010 perpendicularis
446 1929 499 1994 BC
524 1931 606 1992 cadit
623 1930 653 1991 in
674 1931 702 1992 A
722 1937 856 1992 centrum
872 1931 993 2005 Terrae,
1017 1947 1107 2010 qnare
1131 1927 1340 1991 ecceutricitas
1362 1932 1519 2012 aequantia

176 2017 232 2082 Ac
258 2025 304 2079 est
328 2017 423 2092 nulla,
448 2017 539 2098 igitur
561 2028 593 2080 et
616 2020 754 2100 aequatio
776 2029 938 2080 menstrua
960 2028 1031 2081 tuuc
1053 2018 1136 2078 nulla
1156 2023 1222 2079 toto
1245 2018 1360 2081 orbitae
1383 2020 1517 2084 circuitu.

153 2111 157 2191 'y
176 2109 224 2169 Ita
247 2106 323 2169 satis
346 2106 458 2170 clarum
483 2105 623 2183 eflicitur,
652 2108 826 2192 tarditatem
850 2107 957 2170 sideris
981 2114 1129 2169 exaucto
1157 2106 1315 2168 intervallo
1339 2128 1406 2171 esse
1429 2110 1518 2190 duplo

147 2195 318 2276 ‚majorem
343 2195 423 2272 circa
446 2215 612 2276 apogaeum
637 2197 666 2258 iu
689 2198 803 2276 copulis
827 2217 916 2278 quam
939 2197 988 2259 vel
1009 2197 1047 2258 in·
1062 2195 1193 2277 planetis
1223 2195 1332 2258 ceteris
1355 2199 1404 2260 vel
1427 2199 1520 2262 etiam

175 2285 204 2346 in
229 2285 295 2364 ipsa
317 2285 404 2347 Luna
427 2285 507 2348 circa
531 2305 697 2366 apogaeum
719 2286 749 2347 iu
773 2287 905 2368 quadris.
950 2285 993 2347 Et
1014 2283 1090 2348 haec
1113 2284 1320 2365 intelligantur
1342 2287 1379 2348 de
1403 2305 1518 2371 aequa-

175 2372 305 2436 tionibus
328 2393 366 2434 ex
389 2373 510 2454 antiqno
534 2375 673 2453 coguitis,
698 2384 814 2436 remota
832 2375 899 2456 jam
921 2375 1088 2436 variatione
1105 2374 1290 2456 Tychonica,
1317 2376 1356 2448 ‚de
1380 2397 1439 2459 qua
1460 2378 1517 2441 huc

175 2482 267 2543 usque
291 2463 365 2525 nibil
388 2459 509 2526 dictum.
554 2461 615 2526 Sed
639 2465 772 2525 notanda
794 2476 842 2526 ast
864 2463 939 2527 haec
962 2465 1041 2526 ratio
1064 2464 1158 2544 dupli,
1181 2463 1253 2545 qnia
1274 2466 1376 2527 oculos
1399 2466 1518 2529 videtur

175 2552 289 2633 aperire
319 2551 399 2614 circa
432 2571 540 2614 causas
572 2561 704 2614 motuum
735 2553 877 2634 physicas
907 2550 1106 2634 indagandas
1156 2552 1311 2616 Hactenus
1339 2555 1517 2637 hypothesis

176 2650 331 2704 renovata.
377 2641 412 2704 In
434 2640 632 2730 Epherrperida
656 2651 687 2702 et
709 2661 761 2724 per
784 2643 839 2704 hos
862 2662 957 2705 annos
980 2642 1174 2705 intermedius
1198 2643 1345 2723 duplicem
1367 2646 1516 2708 ecceutri-

175 2731 298 2793 citatem
321 2730 433 2793 statui:
467 2739 509 2807 ut,
533 2730 612 2793 sient
634 2731 664 2793 iu
689 2731 789 2793 soluta
814 2733 1102 2816 prosthaphaereses
1129 2740 1271 2795 causatur
1298 2735 1517 2809 ecceutricitas,

174 2820 286 2901 partim
309 2821 406 2901 optice
430 2821 539 2899 partim
562 2820 694 2901 physice,
717 2820 761 2881 sic
785 2823 877 2883 etiam
900 2822 930 2883 in
945 2828 1099 2883 menstrua
1121 2822 1412 2902 prosthaphaereses
1437 2825 1516 2887 divi-

160 2910 314 2973 -derentur
337 2910 414 2971 iuter
438 2909 593 2991 physicam
617 2916 647 2969 et
670 2908 810 2989 opticam,
835 2918 867 2970 at
890 2920 924 2973 ut
946 2910 1070 2992 physice
1092 2908 1259 2973 retardatio
1287 2912 1409 2974 solitam
1433 2932 1518 2976 suam

174 3018 298 3061 causam
327 2997 472 3073 haberet,
503 2997 699 3062 mutationem
730 2999 847 3060 scilicet
875 2998 1027 3061 intervalli
1049 2998 1153 3061 Lunae
1181 3008 1213 3061 et
1235 2998 1357 3062 Terrae.
1403 3002 1517 3064 Verum

174 3089 218 3149 sic
242 3086 451 3149 ecceutricites
483 3087 654 3166 copularum
684 3087 755 3147 mihi
783 3096 856 3149 nata
884 3087 941 3149 luit
969 3084 1070 3159 6543,
1102 3088 1229 3168 simplex
1256 3106 1309 3150 sen
1338 3073 1516 3170 qnadramm

173 3172 269 3240 4362.
312 3174 407 3256 Atqui
428 3194 466 3237 ea
479 3176 616 3255 diligenti
639 3176 820 3237 tractatione
844 3176 999 3257 eclipsinm
1020 3175 1214 3257 deprehendi,
1237 3176 1426 3242 retinendam
1448 3200 1515 3243 esse
1569 3195 1573 3204 '

175 3265 265 3327 etiam
281 3266 311 3327 in
326 3264 439 3345 copulis
463 3266 627 3345 simplicem
647 3264 903 3328 ecceutricitatem
921 3260 1018 3339 4362,
1043 3273 1076 3326 ut
1093 3264 1155 3327 sint
1173 3266 1204 3327 in
1221 3266 1337 3344 copulis
1352 3268 1514 3331 distantiae

174 3356 212 3415 ad
232 3372 360 3434 unguem
375 3354 497 3417 eaedem
512 3376 530 3417 a
543 3354 647 3431 Terra,
667 3352 741 3435 quas
755 3354 866 3435 reperit
879 3354 1016 3417 Braheus
1030 3355 1061 3417 in
1076 3354 1209 3435 quadris,
1226 3354 1514 3422 semidiametrorum

172 3446 283 3506 Terrae
316 3464 335 3503 a
364 3440 406 3507 59
435 3443 465 3504 in
494 3436 545 3505 54.
592 3442 657 3504 Hoc
689 3442 790 3524 itaque
820 3451 910 3524 pacto
942 3450 1096 3505 menstrua
1124 3444 1405 3525 prosthaphaeresis
1437 3468 1513 3510 nunc

173 3533 265 3595 habet
288 3534 412 3594 formam
433 3550 513 3596 mere
535 3532 709 3614 physicam.
742 3551 800 3593 uon
823 3551 894 3594 vero
917 3542 951 3595 ut
972 3532 1028 3595 illa
1053 3531 1135 3613 prior
1157 3552 1195 3595 ex
1218 3533 1340 3596 dimidio
1371 3537 1511 3616 opticam.

157 3622 213 3685 'Et
227 3630 337 3686 ,tamen
359 3622 433 3683 haec
455 3621 581 3704 physica
613 3620 777 3683 retardatio
808 3641 932 3684 causam
958 3621 1051 3685 habet
1082 3621 1276 3689 consimilem.
1325 3624 1420 3687 Sicut
1433 3626 1513 3689 enim

172 3710 202 3773 in
230 3711 330 3773 soluta
363 3710 572 3774 ecceutricitas
602 3710 677 3783 AB,
712 3730 826 3790 augens
856 3711 1019 3773 distantias
1050 3710 1154 3776 Lunae
1187 3733 1206 3773 a
1235 3712 1317 3777 fonte
1352 3722 1452 3777 motus
1482 3718 1511 3779 A

172 3799 318 3879 superius,
344 3807 434 3879 auget
457 3800 549 3861 etiam
572 3800 711 3882 physicos
742 3809 859 3862 motus:
888 3800 931 3861 sic
955 3818 1031 3862 nuuc
1054 3800 1269 3878 lumenstrna,
1293 3802 1362 3884 quia
1385 3804 1510 3869 circulus

171 3886 398 3952 illuminationis
422 3906 538 3968 semper
559 3886 812 3968 perpendicularis
837 3888 895 3969 ipsi
909 3887 965 3951 FG
988 3889 1133 3951 rationem
1157 3889 1249 3951 fontis
1272 3890 1382 3969 babet,
1406 3893 1510 3957 eadem

172 3978 379 4041 ecceutricitas
393 3976 449 4039 AB
468 3978 561 4039 habet
578 3996 662 4039 suam
683 3985 797 4039 certam
820 3973 1010 4040 altitudinem
1023 3996 1112 4058 super
1128 3978 1251 4058 planum
1273 3980 1516 4055 illuminationis

173 4086 247 4148 qnae
271 4066 399 4129 altitudo
423 4073 471 4127 est
493 4064 565 4141 Ac,
589 4074 620 4127 at
643 4074 783 4147 operatur
809 4065 938 4129 elevatio
960 4063 1017 4129 AG
1039 4066 1194 4150 physicam
1223 4070 1455 4142 retardationem
1478 4073 1508 4137 in

159 4164 324 4221 menstrua
354 4155 514 4217 maximam
546 4154 625 4217 circa
647 4156 690 4229 T,
714 4174 771 4217 nou
804 4156 901 4217 minus
932 4174 1019 4239 quam
1049 4156 1079 4218 in
1103 4156 1203 4218 soluta
1231 4157 1299 4237 ipse
1330 4160 1507 4223 elevatioB

172 4262 261 4325 snper
290 4245 321 4307 A
360 4252 500 4323 operatur
535 4243 766 4307 retardationem
803 4244 964 4307 maximam
1001 4245 1080 4307 circa
1115 4244 1152 4307 D.
1217 4246 1320 4328 ltaque
1355 4250 1508 4330 triangula
1540 4240 1543 4247 ’

173 4332 259 4397 CHA
289 4334 342 4397 duc.
376 4342 451 4414 quae
484 4352 550 4394 cum
579 4332 656 4397 areis
686 4332 748 4395 suis
781 4332 949 4412 significant
980 4334 1213 4420 retardationem
1243 4336 1416 4420 physicam,
1449 4358 1506 4399 non

172 4430 352 4485 carentena
375 4422 466 4484 etiam
497 4442 607 4496 causa,
640 4422 717 4503 quod
749 4422 895 4485 hactenns
922 4430 1124 4486 maturuerat
1155 4422 1251 4505 adque
1284 4427 1508 4507 contingendam

171 4510 349 4592 peculiarem
374 4509 625 4573 ecceutricitatem
653 4510 806 4589 adegerat.
853 4508 998 4575 Omnibus
1020 4512 1132 4587 modis,
1155 4511 1316 4576 Maestline
1346 4524 1505 4595 praestan-

172 4600 301 4675 tissime,
333 4600 416 4661 dives
441 4607 543 4661 estet
566 4598 703 4679 sibiipsi
730 4600 983 4663 sufficientissima
1013 4601 1139 4683 physica
1170 4604 1335 4681 speculatio
1365 4613 1504 4667 motuum.

171 4688 312 4774 Sequitur
334 4688 425 4769 igitur
448 4688 589 4751 calculus.
626 4686 661 4751 In
687 4707 721 4749 eo
739 4688 796 4750 hoc
819 4708 908 4751 unum
922 4690 1017 4766 deest,
1041 4691 1119 4772 qnod
1140 4689 1214 4753 data
1236 4691 1386 4754 anomalia
1407 4693 1507 4755 media

171 4798 230 4840 non
253 4778 341 4841 aliter
362 4777 510 4840 invenitur
531 4775 680 4839 anomalia
704 4786 879 4857 coaequata,
903 4780 961 4840 nisi
974 4797 1027 4857 per
1050 4778 1120 4842 salsi
1144 4779 1285 4859 regulam,
1310 4788 1344 4842 ut
1366 4780 1395 4842 iu
1412 4780 1506 4865 Com·

171 4865 323 4931 mentatiis
346 4866 455 4929 Martis
489 4866 651 4928 luculenter
681 4866 808 4929 ostendi.
854 4867 904 4929 Ad
927 4867 1059 4932 Tabulas
1090 4885 1160 4941 uero
1190 4870 1404 4932 constmendas
1431 4871 1504 4934 nihil

172 4976 226 5021 nos
248 4955 370 5038 impedit
393 4955 522 5039 incipere
546 4954 584 5019 ab
608 4954 757 5018 anomalia
780 4956 924 5033 ecceutri,
947 4975 1022 5039 quae
1050 4958 1122 5023 mibi
1144 4964 1193 5020 eat
1215 4958 1383 5040 quantitate
1405 4961 1507 5025 media
