3517 5525
697 412 780 468 Notae
797 411 912 466 Editoris.
1408 395 1473 469 461

130 586 360 658 magnitudinum:
391 588 522 662 siqnidem
542 591 611 648 nibil
629 593 675 650 bio
698 608 749 649 nos
769 594 865 648 turbat
892 591 1034 646 circulatio
1054 539 1196 662 utriusque
1221 585 1320 644 rideris
1348 583 1376 638 iu
1404 593 1474 638 nura

130 666 265 722 aetherea
284 667 358 724 circa
377 669 476 728 Solem.
513 659 1115 746 ’(000000000000οΚ00100000000000000000
1134 675 1276 738 annotarit,
1296 671 1472 733 esterascn'p-
1591 703 1595 712 .

131 752 165 805 sit
182 754 368 813 maurusio:
388 750 441 804 Hic
461 752 555 806 videor
573 753 752 817 hallucinari,
773 762 805 808 ut
825 753 853 806 in
871 753 966 823 primis
987 751 1181 807 tentemiuibus
1202 747 1260 804 lieri
1281 747 1362 802 solet.
1403 743 1474 800 Num

129 825 239 881 videtur
258 829 455 886 consideranda
483 832 569 886 virtus
590 835 708 892 Telluris
737 831 870 889 tractoria
899 850 948 889 eeu
978 831 1184 888 circumactoria
1203 831 1313 890 eadem,
1344 841 1415 897 0000
1444 830 1476 878 00

129 924 217 980 prope
238 909 375 966 Tellurem
404 917 434 964 et
462 930 479 966 e
506 913 665 986 longinquo.
708 916 800 970 Causa
819 914 905 976 baec,
928 913 992 983 quia
1012 911 1097 968 omnis
1118 912 1191 966 orbis
1211 908 1321 963 virtutis
1341 903 1425 974 hujus
1445 903 1473 958 in

128 987 212 1046 Luna
232 989 365 1044 movenda
383 991 456 1046 vires
477 1009 541 1047 snas
561 994 636 1049 intra
654 995 734 1049 unius
754 984 808 1049 diei
832 989 954 1062 spatium
978 994 1129 1063 experitur.
1168 992 1207 1045 Et
1229 1005 1295 1043 vero
1315 993 1347 1042 ut
1364 987 1421 1040 lux
1446 984 1475 1038 iu

131 1068 230 1142 opticis
251 1068 291 1123 sic
309 1069 396 1125 virtus
418 1071 473 1128 ista
492 1073 544 1126 boc
565 1075 625 1129 loco
646 1075 789 1147 spargitur
801 1075 985 1146 perppatia,
1015 1074 1053 1128 sic
1072 1081 1105 1127 ut
1124 1071 1284 1128 tantundem
1304 1064 1415 1122 virtutis
1435 1063 1473 1117 sit

128 1149 159 1206 iu
179 1151 246 1203 orbe
265 1167 368 1222 magno
388 1154 503 1222 sparsim
525 1163 656 1226 quantum
684 1156 713 1209 in
734 1161 853 1226 augusto
875 1154 1019 1210 collectim.
1059 1154 1134 1226 Digo
1162 1169 1243 1224 ergo:
1273 1149 1316 1203 die
1345 1164 1399 1200 uno
1427 1145 1475 1198 vel

130 1229 216 1302 paulo
237 1231 300 1300 plus
331 1231 430 1287 ituram
451 1229 527 1290 5265
549 1234 678 1292 milliaria
698 1235 771 1290 circa
790 1237 911 1290 Terram.
954 1235 1051 1306 ltaque
1080 1239 1167 1288 totum
1197 1229 1327 1286 ambitum
1357 1225 1473 1282 324000

132 1303 191 1380 (vel
211 1312 296 1381 paulo
316 1307 418 1380 minus)
439 1314 596 1370 milliarium
615 1317 760 1370 conticeret
785 1315 879 1370 diebus
901 1309 972 1386 0111Ι
997 1323 1027 1369 00
1047 1314 1158 1369 lotidem
1186 1311 1243 1368 iere
1269 1307 1353 1364 boris.
1395 1303 1477 1374 (Nem

130 1391 212 1446 Luna
224 1405 278 1446 000
294 1393 336 1445 die
351 1400 381 1446 et
393 1410 449 1448 una
461 1395 519 1450 fere
532 1396 602 1450 bora
615 1396 701 1451 sentit
714 1413 818 1450 omnem
833 1396 925 1451 orbem
938 1395 1050 1452 virtutis
1064 1413 1100 1450 ex
1111 1395 1204 1456 Terre,
1221 1391 1285 1463 quia
1299 1389 1405 1442 interim
1426 1375 1478 1442 12⁰

132 1470 190 1526 siut
208 1468 398 1542 progressae).
433 1475 538 1545 Nempe
551 1475 646 1532 diebus
666 1477 706 1532 63
726 1463 757 1535 00
775 1494 830 1533 000
851 1483 883 1532 00
907 1475 934 1530 in
956 1483 1036 1532 textu
1051 1473 1130 1530 suuis
1153 1469 1197 1538 lo.
1219 1469 1392 1528 manentibus
1413 1483 1477 1522 oon·
1560 1521 1563 1528 ,

132 1551 281 1606 ditionibus
302 1570 373 1623 quse
394 1554 422 1607 in
442 1561 533 1611 textu.
817 1602 820 1611 .

220 1639 262 1689 Ad
279 1641 365 1692 verbs:
395 1638 462 1699 „ced
481 1637 641 1709 magnitudo
660 1635 758 1693 Lunae
776 1635 842 1704 tc?
865 1643 994 1707 adscripsit
1011 1643 1146 1708 Keplems:
1174 1631 1279 1688 Eadem
1304 1631 1477 1704 000ιο00000

135 1711 308 1784 corrigenda.
349 1712 421 1770 Nam
441 1717 538 1772 Lunae
567 1716 713 1772 densitatis
741 1717 882 1788 proportio
903 1719 938 1770 ad
959 1723 1047 1772 totum
1066 1716 1159 1771 orbem
1179 1714 1329 1770 virtuosum
1350 1717 1393 1766 est
1413 1708 1475 1778 ejus

138 1797 211 1863 ”tw
233 1794 279 1848 vel
301 1796 346 1865 ¹1„
366 1797 396 1850 b.
417 1815 441 1853 e.
471 1800 506 1851 ad
532 1799 620 1868 ipsam
649 1795 769 1867 corporis
789 1799 892 1852 Terrae
912 1796 1076 1852 densitatem
1106 1803 1151 1850 est
1180 1802 1212 1849 ut
1233 1793 1250 1848 2
1272 1795 1306 1848 ad
1328 1792 1374 1846 59.
1415 1791 1478 1845 Non

135 1890 208 1944 quae
231 1868 244 1930 1
268 1876 303 1928 00
325 1870 400 1931 1770
418 1880 469 1932 sed
489 1893 542 1941 ea.
563 1895 635 1950 quae
656 1878 675 1931 2
695 1879 730 1932 ad
751 1877 789 1932 57
809 1871 857 1945 (00
878 1877 916 1931 59
942 1877 1068 1932 detracta
1096 1892 1153 1932 nna
1177 1868 1328 1938 tricesima)
1352 1877 1384 1926 00
1411 1886 1476 1940 psg.

133 1953 219 2024 priori
249 1952 276 2007 in
296 1957 438 2027 margine,
459 1959 512 2017 boc
532 1967 668 2030 estquae
689 1953 702 2012 1
726 1959 762 2012 ad
781 1957 873 2028 28¹s,;
895 1955 1007 2026 etquis
1029 1956 1246 2029 magnitudinum
1275 1952 1346 2009 ratio
1376 1957 1421 2006 est
1442 1965 1478 2003 ea

135 2049 208 2104 0000
230 2027 244 2088 1
268 2037 304 2088 00
324 2033 362 2090 40
382 2037 506 2103 circiter,
535 2055 604 2110 ergo
624 2040 769 2093 subtracta
789 2038 842 2091 bac
861 2036 1038 2108 proportione
1058 2037 1221 2108 relinquitur
1242 2031 1382 2104 proportio
1406 2026 1417 2086 i
1442 2031 1477 2084 ad

136 2115 344 2184 Η0001000000
365 2116 416 2173 8οε
447 2119 494 2173 57.
534 2123 626 2189 Atque
655 2118 695 2172 sic
713 2117 830 2172 Luneris
860 2116 977 2172 materia
1005 2119 1090 2186 paulo
1121 2123 1196 2172 esset
1225 2114 1337 2170 densior
1362 2109 1479 2166 materia

135 2195 284 2260 Terrestri,
313 2198 490 2266 proportione
510 2215 554 2262 ea,
575 2215 646 2270 quae
666 2194 705 2254 80
726 2201 761 2253 ad
781 2195 828 2262 5⁷,
848 2198 932 2267 paulo
953 2198 1057 2266 maiore
1079 2213 1159 2268 quam
1180 2197 1214 2252 t:
1236 2195 1268 2257 3.
1296 2203 1328 2248 ut
1348 2192 1370 2247 si
1391 2192 1479 2245 Terra

134 2283 212 2330 esset
229 2283 380 2348 argentea,
401 2279 482 2332 Luna
501 2294 595 2334 aurea.
637 2277 734 2332 Posita
761 2295 825 2332 vero
849 2275 1022 2349 aequalitate
1043 2276 1203 2338 densitatis.
1233 2281 1299 2329 tuuc
1323 2272 1478 2327 exstruitur

133 2355 350 2428 magnitudinum
370 2359 511 2428 proportio
534 2354 549 2414 1
571 2359 607 2412 ad
627 2358 700 2428 200,
721 2366 751 2412 00
764 2359 957 2414 diametrorum
977 2358 1049 2414 ratio
1062 2358 1147 2428 paulo
1162 2355 1249 2426 major
1270 2349 1488 2426 00001003..

133 2453 232 2506 nempe
246 2452 289 2501 es,
303 2452 374 2506 quae
397 2434 472 2494 1000
494 2442 529 2493 ad
549 2439 634 2494 3056.
663 2438 703 2493 Et
716 2439 781 2511 quia
792 2439 873 2492 Luna
886 2439 913 2493 in
928 2455 1054 2510 apogaeo
1069 2439 1156 2494 babet
1174 2436 1402 2492 semidiametrum
1419 2425 1475 2493 15¹,

134 2533 203 2588 ergo
230 2518 312 2570 abest
338 2533 357 2570 0
382 2519 461 2572 nobis
488 2520 545 2574 226
572 2518 711 2574 diametris
728 2520 832 2582 Lunae,
853 2535 925 2590 0000
952 2518 1056 2574 divisae
1076 2519 1104 2573 in
1125 2519 1202 2574 3050
1223 2523 1252 2570 00
1279 2512 1478 2584 multiplicatae
1503 2573 1506 2580 ¹

133 2591 165 2653 in
186 2593 262 2650 1000
282 2599 350 2652 daut
369 2596 408 2652 74
427 2599 494 2664 fere,
516 2600 565 2657 alt
585 2601 682 2654 Lunae
702 2616 722 2653 0
741 2600 827 2654 Terra
853 2599 882 2653 in
901 2597 1108 2656 semidiametris
1129 2601 1240 2654 Terrae.
1275 2597 1347 2650 Eece
1368 2591 1478 2664 propin·

135 2677 276 2749 quitatem
310 2676 386 2731 Malo
405 2687 498 2734 autem
511 2679 645 2734 diversam
659 2679 824 2734 densitatem
843 2687 977 2744 statuere,
999 2696 1080 2752 0000
1095 2676 1278 2740 astronomiae
1299 2690 1364 2730 suas
1384 2672 1478 2746 paral·

134 2757 217 2814 laxes
239 2757 397 2815 reformare.

223 2838 320 2893 Jamne
341 2845 373 2893 tu
392 2840 420 2894 in
439 2840 566 2913 margine
586 2842 673 2897 centis
691 2838 823 2895 Fabrici?
862 2839 957 2895 Sentio
978 2840 1091 2915 inquies.
1133 2844 1172 2895 at
1192 2856 1245 2913 ego
1267 2844 1295 2893 te
1323 2836 1350 2891 iu
1371 2838 1478 2889 textum

134 2920 224 2975 redire
239 2917 336 2989 jubeo.
376 2918 439 2975 Non
459 2939 485 2977 u.
515 2928 610 2975 textus
630 2923 679 2975 sed
707 2936 804 2992 margo
824 2920 1021 2977 hallucinatur.
1063 2922 1176 2984 Quare?
1217 2918 1288 2982 Quia
1317 2916 1368 2971 etsi
1399 2913 1478 2969 unius
1503 2914 1508 2923 '

135 3000 190 3055 diei
210 2998 301 3069 spatio
323 3001 408 3053 omnis
423 3001 496 3055 orbis
516 3001 626 3055 virtutis
647 3001 786 3055 terrestris
799 3001 907 3055 Lunam
920 3008 1053 3070 permeat,
1074 3002 1101 3057 in
1116 2999 1231 3072 siugulis
1251 3007 1343 3052 temen
1362 3011 1490 3065 momen·¹

135 3080 173 3136 tis
193 3079 304 3135 adsistit
324 3080 366 3133 illi
386 3081 473 3135 virtus
493 3082 564 3134 baec
584 3080 692 3136 tenuior
712 3085 740 3135 in
759 3079 859 3149 majori
877 3080 1037 3136 remotione.
1079 3082 1156 3144 Quod
1176 3086 1209 3134 ut
1227 3076 1410 3139 verissimum,
1440 3074 1481 3128 ite

134 3152 236 3232 magno
257 3162 395 3215 commodo
414 3176 534 3215 meorum
553 3160 651 3215 llartis
665 3160 925 3216 Commentariorum
945 3162 1084 3216 statuitur.
1120 3160 1190 3217 Nam
1210 3158 1280 3213 idem
1300 3158 1383 3227 plene
1392 3154 1480 3224 juxta

134 3242 251 3297 000000
278 3257 366 3294 causa
394 3241 539 3296 densitatis
569 3241 673 3296 tardius
694 3242 825 3295 incitatur
844 3240 892 3296 ubi
912 3242 1042 3297 remotior
1061 3249 1113 3297 est.
1154 3241 1260 3311 Estque
1281 3238 1364 3307 01000
1384 3236 1480 3291 eadem

134 3321 217 3377 ratio.
252 3319 375 3383 Quilibet
395 3322 468 3376 orbis
488 3322 576 3376 babet
590 3338 695 3376 omnem
714 3322 853 3383 virtutem,
875 3323 923 3375 sed
943 3321 971 3375 in
991 3318 1310 3393 partibus-sparsissem.
1342 3317 1381 3371 Et
1401 3312 1479 3387 quili-

135 3403 192 3457 bet·
205 3399 263 3454 dies
285 3401 374 3456 habet
393 3418 497 3456 omnem
518 3402 656 3466 virtutem,
676 3404 726 3457 sed
744 3400 773 3455 in
791 3407 927 3469 momento
948 3402 1122 3473 sparsiorem,
1143 3400 1208 3473 quia
1227 3406 1334 3470 tempus
1355 3380 1493 3452 consistit'

136 3482 166 3537 in
185 3482 263 3537 fluxu
282 3480 422 3535 instantis.

186 3608 191 3617 ,
226 3562 305 3615 Nunc
328 3563 438 3617 tandem
459 3564 496 3616 00
514 3568 725 3617 tormentum
745 3563 987 3634 Tycbouicum.
1023 3564 1089 3619 Cum
1108 3564 1323 3618 demonstratum
1344 3556 1388 3622 sit,
1409 3554 1479 3626 lapi·

136 3641 247 3698 demin
266 3642 461 3712 perpendiculo
482 3643 624 3700 00000000
642 3659 698 3697 000
717 3644 817 3699 debere
836 3644 913 3701 illam
933 3644 1035 3699 lineam
1054 3643 1150 3715 egredi
1170 3642 1197 3698 in
1218 3659 1299 3706 casu,
1318 3639 1378 3710 jam
1397 3636 1479 3692 tacte

136 3721 285 3795 expeditur
304 3729 335 3775 00
353 3723 454 3797 globus
474 3722 603 3777 tormenti
623 3717 709 3795 (lapis
730 3725 759 3779 in
778 3724 916 3795 obliquum
932 3724 1040 3794 jactum
1061 3726 1148 3779 nubes
1168 3728 1251 3779 rento
1265 3720 1398 3795 impulsa·;
1413 3716 1479 3773 'nris

136 3804 166 3860 in
184 3798 396 3871 amarciem).
436 3804 541 3873 Nempe
560 3803 629 3859 illud
649 3821 742 3860 rerum
762 3812 818 3869 est,
839 3808 910 3875 quod
930 3804 1023 3860 statim
1043 3804 1121 3860 initio
1142 3803 1220 3874 coepi
1239 3803 1343 3865 dicere,
1371 3796 1477 3853 misceri

135 3889 240 3942 motum
259 3888 412 3953 utrumque,
434 3889 464 3937 et
476 3900 539 3938 eum
552 3883 598 3955 0οἰ
618 3900 638 3938 0
657 3885 767 3941 Tellure
788 3891 832 3939 est
850 3885 879 3939 in
892 3886 986 3957 globo.
1008 3891 1038 3939 et
1057 3900 1118 3939 eum
1139 3884 1184 3956 qui
1204 3900 1223 3939 a
1241 3886 1385 3939 tormento.
1419 3878 1475 3933 Ita·

136 3982 190 4037 000
211 3969 241 4017 00
260 3962 408 4018 miscentur
427 3963 527 4032 spatia.
567 3951 637 4019 iiam
656 3972 789 4037 respectu¹
804 3965 890 4021 totius
909 3964 1028 4019 universi
1048 3965 1131 4035 piane
1151 3965 1214 4036 plus
1235 3963 1317 4034 spatii
1338 3958 1477 4015 coniicitur

136 4046 233 4099 eodem
252 4050 388 4113 tempore,
418 4060 477 4097 oum
498 4043 612 4114 globum
631 4045 768 4101 inertum
788 4045 1161 4118 ejaculamur‚·qucmoun
1189 4046 1218 4101 in
1242 4059 1382 4103 oceasum:
1411 4038 1477 4111 1111111

136 4124 197 4181 illic
215 4131 246 4177 et
258 4123 346 4178 Terra
363 4123 392 4177 in
412 4131 501 4179 ortum
520 4124 618 4189 tendit,
637 4125 682 4181 bie
695 4126 789 4182 Tellus
802 4128 921 4199 deroget
939 4125 1023 4181 motui
1043 4124 1071 4181 in
1084 4142 1217 4190 oceasum.
1238 4124 1349 4179 volvens
1363 4121 1477 4193 globum

134 4206 167 4261 in
186 4210 284 4259 ortum
317 4204 373 4258 lmo
386 4220 452 4258 vero
465 4204 550 4273 plane
568 4221 707 4276 nunquam
725 4207 799 4261 nllus
812 4206 913 4277 globus
933 4212 1061 4277 respectu
1082 4206 1166 4261 totius
1179 4204 1299 4260 universi
1319 4204 1348 4259 iu
1367 4207 1476 4273 partem

135 4285 228 4341 tendit
247 4283 411 4339 conmariam
430 4283 492 4338 riae
512 4284 648 4352 Telluris,
676 4287 743 4358 quin
762 4285 857 4341 Tellus
875 4286 962 4341 multo
982 4293 1027 4341 est
1046 4286 1160 4342 celerior
1183 4301 1264 4356 quam
1287 4284 1371 4339 ullius
1398 4279 1476 4354 globi

131 4366 237 4437 jactus.
279 4364 356 4428 Quod
375 4380 441 4418 vero
461 4362 580 4435 epatium
600 4364 628 4419 iu
647 4366 711 4437 ipsa
723 4366 840 4424 Telluris
859 4366 1002 4436 superficie
1023 4366 1137 4431 attinet,
1158 4382 1218 4421 eum
1231 4366 1371 4438 quiescens
1392 4362 1474 4431 lapis,

137 4443 262 4519 quamvis
280 4444 310 4499 in
323 4450 390 4499 aere
402 4447 533 4515 pendens,
554 4446 753 4503 demonstratus
774 4446 811 4501 sit
819 4446 914 4517 plane,
926 4446 1004 4518 sequi
1017 4448 1117 4501 debere
1131 4446 1250 4511 Terram,
1272 4446 1378 4501 omniuo
1392 4442 1477 4498 etiam

137 4528 237 4581 eadem
256 4524 297 4579 ris
317 4542 368 4595 per
387 4525 458 4580 idem
471 4525 588 4580 Telluris
609 4526 727 4597 spatium
748 4533 806 4583 tam
825 4527 854 4581 iu
873 4529 961 4583 ortum
985 4542 1065 4597 quam
1084 4526 1113 4581 in
1133 4542 1257 4581 oceasum
1278 4524 1398 4597 abripiet
1415 4521 1477 4593 glo-

136 4608 211 4663 bum.
249 4605 322 4661 Nam
343 4620 502 4677 quacunque
522 4606 635 4678 globum
655 4606 795 4677 impellat,
824 4606 930 4661 invenit
949 4610 1062 4662 eandem
1082 4606 1136 4661 rim
1156 4607 1254 4677 lapidis
1284 4602 1476 4665 emmmcem

137 4688 254 4743 eundem
274 4686 358 4750 etiam
378 4687 504 4741 0000000
523 4687 699 4757 promotionis
720 4688 828 4758 lapidis.
870 4687 899 4742 Si
919 4694 1011 4742 autem
1040 4702 1125 4757 supra
1144 4702 1223 4742 casus
1248 4685 1347 4756 lapidis
1367 4684 1395 4738 iu
1414 4698 1475 4753 per·

137 4764 282 4840 pendiculo
296 4767 456 4820 aberrasset
468 4767 636 4821 sensibiliter
653 4784 671 4821 a
689 4785 739 4821 suo
753 4766 953 4839 perpendiculo,
975 4782 1043 4823 0000
1055 4768 1139 4823 etiam
1152 4768 1204 4821 boe
1216 4769 1302 4830 fleret
1323 4773 1355 4820 ut
1367 4764 1476 4821 brevius

138 4853 215 4903 esset
233 4846 354 4917 spatium
369 4845 463 4915 jaotus
484 4847 513 4902 in
532 4864 656 4904 oceasum
668 4864 751 4919 quam
769 4848 798 4903 in
817 4857 918 4913 ortumr
937 4866 992 4903 non
1012 4848 1118 4919 quidem
1139 4850 1178 4903 ob·
1194 4865 1303 4903 cansam
1317 4863 1335 4901 a
1348 4848 1476 4918 Tycbone

138 4926 311 4999 allegatam,
341 4928 389 4980 sed
409 4927 444 4980 ob
464 4928 535 4981 hauc
554 4928 656 4998 ipsam,
685 4944 766 4999 quam
786 4945 841 5001 ego
860 4928 1008 5000 diligenter
1036 4928 1081 4983 hic
1100 4928 1229 5000 explicui.
1249 4957 1290 4969 ·-
1308 4932 1477 4985 Desnmrimns

136 5006 203 5067 0000
221 5020 236 5065 0
252 5005 329 5064 nens
345 5004 530 5077 11010100
552 5004 594 5065 tl.
613 5006 669 5065 00
690 5004 773 5069 1000,
790 5022 893 5077 morum
910 5013 1005 5078 purtem
1022 5010 1140 5078 00000
1163 5008 1371 5079 0000001000·
1391 5004 1424 5066 00
1442 5021 1475 5063 se.
