3517 5525
609 403 681 469 ,Pars
700 400 802 474 Quota
837 405 921 478 caput
938 405 1039 464 LXVII.
1439 405 1504 478 425

166 581 286 647 Terrae
305 582 355 648 cel
376 582 465 648 Solia
486 593 533 648 eat
556 583 703 652 100000:
724 573 759 652 nt
780 589 878 674 igitur
902 591 991 659 ιίιιιιε
1013 597 1096 652 toton
1118 587 1229 674 anguli
1242 610 1259 662 ς
1281 587 1327 653 ad
1347 591 1389 667 βκ
1408 582 1503 666 3600,

164 673 211 735 ito
240 676 331 741 εἰιιιω
362 673 515 758 aequatio
543 678 587 740 ud
608 702 647 750 κς
669 675 765 756 2717.
810 677 853 743 Ia
885 680 996 745 eadem
1023 699 1095 740 vero
1124 678 1329 753 (dimensione,
1365 679 1506 760 qualium

161 763 393 828 amidiometer
423 765 510 828 ordia
532 766 674 832 Telluris
702 775 748 831 eat
780 765 925 843 100000,
954 769 1187 835 amidiometer
1218 769 1302 830 orbiu
1323 769 1441 832 Marcii
1467 789 1506 832 ert

163 872 230 935 cop.
254 851 348 919 LIV.
380 861 425 917 eet
449 852 586 920 152350.
610 906 615 917 .
636 857 789 935 Quolium
818 859 917 940 igitur
949 855 1180 925 aemidtaneter
1210 858 1295 927 ordia
1316 856 1433 922 Marcii
1461 867 1506 924 eal

165 939 448 1018 monocerote
473 943 565 1020 1790,
590 946 755 1010 ostendens
777 950 814 1011 in
835 949 964 1011 modae
982 944 1132 1028 angulum
1157 939 1193 1006 1⁰
1217 945 1246 1008 1‘
1270 941 1345 1008 33¹2

250 1031 389 1097 Totidem
412 1051 484 1112 ergo
508 1034 651 1114 gradibus
675 1044 707 1096 et
729 1036 875 1116 scrupulis
901 1035 1056 1096 debuisset
1075 1036 1170 1109 nodus
1195 1033 1324 1095 evehens
1348 1055 1414 1097 esse
1438 1035 1504 1097 loco

159 1120 327 1197 anteriore,
364 1122 533 1202 deprimens
555 1124 738 1204 posteriore,
766 1125 802 1205 'si
825 1124 905 1186 male
935 1145 954 1186 a
978 1123 1163 1188 medactum
1188 1132 1284 1197 esset,
1309 1126 1386 1203 quod
1409 1111 1462 1204 pro
1483 1127 1506 1206 β

161 1218 272 1288 puncto
294 1211 493 1293 Ptolemaicp⁹
516 1211 737 1293 Copernicano,
761 1210 936 1287 Braheano,
959 1211 1037 1292 elegi
1061 1235 1077 1272 κ
1106 1222 1238 1279 centrum
1262 1213 1353 1274 Solis.
1400 1215 1504 1276 Vicis-

161 1299 220 1360 sim
242 1299 502 1390 observationibus
518 1301 557 1363 ad
572 1304 701 1364 medium
715 1302 797 1365 Solis
812 1312 924 1363 motum
939 1302 1078 1381 expensis
1094 1309 1125 1362 et
1141 1301 1186 1362 sic
1201 1309 1334 1367 assumto
1349 1309 1460 1382 puncto
1474 1305 1503 1382 β,

163 1389 295 1450 si⁸male
318 1389 376 1452 hoc
398 1391 432 1452 tt
454 1399 485 1452 et
508 1393 532 1452 si
561 1392 768 1471 seligendum
801 1402 898 1466 esset,
932 1397 1052 1472 o'pnrtet
1089 1392 1201 1452 nodurn
1227 1391 1400 1452 evehentern
1424 1393 1506 1470 exli

159 1477 288 1540 inveniri
310 1480 377 1541 loco
399 1480 568 1560 posteriori,
592 1481 808 1560 deprimentem
829 1479 939 1562 priori,
971 1481 1014 1541 sle
1037 1487 1071 1542 ιιι
1094 1476 1305 1549 semicirculus·
1319 1483 1504 1565 septentrio-

161 1565 240 1628 nalia
263 1587 334 1630 areu
357 1564 398 1630 20
419 1566 451 1632 30
474 1565 517 1633 60
540 1577 676 1635 curtatus
700 1570 750 1631 sit.
1312 1620 1318 1631 .
1458 1575 1462 1583 '

248 1657 425 1734 Videamus,
450 1679 487 1718 an
511 1659 567 1721 hoc
590 1659 634 1720 ita
657 1659 785 1722 accidat.
833 1653 941 1737 Capite
961 1656 1053 1736 igitur
1071 1655 1142 1716 ΧΠ.
1163 1672 1265 1718 crasse
1289 1657 1504 1736 experisis'ob-

161 1746 394 1823 servationibus,
430 1749 515 1810 Mars
548 1767 625 1810 auno
657 1743 752 1812 1595.
783 1747 831 1812 die
861 1744 914 1810 28.
940 1739 1010 1808 Oct.
1046 1745 1209 1824 putabatur
1233 1745 1265 1806 in
1295 1747 1372 1810 nodo
1401 1745 1503 1808 fuisse.

160 1836 243 1900 Tunc
273 1836 412 1898 inventus
443 1845 491 1898 est
515 1839 597 1900 locus
621 1837 807 1916 eccentricua
830 1855 867 1896 ex
890 1833 1058 1900 Braheauts
1082 1833 1323 1913 adunationibus,
1358 1853 1432 1914 quae
1454 1837 1504 1897 ni-

159 1933 264 1989 tuntur
289 1928 399 2006 puncto
425 1928 461 2003 β,
487 1927 518 1988 in
550 1923 608 1989 16⁰
628 1923 682 1989 48⁶
706 1928 743 2002 ὅ.
789 1925 840 1988 Sic
866 1920 959 1989 1589.
986 1924 1035 1983 dic
1056 1919 1086 1986 9.
1111 1923 1187 2004 Maji
1211 1941 1298 1986 ruane
1320 1925 1504 2004 ponebamus
1538 1952 1540 1956 ·

159 2014 290 2078 Martem
320 2013 353 2079 in
383 2016 460 2078 nodo
491 2017 587 2078 altero
610 2016 811 2076 descendente
834 2014 943 2086 fuisse3
980 2021 1056 2073 tunc
1077 2013 1314 2090 computavimus
1339 2031 1376 2073 ex
1398 2011 1503 2076 iisdem

158 2102 326 2165 Braheanis
358 2104 587 2189 aequationibus
619 2105 716 2166 locum
744 2104 855 2165 Martia
887 2103 1084 2163 eccentricum
1125 2096 1182 2164 15⁰
1219 2093 1317 2184 44οΙ,0
1355 2089 1399 2182 ιιι.
1452 2104 1504 2166 Fit
1538 2125 1544 2139 ·

156 2191 264 2271 igitur,
295 2194 373 2273 quod
403 2195 515 2255 dictum
535 2193 598 2255 lieri
623 2194 742 2254 debere.
788 2189 857 2255 Uno
880 2189 976 2270 gradu
1000 2201 1032 2250 et
1061 2183 1136 2268 3¹l2⁴
1164 2191 1262 2252 minus
1285 2197 1333 2252 est
1357 2191 1386 2252 in
1411 2194 1502 2252 sarni·

157 2283 269 2345 circulo
291 2282 418 2344 boreali.
465 2281 582 2354 Quodsi
607 2282 793 2357 accuratius,
829 2289 863 2343 ut
886 2275 953 2358 cap.
977 2277 1066 2354 LXI,
1103 2279 1303 2359 inspiciantur
1327 2279 1504 2358 observata,

158 2371 242 2432 Mars
266 2372 294 2432 d.
322 2371 349 2434 1.
375 2373 403 2432 h.
430 2370 484 2437 15.
515 2371 611 2434 serios
634 2372 664 2433 in
687 2372 796 2432 nodum
823 2370 1036 2432 ascendentem
1059 2370 1106 2432 in*

158 2461 241 2523 cidit.
297 2462 402 2541 ltaque
436 2463 475 2523 ad
507 2462 602 2523 locum
639 2461 838 2525 eccentricum
872 2459 1020 2520 accedunt
1053 2454 1110 2519 50*

157 2549 296 2625 circiter,
324 2557 357 2611 ut
386 2550 429 2612 sic
458 2552 550 2612 cadat
577 2552 701 2630 planeta
729 2551 760 2611 in
788 2547 847 2612 170
869 2546 922 2611 380
946 2548 973 2622 ὅ
997 2560 1105 2608 eccen-

156 2639 233 2702 trico
255 2647 348 2707 motu.
394 2639 490 2718 Igitur
512 2639 640 2701 curtatio
669 2637 829 2720 superioris
858 2637 1035 2701 semicirculi
1059 2642 1107 2696 est

160 2723 197 2791 1⁰
218 2720 327 2812 53οΙ,’,
351 2730 595 2811 quamproxime
625 2729 760 2811 aequalis
791 2734 979 2807 computatae
1003 2721 1041 2789 2⁰
1065 2721 1105 2786 3‘.

156 2818 229 2883 Stat
255 2818 348 2898 igitur
378 2819 497 2880 omnino
528 2829 670 2899 punctum
693 2843 726 2894 κ,
757 2816 930 2898 repudiatur
952 2817 981 2893 β.
1026 2815 1106 2877 Nam

157 2928 210 2970 cur
233 2907 378 2970 diameter
392 2909 533 2972 sectionis
555 2910 712 2989 planorum
725 2928 783 2969 nou
800 2906 916 2968 secabit
930 2906 1105 2967 diametrum

156 2998 295 3079 apsidum
317 2997 347 3058 in
376 3007 500 3073 centro,
532 2999 609 3059 unde
642 2997 738 3076 surgit
768 2994 996 3067 eccentricitaa,
1027 2993 1106 3055 sicut

157 3087 271 3167 sopra?
302 3085 389 3158 Quae
410 3087 499 3167 hujus
522 3088 566 3148 rei
589 3106 680 3150 causa
704 3085 807 3147 esset?

244 3177 359 3239 Eadem
388 3178 632 3239 demonstrantur
668 3176 760 3237 etiam
795 3193 849 3255 per
879 3171 1102 3233 inclinationem

156 3267 313 3351 planorum
329 3286 394 3346 cap.
405 3266 506 3329 LXII.
523 3267 768 3338 demonstratam,
783 3272 814 3325 et
829 3282 883 3342 per
895 3262 1016 3323 schema
1031 3256 1102 3326 130.

156 3355 285 3422 Iuventa
305 3355 347 3417 rbi
370 3364 419 3417 est
439 3356 604 3424 inclinatio,
628 3356 684 3415 hoc
708 3361 756 3415 est
778 3351 905 3432 angulus
928 3348 1022 3421 LAB,
1045 3367 1102 3429 quo

102 3485 105 3489 -
157 3445 243 3511 borei
274 3444 378 3507 limitis
411 3444 558 3523 digressio
582 3445 620 3505 ab
644 3444 782 3523 ecliptica
805 3460 842 3502 ex
865 3442 896 3505 A
919 3439 990 3502 Sole
1014 3456 1103 3517 spec-

156 3542 241 3597 tatur
265 3529 300 3596 1⁰
322 3531 376 3597 50¹
400 3530 476 3596 45¹¹.
522 3535 659 3613 Angulus
687 3548 757 3594 vero
780 3532 889 3606 MAD,
918 3548 975 3610 quo
999 3527 1104 3588 limitis

157 3622 284 3685 austrini
316 3622 463 3703 digressio
496 3624 533 3684 ab
564 3622 707 3701 ecliptica
733 3628 887 3702 spectatur
910 3637 946 3680 ex
968 3618 998 3681 A
1023 3616 1104 3689 Sole,

156 3711 368 3774 inventus-est
389 3712 435 3777 illi
456 3713 591 3792 proxime
615 3710 760 3793 aequalis,
783 3710 902 3771 scilicet
927 3703 963 3769 1⁰
981 3703 1035 3769 50¹
1049 3702 1101 3769 8“.

155 3800 204 3862 Ex
235 3817 293 3881 qno
323 3800 571 3877 concludebatur,
602 3820 668 3863 cum
700 3800 800 3879 anguli
833 3798 923 3859 adA
952 3813 1043 3875 supra
1073 3800 1106 3854 et

156 3893 236 3955 infra
268 3892 331 3954 sint
361 3892 523 3972 aequales,
554 3899 586 3951 et
609 3890 689 3951 linea
728 3908 781 3968 per
803 3889 832 3949 A
857 3890 886 3949 in
909 3888 949 3958 B,
981 3886 1009 3946 D
1036 3884 1103 3943 loca

155 3983 282 4044 limitum
307 3982 447 4062 ecliptica
469 3980 594 4053 educta,
624 3978 667 4041 sit
688 3996 748 4039 una
778 3976 859 4039 linea
882 3974 967 4055 (quia
989 3972 1019 4033 in
1044 3990 1101 4033 uno

155 4073 246 4153 plano
270 4070 453 4151 eclipticas),
476 4069 569 4149 igitur
592 4077 623 4129 et
645 4068 754 4129 lineam
783 4066 926 4137 alteram,
959 4082 996 4123 ex
1018 4061 1048 4123 A
1070 4060 1100 4121 in
1119 4078 1155 4140 n

155 4162 192 4234 L,
215 4162 250 4223 M
271 4160 383 4222 limites
413 4161 495 4239 ipsos
528 4158 673 4238 ejectam,
705 4174 774 4217 esse
803 4156 915 4215 lineum
942 4170 1047 4224 unam,
1070 4158 1101 4209 et
1157 4166 1163 4191 ι

156 4250 211 4324 sic,
235 4250 313 4331 quod
327 4250 382 4313 sub
396 4248 506 4311 Martis
520 4246 620 4307 orbita
638 4243 907 4326 comprehenditur,
931 4260 997 4301 esse
1012 4258 1099 4299 unurn

155 4340 286 4421 planum.
331 4339 377 4401 At
400 4340 425 4398 si
448 4357 506 4399 non
530 4336 558 4397 in
582 4336 729 4414 aptioris
752 4331 913 4394 schematis
937 4326 1031 4410 (quod
1055 4335 1103 4388 est

155 4430 186 4492 A
200 4430 231 4491 in
243 4427 418 4509 posteriori)
433 4426 531 4488 sedin
545 4424 566 4502 β
572 4446 589 4497 ς
612 4425 682 4497 (hoc
697 4430 747 4483 est
764 4423 841 4483 infra
855 4421 885 4483 A
908 4416 1100 4499 posterioris)

155 4527 241 4581 esset
280 4516 443 4579 communia
481 4515 577 4575 sectio
611 4514 785 4594 planorum:
826 4508 968 4571 connexis
1000 4508 1042 4580 L,
1065 4504 1100 4565 M

155 4607 299 4669 limitibus
322 4626 387 4668 cum
407 4605 505 4687 aliquo
526 4609 638 4683 puncto
661 4602 758 4663 lineae
776 4600 832 4663 BD
854 4598 933 4659 infra
955 4598 994 4672 A,
1019 4603 1100 4659 esset

156 4698 302 4776 angulus,
332 4714 389 4776 quo
421 4701 575 4775 spectatur
605 4711 643 4755 ex
668 4690 721 4755 illo
753 4695 863 4770 puncto
891 4686 961 4763 LB,
994 4686 1098 4757 minor,

156 4787 303 4865 angulus,
325 4801 383 4867 quo
404 4784 468 4848 MD
491 4790 662 4864 spectatur,
694 4779 809 4859 major,
837 4776 953 4841 duobos
981 4774 1100 4839 circiter
1142 4860 1155 4886 ..

155 4883 356 5025 m'miserum
372 4971 429 5038 est,
454 4962 478 5023 si
495 4960 579 5021 nobis
598 4958 722 5021 libertas
745 4956 928 5037 relinquatur
950 4950 1101 5017 statuendi
