3517 5525
264 381 331 463 450
688 389 720 444 Iu
738 387 922 443 &amentatis
939 389 971 442 de
987 388 1093 442 modbm
1109 374 1197 442 Mardi

265 574 443 638 descenderit,
465 589 545 644 spero
566 577 675 626 tentem
694 571 767 628 inter
786 572 844 626 Vos
864 571 986 626 loturam
1001 570 1146 635 notitiem,
1160 575 1194 624 ut
1213 571 1263 624 abs
1284 565 1321 624 hl.
1336 569 1366 626 T.
1387 570 1512 640 proiecta
1533 581 1622 626 eom·-

264 657 401 713 mendatio
422 654 498 708 utilis
519 669 580 706 esse
600 651 697 722 possit.
744 709 748 715 ,

351 737 432 798 Quod
451 733 620 805 hypotheses
634 731 777 802 Ceperuici
798 731 906 796 attinet,
929 732 970 786 ita
989 737 1033 786 est
1046 737 1078 785 ut
1089 729 1192 794 scribis,
1215 730 1311 801 iugens
1332 731 1412 785 bolus
1433 732 1605 788 devorandus

266 826 326 874 est:
348 814 513 872 immensitas
533 813 612 867 unius
633 813 770 883 sphaerae
790 813 915 868 harum.
949 812 1041 867 Solum
1060 812 1113 865 hoo
1127 811 1221 881 Tyoho
1242 809 1307 868 nihi
1328 811 1438 866 solebat
1458 827 1605 881 opponere.

266 898 399 968 Negabat
417 895 546 964 exempla
573 892 673 948 similia
692 892 719 948 in
740 900 854 955 natura,
884 894 931 947 ubi
953 899 1009 952 tum
1029 891 1128 963 ingens
1148 905 1178 946 et
1198 891 1381 948 h'ustraueum
1411 907 1542 955 vacuum,
1564 890 1607 944 uti

170 998 184 1008 ‘
266 979 368 1049 digitus
389 976 477 1030 instar
496 973 599 1028 montis
615 975 650 1026 ad
670 969 805 1044 reliquum
832 988 930 1042 corpus
960 972 1103 1029 hemiola·
1126 973 1190 1043 Ego
1220 977 1315 1026 contra
1342 972 1545 1042 proportionem
1565 971 1608 1026 ita

267 1059 449 1130 requirerem:
481 1054 553 1108 siout
581 1053 718 1108 diameter
733 1052 844 1107 motoris
865 1046 976 1130 (Solis)¹
994 1056 1029 1108 nd
1056 1052 1217 1107 diametrum
1246 1050 1392 1116 mobilium,
1418 1051 1461 1124 ita
1479 1053 1549 1106 haec
1569 1054 1605 1108 ad

267 1140 427 1195 diametrum
447 1135 500 1190 loci
521 1135 549 1188 in
569 1149 621 1206 quo
641 1140 739 1198 motus,
761 1151 799 1188 sc.
820 1133 956 1203 sphaerae
975 1135 1101 1188 marum.
1138 1133 1202 1187 Cum
1221 1130 1293 1185 enim
1313 1133 1469 1202 parallaxis
1488 1131 1607 1187 fixarum

267 1219 380 1274 diversis
401 1216 465 1271 anni
485 1211 654 1286 temporibus
674 1213 781 1268 existat
804 1231 860 1268 non
878 1213 967 1282 major
988 1209 1054 1276 20“,
1076 1229 1134 1268 cum
1162 1213 1305 1266 stellarum
1334 1214 1450 1267 lixarum
1480 1212 1607 1276 diametri

268 1302 324 1355 sint
343 1305 375 1352 ut
394 1296 541 1367 plurimum
562 1290 575 1350 1
592 1303 622 1348 et
637 1289 674 1358 2‘,
695 1294 788 1364 itaque
809 1302 957 1348 evanescet
976 1295 1045 1352 haec
1065 1293 1228 1364 parallaxis.
1257 1293 1416 1356 Praeterea,
1439 1293 1462 1345 si
1481 1301 1608 1348 movetur

268 1379 365 1434 inutile
384 1393 509 1438 vacuum,
530 1381 674 1429 moveatur
694 1373 842 1428 etismrnrm
862 1375 960 1445 ingens
982 1375 1053 1430 iuter
1072 1375 1212 1444 planetas,
1232 1373 1349 1428 maxime
1369 1373 1442 1427 inter
1461 1374 1557 1449 lovem
1578 1379 1609 1426 et

267 1462 392 1521 Martem,
414 1455 623 1511 sincerissimum
641 1471 706 1508 vero
727 1471 844 1508 vacuum
863 1472 882 1510 a
901 1455 994 1510 Terra,
1013 1472 1098 1525 usque
1119 1457 1154 1508 ad
1174 1454 1253 1524 polos
1276 1453 1359 1508 etism
1380 1453 1499 1508 Saturni.
1540 1455 1608 1508 Turn

269 1543 303 1596 de
323 1537 457 1607 exemplis
477 1543 595 1591 naturae
615 1535 802 1607 disquisitum:
830 1535 1017 1605 proponebam
1041 1535 1171 1589 immanes
1192 1529 1346 1603 serpentes,
1370 1533 1429 1604 ipre
1451 1531 1605 1596 affirmavit,

267 1621 353 1675 risam
383 1617 497 1682 abiis,
531 1617 579 1687 qui
607 1615 828 1688 Nordwagirium
850 1632 983 1670 manum
1012 1615 1160 1686 navigant,
1188 1613 1305 1673 bestiam
1332 1620 1471 1668 trecentas
1501 1613 1610 1668 circitor

269 1703 349 1756 ulnas
370 1699 501 1770 longam3
523 1696 680 1768 comparavi
700 1712 753 1766 ego
767 1697 810 1761 od
829 1695 1031 1759 animalculum,
1053 1697 1123 1766 quod
1144 1713 1181 1752 ex
1194 1695 1338 1765 putredine
1359 1700 1446 1749 ortum
1467 1694 1609 1749 cuniculus

269 1798 319 1852 per
339 1788 429 1833 sutem
450 1778 518 1849 egit
557 1776 705 1847 Apparuit,
725 1776 931 1846 proportionem
950 1775 1118 1832 intercedere
1137 1775 1277 1845 majorem.
1318 1775 1390 1829 Dein
1415 1774 1516 1846 negari
1535 1791 1611 1828 corn-·¹

270 1859 422 1932 perationis
452 1857 661 1912 concinnitatem
690 1857 873 1926 quaerendam
902 1856 974 1911 inter
1002 1855 1115 1926 mobilis
1135 1862 1165 1910 et
1192 1853 1369 1926 quiescentia.
1410 1855 1471 1909 Non
1499 1861 1608 1924 peccat,

270 1941 317 2012 qui
335 1939 470 1994 hominem
491 1942 632 2007 comparat
650 1952 710 1990 cum
731 1935 889 2010 elephante,
912 1939 959 1991 sed
978 1936 1074 2008 siquis
1095 1935 1228 1990 hominem
1249 1943 1389 2005 comparet
1408 1951 1468 1989 curn
1489 1935 1617 1988 motibus

272 2021 423 2083 stellarum,
438 2033 550 2090 ,genera
568 2015 739 2072 transcendit
758 2027 788 2070 et
807 2016 914 2086 ineptit.
944 2017 994 2072 His
1015 2019 1047 2070 de
1067 2011 1158 2072 causis
1178 2013 1349 2070 verisimilior
1370 2020 1414 2068 est
1427 2015 1491 2068 mihi
1512 2017 1607 2078 moles,

272 2117 353 2172 quam
375 2099 427 2152 illa
446 2096 613 2169 sympathia.
654 2097 766 2152 Interim
792 2097 960 2151 veredicis:
987 2099 1174 2152 demonstrata
1193 2095 1361 2168 geometrica
1381 2093 1459 2150 nulla
1479 2094 1609 2165 impedire

273 2180 412 2252 quominus
440 2177 555 2248 quilibet
582 2178 698 2246 planeta
726 2183 840 2247 propter
867 2193 947 2232 suum
975 2177 1155 2232 eceentricum
1179 2177 1272 2230 talem·
1292 2175 1431 2232 describat
1457 2175 1633 2247 epicpclum‘

273 2257 346 2331 (cum
366 2259 489 2314 omuibus
502 2255 649 2327 requisitis,
671 2257 883 2322 ecrentrioitate,
904 2264 1006 2327 puncto
1019 2257 1173 2329 aequantis,
1192 2263 1268 2311 motu
1281 2255 1409 2328 apogaei,
1431 2255 1610 2312 inclinatione

273 2344 307 2398 ad
328 2357 405 2394 suum
426 2333 543 2404 orbem),
564 2337 673 2407 qualem
691 2336 750 2406 ipse
770 2337 826 2400 Sol,
848 2343 878 2392 et
898 2339 991 2392 eodem
1012 2345 1133 2407 tempore
1154 2337 1182 2394 in
1202 2337 1311 2392 easdem
1331 2341 1444 2406 partes:
1467 2337 1546 2406 idque
1563 2335 1611 2389 rel

273 2423 369 2476 eadem
389 2417 545 2490 quantitate
573 2422 700 2471 manente
720 2416 748 2470 iu
768 2418 892 2487 quolibet
920 2417 1057 2489 epicyclo,
1085 2433 1156 2488 quae
1182 2425 1230 2472 est
1244 2418 1273 2470 iu
1295 2416 1446 2472 eoceutrioo
1467 2417 1556 2480 Solis,
1579 2422 1612 2470 ut

273 2503 444 2556 retineantur
464 2497 626 2567 parallaxes
639 2496 736 2550 Martis
751 2497 931 2568 Tychonicae,
952 2499 997 2552 rol
1017 2498 1148 2569 negleota
1165 2495 1315 2568 parallaxi,
1337 2503 1370 2552 ut
1388 2502 1495 2552 tautum
1517 2495 1612 2566 capiat

166 2639 172 2650 ⁴
252 2581 389 2652 «quilibet
408 2577 561 2648 epicyclum
580 2577 667 2638 buno,
688 2594 722 2630 ne
742 2578 793 2631 dat
812 2577 984 2642 intersectis,
1006 2583 1036 2631 et
1055 2579 1220 2654 eccen'tricus
1249 2577 1310 2646 ejus
1331 2578 1358 2631 in
1379 2579 1473 2632 eadem
1495 2592 1610 2648 propor-

275 2661 350 2716 tione
370 2665 516 2731 nugentur.
543 2657 595 2711 lllo
609 2658 687 2710 modo
707 2657 790 2727 plane
805 2658 830 2710 id
844 2657 1105 2727 repraesentabitur,
1128 2660 1198 2730 quod
1211 2675 1261 2729 per
1275 2657 1410 2728 Tychonis
1432 2657 1610 2730 hypothesin,

275 2741 327 2797 nisi
347 2740 417 2814 quod
437 2737 530 2810 Tpcbo
551 2736 763 2808 compendiosius
784 2738 845 2793 illos
867 2756 918 2794 sex
942 2738 1079 2812 epicyolos
1100 2737 1128 2793 in
1147 2757 1228 2795 unum
1250 2737 1321 2793 Solis
1347 2737 1525 2794 eccentrioum
1546 2755 1609 2791 con-

274 2820 360 2885 flarit,
381 2825 411 2873 et
424 2818 463 2873 sic
476 2819 542 2889 ipsis
562 2819 662 2873 centris
683 2820 847 2874 eecentrieos
863 2819 951 2889 juxta
970 2822 1042 2874 hunc
1063 2836 1227 2877 communem
1246 2825 1348 2875 motum
1368 2818 1521 2891 adscripsit.
1550 2819 1611 2873 Hoc

275 2904 364 2958 altero
384 2902 461 2954 modo
481 2900 530 2953 flet
549 2898 719 2955 Ptolemaios
746 2899 926 2971 hypothesis,
948 2907 977 2954 et
996 2897 1093 2958 Martis
1114 2900 1253 2971 epioyclus
1273 2900 1390 2971 ingens,
1416 2898 1502 2953 minor
1522 2899 1608 2959 loris,

274 2982 396 3039 minimus
417 2980 544 3035 Saturni:
566 2979 618 3033 uisi
638 2981 707 3050 quod
727 2980 771 3035 his
789 2979 857 3049 ipsis
872 2978 1009 3051 epicpclis
1031 2976 1157 3051 (iusuper
1182 2982 1266 3037 etiarn
1284 2979 1387 3035 Solaris
1413 2973 1609 3047 eoccntrioulo)

275 3061 397 3133 aequalis
417 3065 507 3129 motus
526 3060 679 3122 tribuatur,
707 3067 740 3114 ut
758 3060 874 3130 aliquali
892 3066 968 3115 motu
989 3062 1107 3115 marum
1126 3060 1247 3130 sphaera
1267 3076 1327 3116 oum
1346 3061 1433 3115 Terra
1451 3054 1609 3121 circumeat,

276 3142 451 3214 quodUrsus
470 3140 617 3210 Apollonio
636 3138 755 3196 mirabili
775 3141 891 3195 audacis
912 3140 1065 3210 adscripsit.
1094 3140 1168 3208 Tunc
1187 3142 1271 3211 plane
1291 3140 1362 3199 idem
1382 3142 1421 3203 tt,
1444 3142 1516 3211 quod
1536 3141 1610 3210 apud

275 3223 438 3294 Tyohouem,
459 3220 511 3276 nisi
531 3222 610 3293 quod,
632 3237 703 3291 quae
722 3221 768 3275 hic
787 3227 872 3291 stant,
894 3223 967 3292 apud
980 3220 1136 3292 Tychormrn
1156 3230 1298 3277 morentur
1312 3214 1377 3289 (hoc
1397 3220 1502 3293 quidem
1521 3213 1611 3289 motu)

276 3310 305 3357 et
325 3310 430 3356 contra.

362 3383 560 3444 Instrumenta,
591 3381 662 3450 quod
689 3378 799 3444 scribis,
829 3379 965 3435 dormiunt
992 3381 1132 3452 equidem:
1165 3396 1202 3436 sc.
1231 3381 1378 3437 haeredum
1407 3386 1452 3435 est
1477 3381 1612 3437 rationem

276 3465 398 3519 reddere.
438 3462 481 3515 De
502 3458 630 3530 expensis
651 3461 716 3515 mihi
745 3461 828 3530 plane
848 3460 917 3515 nihil
946 3467 1063 3517 constat.
1105 3460 1234 3526 Quiesoo,
1263 3468 1293 3517 et
1312 3461 1341 3515 iu
1359 3478 1419 3516 meo
1440 3462 1544 3517 salario
1565 3478 1612 3515 ac·

278 3544 385 3615 quiesco
407 3540 455 3595 dre.
478 3544 536 3607 (vid.
555 3544 611 3595 Vol
629 3546 664 3605 ΙΙ,
688 3563 713 3611 p.
733 3543 789 3607 78).
828 3540 954 3612 Procopii
979 3543 1068 3597 locum
1087 3544 1120 3597 de
1141 3558 1211 3596 anno
1232 3536 1298 3598 535.
1327 3541 1455 3615 intelligo
1475 3544 1508 3598 de
1538 3542 1613 3597 sicca

225 3644 228 3649 *
278 3622 458 3679 exhalatione
477 3637 531 3673 nou
550 3635 669 3692 magnae
688 3619 851 3685 altitudinis,
870 3621 898 3675 in
912 3638 992 3693 quam
1005 3622 1053 3676 Sol
1072 3638 1151 3677 mane
1172 3628 1202 3676 et
1214 3623 1323 3693 vesperi
1343 3623 1478 3691 paulatim
1496 3638 1610 3685 mersus,
1637 3630 1640 3637 '

277 3700 516 3758 rubicundissimus
536 3706 567 3753 et
585 3699 663 3754 initio
682 3700 803 3755 bisentus
824 3710 959 3771 apparet;
989 3702 1119 3757 siccitatis
1140 3718 1244 3765 mures,
1271 3709 1303 3757 ht
1323 3718 1394 3757 auno
1417 3698 1500 3759 1599.
1522 3703 1614 3772 Aprili

279 3791 309 3837 et
328 3781 411 3850 hujus
431 3780 495 3835 anni
514 3779 616 3834 Martio
636 3776 717 3847 (saue
737 3787 798 3835 toto
814 3780 923 3846 Martio,
944 3784 1014 3853 quod
1034 3782 1123 3837 obiter
1142 3784 1220 3845 eddo,
1241 3799 1311 3837 unus
1331 3784 1480 3854 quadratus
1501 3782 1612 3837 Saturni

279 3871 309 3917 et
328 3857 443 3916 Veneris
471 3855 574 3927 tenuit)
585 3881 599 3914 ε,
622 3869 681 3929 toto
709 3860 793 3916 etiam
812 3861 914 3916 hiartio
943 3863 1051 3917 siccitas
1071 3862 1124 3916 tuit
1142 3892 1182 3905 -
1202 3864 1273 3917 bene
1292 3892 1333 3905 -
1353 3865 1401 3916 sed
1420 3864 1487 3917 illud
1508 3862 1614 3917 errarit

280 3941 501 4012 Prognosticum,
523 3942 593 4010 quod
614 3946 721 4011 tempus
741 3942 862 4011 plurium
882 3942 950 4007 dixi,
973 3960 1032 4023 cum
1052 3943 1140 3997 siccae
1166 3944 1319 4000 existerent
1339 3944 1541 3999 exhalationes.
1584 3944 1613 3997 ld

280 4021 435 4091 displicebit
453 4020 502 4084 eis,
524 4020 570 4090 qui
589 4022 700 4075 definita
720 4021 749 4075 in
769 4023 844 4076 coelo
866 4028 1008 4093 quaeruut.
1048 4022 1116 4077 Mihi
1136 4023 1189 4078 hoc
1209 4024 1276 4078 satis
1297 4030 1353 4087 est,
1379 4023 1424 4095 qui
1445 4024 1484 4079 uil
1504 4022 1613 4077 invenio

282 4101 400 4157 incaelo
413 4100 466 4154 nisi
479 4099 623 4165 stimulum,
639 4100 666 4155 in
679 4102 765 4156 Terra
777 4119 842 4157 vero
855 4103 998 4158 materiam
1012 4110 1042 4157 et
1054 4103 1114 4172 ejus
1131 4103 1271 4160 circuitum
1284 4119 1400 4159 caecum.
1420 4110 1473 4172 (Nil
1484 4107 1613 4175 sequitur.)

374 4177 402 4240 h)
420 4193 444 4243 p.
464 4174 506 4228 ³8.
543 4177 598 4227 Vol.
616 4180 647 4229 Π.
667 4196 691 4243 p.
710 4176 769 4228 568.
798 4181 946 4231 exhibuimus
973 4181 1056 4231 literas
1074 4182 1196 4233 Edmuudi
1212 4182 1327 4239 Brutti,
1346 4182 1370 4232 d.
1392 4180 1432 4231 tt.
1453 4184 1515 4247 Aug.
1537 4178 1613 4229 tuot.

284 4251 409 4302 Florentia
427 4250 459 4299 ad
476 4249 611 4313 Keplerum
629 4250 712 4308 datas,
729 4252 755 4301 iu
773 4252 859 4318 quibus
876 4248 979 4316 praeter
992 4267 1036 4311 es,
1055 4267 1119 4317 quse
1136 4252 1185 4305 illio
1203 4253 1384 4318 proposuimus.
1402 4245 1465 4304 heae
1483 4254 1613 4317 leguntur:
1638 4293 1639 4301 ,

287 4322 386 4394 Certum
403 4328 429 4370 te
441 4322 514 4378 iasio,
533 4321 596 4385 quod
607 4336 664 4371 mee
675 4337 726 4371 sors
738 4322 792 4375 fuit.
811 4338 866 4373 oum
878 4322 981 4389 Magius
999 4338 1141 4375 concurrere
1158 4327 1183 4376 in
1202 4323 1288 4376 ecdem
1306 4338 1377 4375 curru
1390 4339 1406 4374 s
1417 4324 1520 4375 Peterin
1537 4339 1614 4389 usque

287 4392 320 4444 ad
337 4392 491 4447 Bononiam,
517 4393 544 4441 tn
562 4396 630 4457 cujus
648 4392 717 4443 domo
745 4396 823 4445 amieo
851 4402 967 4458 acceptus
984 4410 1027 4459 per
1049 4396 1113 4445 diem
1138 4402 1281 4460 noctemque
1306 4398 1401 4457 mansi,
1426 4410 1473 4460 quo
1499 4397 1616 4460 temporis

287 4465 405 4515 curriculo
422 4463 553 4513 honorifice
570 4465 601 4514 de
619 4472 644 4515 te
661 4465 738 4514 loeuti
755 4480 844 4514 sumus.
875 4465 1032 4516 Prcdromnm
1050 4474 1118 4516 tuam
1138 4468 1159 4518 ei
1178 4467 1271 4517 ostendi
1289 4467 1401 4532 dixique,
1420 4474 1446 4517 te
1463 4480 1614 4530 summopere

287 4536 484 4605 admirationis
502 4548 625 4599 nunquam
642 4537 692 4586 tuis
708 4536 785 4586 literis
810 4538 978 4599 respondisse:
1005 4544 1045 4587 ast
1059 4538 1112 4601 ipss
1129 4538 1188 4589 mihi
1212 4538 1319 4601 iurarit,
1344 4552 1371 4587 se
1389 4552 1513 4603 nunquam
1538 4543 1615 4588 actes

285 4615 354 4656 tuum
372 4605 534 4656 Prodromum·
545 4607 640 4662 n'disse.
660 4608 703 4658 ssd
716 4610 769 4670 ejus
786 4606 918 4658 adrem
936 4609 1042 4673 quotidie
1060 4607 1188 4674 diligenter
1206 4616 1370 4673 exspectasse,
1388 4610 1493 4673 mihique
1511 4608 1615 4660 fideliter

285 4679 409 4742 promisit,
435 4692 463 4727 se
479 4690 537 4726 suas
554 4676 587 4726 sd
605 4685 630 4728 te
649 4679 730 4729 literas
751 4679 818 4729 brsri
844 4680 940 4730 mittere
958 4678 1027 4737 selle,
1055 4684 1129 4746 teque
1146 4695 1194 4730 non
1212 4681 1289 4731 solum
1315 4694 1400 4731 amare
1417 4681 1461 4732 sed
1479 4682 1555 4735 οιίω
1571 4696 1615 4748 pru

285 4752 334 4799 tuis
352 4750 456 4799 inventis
475 4747 596 4802 admirari.
616 4750 741 4804 muisssm
758 4756 803 4801 est

375 4819 498 4879 Causam,
518 4832 561 4869 cnr
577 4809 693 4885 hlaffl'uu's
710 4836 759 4871 uon
776 4821 926 4883 responderit
952 4821 1076 4885 Ksplero,
1103 4824 1177 4887 ipsius
1203 4822 1298 4889 llsqini
1320 4824 1398 4875 serbis
1421 4823 1571 4877 exhibuimus
1588 4824 1616 4879 ln

289 4896 366 4951 textu,
385 4906 440 4956 pag.
461 4888 486 4938 b.
505 4903 587 4941 rerum
605 4890 679 4941 aliam
696 4892 798 4941 diximus
816 4906 916 4943 causam
934 4894 1092 4944 sedsimilem.

377 4960 405 5031 t)
423 4978 448 5033 p·
466 4958 509 5019 st.
528 4947 625 5020 'tom
642 4976 715 5033 quem
729 4962 771 5017 mo
787 4968 885 5035 spectet
901 4963 1031 5039 sepsos,
1048 4966 1137 5036 teritur
1154 4966 1181 5021 iu
1197 4964 1261 5018 Ριοι
1278 4965 1422 5044 timorem
1436 4964 1479 5025 11..
1497 4978 1552 5041 rer·
1573 4964 1614 5025 su
