3517 5525
303 415 368 484 oet
904 403 945 467 1³0
965 398 1047 466 raa

450 521 465 554 θ
586 517 590 526 ’
703 516 706 529 '
732 548 736 557 .

304 598 365 660 sint
394 596 579 658 incrementa
609 592 767 673 phasium;
795 601 828 655 ut
860 611 917 675 quo
947 601 1082 673 tempore
1106 593 1200 654 'l'erra
1228 592 1312 655 videt
1344 592 1459 654 Lunam
1487 589 1647 668 falcatam,

304 681 417 748 eodem'
432 685 517 746 Luna
540 683 642 744 videat
660 685 784 746 Terram
807 682 929 762 gibbam
948 682 1002 745 irc.
1040 681 1194 753 Quantam
1217 682 1308 762 igitur
1329 683 1493 762 portionem
1515 683 1554 745 de
1580 690 1649 745 toto

303 774 412 836 lumine
436 773 498 846 (vel
522 780 591 842 tota
610 782 697 852 parte
721 773 862 846 obscura)
886 771 1024 850 possidet
1045 791 1105 833 una
1133 771 1238 853 phasis
1261 771 1372 833 Terrae
1396 779 1505 833 etune
1527 773 1648 846 Lunae,
1678 799 1682 802 ·

303 872 419 925 tantam
444 863 481 922 de
504 861 559 922 illa
580 861 668 940 phasi
690 861 859 944 portionem
881 863 976 922 Terra
1003 860 1095 922 habet
1114 869 1171 941 pro
1195 860 1300 940 regula
1327 858 1536 922 admetiendae
1559 861 1650 940 hujus

305 954 470 1033 superfluae
494 950 668 1014 celeritatis.
706 951 756 1013 Ita
773 951 874 1012 valent
896 949 1044 1031 quadrata
1068 950 1210 1012 linearum
1227 949 1297 1024 ΒΜ,
1321 949 1378 1010 hoc
1392 963 1441 1011 est
1462 949 1562 1011 lineae
1578 948 1648 1012 OV.

395 1041 476 1101 llaec
500 1057 571 1118 ego,
596 1037 772 1102 clarissime
797 1039 866 1114 Vir,
891 1039 993 1120 potius
1017 1039 1175 1102 exercendi
1199 1039 1257 1100 mei
1281 1057 1370 1119 quam
1391 1039 1437 1099 tui
1461 1039 1650 1116 defatigandi

304 1149 396 1191 causa
419 1130 456 1189 de
470 1128 604 1190 theoriae
618 1130 722 1191 Lunae
746 1129 957 1191 reformatione
981 1128 1106 1206 scripsi:
1131 1127 1173 1188 tui
1193 1128 1251 1190 erit
1273 1126 1397 1200 arbitrii,
1422 1127 1494 1206 quid
1518 1127 1557 1188 ad
1573 1128 1649 1188 hanc

303 1228 418 1300 partem
452 1217 604 1279 literarum
635 1218 836 1297 respondeas;
869 1217 944 1279 illud
975 1219 1071 1281 solum
1103 1235 1193 1295 rogo,
1224 1217 1259 1277 de
1286 1208 1356 1278 lixIs
1386 1217 1465 1296 quod
1494 1216 1587 1294 petii,
1617 1228 1650 1277 ut

304 1327 392 1369 curae
417 1307 528 1368 habeas
550 1316 641 1386 utque
663 1304 707 1369 sic
729 1307 922 1387 respondeas,
947 1305 990 1367 uti
1009 1305 1165 1368 existimas
1184 1325 1222 1366 ex
1237 1305 1368 1367 utilitate
1390 1305 1484 1366 studii
1506 1313 1649 1366 astrono-

304 1396 535 1459 mlcirutmum.
583 1395 670 1458 Vale.
701 1395 729 1456 d.
759 1394 806 1460 12.
830 1394 947 1478 Aprilis
974 1390 1067 1458 1620.
1474 1408 1477 1414 '

681 1507 685 1516 ’
817 1485 900 1550 Tuae
922 1483 1131 1546 Excellentiae

1154 1569 1437 1635 observantissimus

1316 1661 1369 1724 Jo.
1392 1646 1560 1740 Kepha-ira.

199 1815 202 1823 ι
391 1783 437 1836 Hls
462 1783 531 1836 addit
555 1782 712 1849 Hanschius:
740 1784 862 1835 Posterior
886 1783 1012 1835 literarum
1035 1798 1093 1846 pars
1120 1783 1151 1833 de
1178 1797 1243 1834 nora
1266 1782 1354 1834 Lunae
1376 1781 1471 1834 theona
1494 1781 1650 1834 emendatior

304 1863 329 1908 et
348 1859 444 1908 auctior
462 1859 538 1908 minsa
556 1857 588 1906 ad
607 1855 766 1906 Maeatlinnm
786 1856 810 1905 d.
829 1853 946 1905 XXVIII.
965 1854 1029 1918 usp
1047 1853 1228 1905 clamorum:

368 1959 370 1970 ·
391 1929 478 1990 Luna
500 1929 591 2008 igitur
613 1938 753 1989 versante
776 1929 806 1990 iu
831 1924 911 1988 linea
933 1926 1070 2007 apsidum
1100 1927 1268 1988 anomaliae
1298 1925 1436 1999 solutae,
1466 1925 1524 1986 hoc
1547 1931 1598 1986 est
1620 1925 1649 1984 iu

304 2018 403 2081 Dvel
426 2018 453 2079 Ε
476 2024 544 2092 (mg.
566 2021 622 2091 ιι),
644 2025 715 2103 tunc
743 2018 800 2080 etsi
825 2016 908 2078 nulla
938 2025 1041 2096 potest
1068 2032 1136 2077 esse
1168 2015 1448 2096 prosthaphaeresis
1480 2013 1648 2074 anomaliae

305 2107 439 2180 solutae,
472 2115 520 2167 est
548 2115 647 2167 tamen
676 2105 776 2188 aliqua
807 2104 1088 2186 prosthaplraeresis
1121 2105 1287 2183 anomaliae
1318 2114 1508 2176 menstruae,
1540 2102 1649 2183 quippe
1679 2133 1684 2142 ·

303 2203 416 2276 puncta
444 2195 489 2270 D,
517 2196 544 2256 Ε
573 2202 738 2257 versantur
765 2203 851 2257 extra
880 2194 989 2255 lineam
1021 2193 1158 2274 apsidum
1187 2192 1353 2254 anomaliae
1385 2199 1559 2254 menstruae
1581 2189 1646 2252 FG.

303 2287 389 2346 Hanc
413 2301 483 2345 vero
506 2280 791 2365 prosthaphaeresin
815 2281 917 2363 prodit
930 2303 1002 2344 area
1020 2281 1161 2361 trianguli
1177 2281 1352 2363 aequaturii,
1376 2281 1455 2363 quod
1469 2287 1536 2342 stat
1559 2299 1650 2361 super

303 2372 529 2436 ecceutricitate
552 2381 724 2435 menstmaa
748 2372 937 2455 aequationis
962 2369 1029 2434 CA.
1064 2371 1143 2433 Nam
1165 2371 1252 2434 Luna
1274 2371 1303 2431 in
1326 2370 1353 2432 Ε
1375 2371 1538 2443 existente,
1561 2388 1648 2430 meu-

305 2473 389 2525 strua
413 2461 552 2542 aequatio
576 2468 624 2523 est
647 2459 731 2525 OEA
755 2482 836 2525 area.
884 2461 933 2522 Sit
955 2461 1034 2523 enim
1056 2478 1128 2523 vera
1156 2459 1302 2522 distantia
1323 2458 1427 2521 Lunae
1450 2459 1488 2521 ab
1513 2461 1541 2530 0⁰
1566 2457 1648 2520 Solis

305 2551 432 2630 angulus
447 2549 537 2618 FAE,
560 2557 679 2630 tempus
702 2551 770 2612 huic
793 2551 902 2630 angulo
925 2550 1110 2630 respondens
1133 2550 1190 2611 erit
1208 2550 1238 2612 in
1258 2567 1313 2610 sua
1335 2548 1528 2628 proportione
1550 2547 1649 2628 majus

304 2641 360 2702 lroc
384 2639 492 2718 angulo
516 2641 683 2720 quantitate
707 2657 796 2701 areae
821 2637 922 2702 CEA:
947 2659 1000 2702 seu
1023 2639 1101 2719 quod
1124 2647 1171 2700 est
1194 2637 1361 2712 dilucidius,
1385 2637 1427 2697 sit
1449 2645 1539 2699 notus
1564 2637 1648 2698 locus

195 2723 201 2734 ⁸
305 2729 404 2791 lineae
426 2727 485 2790 AD
516 2729 570 2791 sub
593 2727 675 2797 fixis,
700 2729 786 2791 Luna
808 2728 899 2810 igitur
928 2729 1076 2791 existente
1099 2729 1128 2791 in
1156 2728 1221 2807 ejus
1250 2726 1438 2807 oppositione
1461 2725 1505 2801 Ε,
1529 2734 1649 2807 tempus

306 2817 491 2897 respondens
515 2816 623 2897 angulo
640 2817 726 2881 ΒΑΕ
750 2819 879 2891 (duobus
903 2818 1010 2892 rectis)
1034 2838 1086 2879 seu
1110 2816 1295 2879 semicIrculo
1318 2814 1433 2878 orbitae
1452 2814 1540 2878 DIIE
1564 2834 1648 2877 cous-

286 2914 433 2989 ,ponetur
455 2925 493 2967 ex
513 2926 586 2968 ‘area
609 2907 784 2970 semieIrculi
809 2906 894 2969 DHE
918 2916 949 2967 et
970 2926 1009 2967 ex
1031 2906 1180 2987 triangulo
1200 2906 1293 2969 CEA.
1338 2905 1381 2967 Ει
1403 2902 1539 2968 vicissim
1562 2905 1650 2965 Luna

307 2997 335 3057 in
359 2994 388 3057 D
412 3014 545 3077 apogaeo
568 3004 717 3071 versante,
743 2997 859 3078 qnando
883 2995 1014 3057 debebat
1036 2996 1098 3057 lieri
1117 2992 1331 3057 numerationis
1353 2994 1499 3073 temporis
1523 2993 1649 3067 initium,

250 3142 252 3148 2
306 3104 359 3147 seu
383 3086 501 3165 qnando
524 3084 673 3147 anomalia
705 3086 804 3147 media
832 3084 962 3147 debebat
985 3104 1052 3146 esse
1074 3082 1112 3159 0,
1137 3084 1164 3145 si
1186 3085 1375 3146 nulla’esset
1397 3082 1539 3162 aequatio
1562 3101 1649 3143 men-

307 3182 406 3248 strua,
439 3184 508 3235 tunc
534 3174 599 3253 jam
631 3174 781 3236 existente
804 3174 861 3235 hac
885 3192 1073 3236 numeramus
1105 3180 1191 3234 tanto
1214 3172 1310 3235 minus
1333 3189 1421 3253 quam
1444 3170 1480 3247 0,
1504 3179 1650 3251 quantum

307 3263 388 3325 valet
411 3261 591 3326 areaDAC.
628 3264 678 3324 Ita
700 3263 874 3326 conciliatur
897 3264 1006 3343 angulo
1030 3262 1154 3325 visionis
1178 3280 1230 3324 seu
1251 3280 1341 3322 verae
1360 3260 1526 3322 distantiae
1544 3260 1649 3321 Lunae

307 3374 327 3414 a
348 3351 420 3415 Sole
443 3352 526 3415 sAD
549 3353 599 3413 vel
622 3351 704 3415 ΓΑΕ
728 3372 813 3415 suum
831 3352 947 3433 justum
970 3360 1087 3432 tempus
1110 3370 1163 3412 seu
1186 3350 1337 3413 anomalia
1358 3349 1466 3412 medIa
1500 3348 1648 3414 Vicissim

307 3442 347 3503 sit
379 3440 502 3521 planeta
534 3458 605 3503 vero
637 3448 719 3503 motu
749 3443 812 3514 (vel
843 3460 936 3521 prope
966 3460 1054 3513 vero,
1089 3440 1158 3520 quia
1187 3439 1317 3501 nondum
1348 3447 1500 3501 correctus
1524 3447 1576 3499 est
1596 3443 1649 3518 pe‘r

306 3529 511 3604 variationem,
536 3528 572 3589 de
596 3548 654 3611 qua
677 3530 792 3593 dicetur
815 3530 908 3602 iufra)
931 3530 972 3591 sit
1000 3530 1122 3609 inquam
1143 3531 1172 3591 in
1196 3530 1221 3591 F
1244 3531 1270 3601 00
1296 3526 1336 3605 Θ
1360 3529 1409 3590 vel
1432 3528 1462 3588 in
1486 3526 1517 3588 G
1541 3529 1574 3603 ό
1596 3524 1646 3605 Θ.

306 3620 364 3681 Hie
387 3618 457 3699 quia
470 3620 555 3681 Luna
572 3618 737 3680 collocatur
753 3619 782 3680 in
802 3618 955 3699 apsidibue
971 3618 1138 3680 anomaliae
1157 3628 1338 3691 menstruae,
1362 3616 1444 3678 nulla
1460 3622 1508 3677 est
1521 3618 1648 3695 prosth-

307 3708 480 3789 aphaeresis
512 3716 685 3782 menstrua,
718 3715 751 3769 at
785 3716 833 3769 est
868 3708 971 3787 ailqua
1007 3706 1288 3787 prosthaphaeresis
1323 3705 1492 3773 anomaliae
1530 3706 1648 3766 solutae

305 3798 395 3880 plane
418 3796 525 3859 similis
548 3795 678 3875 planetis
693 3796 818 3871 ceteris3
842 3796 1011 3858 ostenditur
1033 3796 1109 3856 enim
1125 3803 1157 3856 et
1171 3813 1224 3875 per
1242 3796 1381 3895 angulum
1395 3802 1428 3854 ει
1441 3813 1495 3874 per
1512 3794 1648 3860 valorem

307 3906 396 3950 areae
421 3885 563 3965 trianguli
585 3884 676 3961 ΒΕΑ,
701 3882 788 3947 BGA
811 3903 864 3964 per
887 3904 957 3946 suas
985 3884 1102 3947 scilicet
1127 3891 1245 3963 partes,
1276 3884 1433 3966 physicam
1460 3892 1492 3943 et
1515 3884 1649 3963 opticanr

308 3978 448 4038 inunum
472 3974 663 4055 compositas
711 3974 847 4053 Augulus
877 3969 954 4036 enim
982 3992 1071 4035 verae
1100 3968 1301 4053 elongatIonis
1330 3971 1457 4053 apogaei
1480 3972 1586 4034 Lunae
1609 3974 1648 4033 ab

309 4067 336 4137 00
361 4061 400 4141 Θ
434 4063 551 4127 scilicet
573 4063 658 4125 ΠΛΡ
689 4061 783 4124 minor
815 4070 864 4124 est
894 4064 1004 4143 angulo
1026 4062 1109 4123 DBF
1134 4072 1166 4124 et
1195 4081 1266 4124 arcu
1288 4062 1342 4124 Ds
1371 4060 1542 4142 quantitate
1563 4062 1648 4124 ΒΕΔ

191 4212 196 4215 .
309 4152 423 4232 anguli,
454 4153 549 4215 eidem
576 4170 646 4213 vero
678 4153 787 4231 angulo
810 4152 895 4215 DAF
923 4150 1085 4233 respondet
1113 4150 1263 4213 anomalia
1294 4151 1408 4227 media,
1441 4150 1529 4211 valor
1556 4170 1648 4212 areae

309 4242 432 4305 DAFD.
478 4240 528 4304 Sic
552 4241 660 4320 angulo
684 4238 774 4302 ΒΑΘ
803 4258 892 4303 areae
915 4239 1034 4303 DAGD
1066 4240 1151 4302 valor
1182 4238 1320 4321 assignat
1349 4260 1435 4303 suam
1466 4239 1649 4301 anomaliam

309 4330 439 4393 mediam
460 4348 513 4391 seu
537 4331 783 4411 complementum
807 4330 871 4410 ejus
894 4331 933 4391 ad
956 4328 1180 4391 semicirculum.
1497 4402 1502 4412 .

396 4418 500 4481 Tertio
523 4438 630 4499 operae
657 4417 786 4500 pretium
810 4426 857 4480 est
884 4418 985 4481 videre
1016 4418 1302 4497 prosthaphaereses
1333 4418 1443 4479 mixtas
1465 4436 1503 4478 ex
1528 4417 1648 4479 selune

198 4520 207 4533 '
310 4518 342 4572 et
364 4528 401 4571 ex
424 4515 593 4569 menstruae
617 4508 783 4570 anomaliae
805 4506 1135 4589 prosthaphaeresibus.
1172 4506 1222 4569 Sit
1243 4506 1336 4585 primo
1351 4508 1437 4568 Luna
1459 4508 1539 4567 inter
1559 4506 1648 4568 nnius

310 4616 476 4679 apogaeum
499 4604 530 4658 et
545 4598 667 4659 alterius
691 4596 871 4677 perigaeum
896 4596 971 4657 ntia
991 4595 1160 4674 punctisll,
1176 4596 1215 4671 Κ,
1239 4594 1326 4677 idque
1349 4604 1429 4657 motu
1448 4612 1541 4675 prope
1564 4614 1646 4656 vero.

308 4689 367 4751 Hic
391 4685 607 4750 consideranda
629 4694 698 4748 sunt
721 4685 790 4747 bina
812 4702 866 4765 pro
889 4704 947 4747 uno
969 4684 1119 4765 triangula
1139 4684 1329 4765 aequatoria,
1358 4702 1412 4765 pro
1435 4683 1539 4746 soluta
1558 4684 1647 4747 ΒΗΑ

310 4776 359 4839 vel
381 4776 486 4848 BKA,
518 4792 573 4854 pro
605 4782 758 4837 menstma
780 4772 866 4837 OHA
894 4775 943 4836 vel
967 4772 1062 4838 OKA.
1106 4773 1227 4853 Augulo
1257 4774 1347 4852 igitur
1368 4773 1458 4833 ΒΑΗ
1484 4774 1648 4855 respondet

311 4864 460 4927 anomalia
491 4862 588 4927 medis
620 4863 786 4944 composita
816 4882 854 4925 ex
882 4882 955 4927 area
981 4857 1098 4925 DII-AD
1129 4870 1220 4924 etex
1251 4879 1321 4923 area
1344 4861 1449 4926 CAH:
1474 4870 1513 4924 'et
1534 4863 1646 4941 angulo

311 4953 401 5017 ΒΑΚ
422 4952 583 5035 respondet
604 4952 754 5015 anomalia
775 4952 873 5017 media
895 4950 1062 5034 composita
1083 4970 1122 5013 ex
1144 4952 1224 5014 areis
1246 4950 1364 5015 DAKD
1385 4958 1419 5015 et
1440 4950 1537 5016 GAK.
