3517 5525
332 407 397 478 5118
615 488 620 498 .
921 403 1082 480 Hipparchus.

225 623 234 638 ·
331 594 415 674 eique
437 589 541 672 puncti
565 590 651 652 modo
674 589 831 670 objicitur,
861 611 897 652 ae
921 593 946 655 si
970 593 1167 673 quantitatem
1190 591 1276 672 bajus
1300 584 1375 651 situs
1398 596 1534 670 respectu
1558 585 1675 650 nullam
1750 598 1751 669 l

331 683 497 744 obtineret:
522 679 599 760 quod
621 681 664 755 fit,
689 681 715 742 si
738 679 791 744 Sol
815 681 928 743 medias
951 684 1053 743 Lunae
1077 681 1277 761 longitudines
1293 679 1437 742 obtineat.
1487 673 1558 749 Qua
1581 678 1676 758 igitur

335 791 473 833 mensura
501 779 641 849 puuctum
664 769 721 832 hoc
745 771 896 832 enascitur
917 771 947 832 iu
970 771 1102 846 lineam,
1131 770 1235 832 eadem
1257 788 1313 848 par
1336 775 1383 829 est
1404 787 1542 829 creseere
1565 775 1597 828 et
1619 787 1675 828 ec-

333 859 552 922 centricitatem
570 867 599 919 et
624 860 830 938 aequatioues.
876 860 938 922 Sed
960 861 990 920 iu
1014 861 1130 938 sinuum
1152 858 1341 940 proportione
1364 859 1398 919 lit
1421 856 1506 932 illud,
1529 877 1621 938 qnare
1644 865 1677 916 et

331 950 387 1013 hoo
410 949 439 1010 in
461 948 653 1029 proportione
677 949 793 1012 sinuum
815 949 978 1010 distantiae
1001 949 1083 1012 Solis
1106 970 1125 1010 a
1147 949 1255 1012 mediis
1277 944 1512 1025 longitudinibus
1536 961 1676 1009 crescere

331 1058 453 1100 necesse
478 1044 534 1098 est.

367 1129 371 1140 '
423 1125 619 1205 Transegisse
643 1126 714 1188 mihi
737 1127 861 1189 videbar
877 1127 966 1188 'bisce
989 1127 1033 1188 sio
1056 1125 1237 1188 constitutis.
1273 1122 1439 1205 A‘tpostea
1453 1143 1499 1184 me
1515 1123 1675 1205 deceptum

330 1216 475 1290 intellexi,
499 1215 626 1276 nondum
650 1217 756 1297 quippe
780 1224 966 1278 transactum
989 1216 1107 1277 eratin
1131 1215 1267 1277 solidum.
1314 1213 1392 1274 Nam
1414 1232 1468 1293 per
1482 1214 1539 1274 has
1554 1213 1675 1292 quidem

331 1309 479 1369 extremas
502 1305 629 1384 apogaei
650 1305 754 1366 Lunae
776 1305 967 1367 habitudines
989 1306 1028 1366 ad
1043 1305 1146 1368 Solem
1168 1304 1315 1381 integrum
1333 1302 1486 1376 tuantur,
1510 1302 1673 1364 secundam

332 1397 409 1458 hauc
432 1384 677 1474 inaequalitatem
691 1395 795 1456 Lunae
819 1393 856 1455 ab
879 1389 1171 1474 apog'aeo'ejusdem
1194 1393 1334 1473 incipere,
1357 1397 1448 1472 alque
1472 1392 1515 1452 sic
1536 1398 1673 1453 tautum-

331 1485 419 1547 modo
442 1502 530 1546 unam
543 1491 585 1556 ,et
608 1483 731 1544 eandem
753 1483 896 1544 virtutem
919 1483 1118 1562 magneticam
1141 1483 1171 1543 iu
1194 1500 1317 1562 corpore
1339 1481 1443 1542 Lunae
1464 1499 1595 1560 ponere,
1620 1481 1674 1541 sed

333 1593 398 1636 eam
422 1581 531 1654 postea
552 1572 705 1634 intendere
730 1580 782 1634 aut
802 1573 972 1643 remittere;
1004 1580 1092 1652 atque
1116 1571 1266 1650 ingenium
1289 1560 1354 1647 e'jus
1377 1570 1438 1630 tale
1461 1578 1526 1642 est,
1565 1571 1672 1630 obser-

332 1662 503 1725 vationibus
526 1661 722 1735 testantibus,
750 1669 784 1722 ut
807 1683 825 1721 a
848 1662 929 1723 linea
949 1679 1004 1740 per
1027 1661 1128 1723 Solem
1152 1669 1184 1720 et
1205 1661 1342 1732 Terram,
1367 1657 1524 1719 sciliceta
1547 1661 1672 1736 copulis,

331 1752 464 1832 incipiat.
509 1750 589 1812 lieri
613 1751 691 1811 euim
714 1759 816 1830 potest
838 1769 891 1829 per
914 1751 989 1810 alios
1013 1751 1089 1812 situs
1121 1743 1247 1828 apogaei
1270 1749 1308 1807 ad
1331 1746 1446 1822 Solem,
1470 1749 1610 1809 utnulla
1634 1747 1673 1809 sit

334 1840 473 1921 aequatio
504 1839 636 1901 secunda
657 1840 744 1901 Luna
768 1847 854 1900 extra
877 1838 1047 1918 apogaeum
1066 1848 1225 1911 versante,
1259 1855 1300 1898 sc.
1325 1856 1390 1897 cum
1415 1837 1514 1897 estin
1539 1837 1670 1917 copulis:

332 1939 364 1992 et
387 1929 520 1993 vicissim
543 1927 668 2002 accidit,
693 1936 726 1990 ut
748 1926 835 1992 Luna
857 1929 886 1988 iu
910 1947 1044 2006 apogaeo
1067 1937 1100 1986 et
1121 1926 1262 2006 perigaeo
1285 1943 1409 1986 versans
1433 1925 1545 1986 liabeat
1569 1934 1670 1986 tamen

304 2047 305 2050 ¹
332 2021 463 2100 aliquam
486 2018 693 2098 aequationem
715 2017 896 2090 secundama
920 2018 996 2096 quod
1016 2016 1273 2078 evidentissimum
1288 2021 1355 2074 erat
1373 2022 1591 2094 argumentum,
1615 2032 1673 2075 nou

331 2129 434 2177 unam,
463 2109 621 2169 sed'duas
644 2108 673 2168 in
693 2109 780 2168 Luna
803 2125 869 2168 esse
898 2107 1025 2168 virtutes
1052 2105 1254 2187 magnetieas,
1285 2121 1407 2184 quarum
1431 2103 1510 2182 prior
1534 2104 1576 2165 sit
1600 2112 1671 2164 cou-

303 2243 306 2254 .
333 2207 428 2275 stans,
453 2195 601 2276 posterior·
624 2215 688 2273 cum
713 2197 847 2256 discessu
871 2196 999 2274 apogaei
1020 2195 1068 2255 vel
1092 2194 1266 2273 perigaeia
1282 2193 1354 2254 Sole
1378 2193 1426 2254 vel
1450 2193 1514 2271 ejus
1531 2192 1671 2271 opposito

332 2287 461 2361 deficiat,
485 2279 516 2348 et
539 2304 604 2348 oum
628 2286 791 2365 quadrante
816 2283 910 2346 distat
934 2302 1097 2363 apogaeum
1121 2304 1140 2343 a
1161 2283 1234 2345 Sole
1257 2284 1346 2360 plane
1369 2281 1560 2342 annihiletur.
1594 2281 1669 2345 Cum

331 2386 430 2438 autem
468 2375 541 2436 haec
569 2375 701 2436 secunda
732 2374 827 2436 virtus
858 2374 943 2453 quasi
975 2373 1145 2451 magnetica
1167 2371 1261 2433 faciat
1290 2370 1429 2456 similiter
1450 2378 1484 2431 ut
1505 2371 1591 2450 prior
1618 2372 1671 2432 illa

328 2467 444 2528 Lunam
474 2464 558 2543 sequi
580 2464 704 2526 Terram
726 2461 850 2524 alternis
874 2473 906 2522 et
929 2464 1048 2541 fugere,
1079 2463 1301 2540 constituatque
1326 2460 1436 2538 gradus
1463 2478 1598 2522 summos
1621 2481 1672 2520 se-

332 2555 437 2634 quelae
460 2553 508 2614 vel
530 2553 618 2631 fugae
632 2549 670 2614 'iu
688 2553 819 2632 quadriS,
840 2551 915 2630 juga
937 2551 968 2612 iu
991 2551 1119 2630 copulis:
1145 2551 1173 2612 iu
1198 2548 1320 2629 quadris
1341 2549 1432 2628 igitur
1444 2547 1603 2610 blameuta
1621 2569 1674 2609 sua

330 2645 359 2704 iu
383 2644 504 2704 Terram
527 2642 670 2724 porriget.
716 2642 760 2702 At
782 2641 811 2702 iu
837 2641 958 2725 quadris
981 2640 1108 2701 circulus
1131 2639 1361 2700 illuminaturius
1383 2637 1487 2699 Lunae
1504 2637 1534 2699 iu
1547 2639 1672 2699 Terram

329 2731 499 2813 porrigitur,
522 2739 555 2792 ut
578 2749 669 2809 supra
692 2729 812 2802 dictum,
835 2731 927 2811 fitque
949 2739 984 2792 ut
998 2739 1120 2809 uterque
1135 2727 1362 2792 illuminationis
1376 2727 1504 2790 circulus
1519 2733 1552 2788 et
1565 2728 1672 2790 Lunae

331 2830 363 2883 et
384 2821 495 2883 Terrae
525 2821 695 2885 coincidaut
723 2820 752 2881 in
776 2819 855 2881 idem
878 2820 1016 2899 planum,
1047 2819 1170 2899 perinde
1192 2836 1228 2878 ac
1252 2818 1277 2878 si
1301 2817 1359 2878 duo
1381 2826 1540 2894 magnetes
1565 2825 1673 2895 aptent

330 2911 482 2973 filameuta
522 2910 551 2972 iu
589 2910 711 2970 eandem
743 2917 876 2983 rectam,
916 2909 1015 2987 capite
1045 2908 1132 2969 unius
1161 2915 1232 2987 post
1262 2907 1388 2967 caudam
1412 2906 1538 2967 alterius
1562 2914 1672 2968 stante.

330 3001 412 3079 Ergo
435 2999 606 3077 conjectura
627 2998 753 3081 physica
775 2998 905 3075 subjecit
918 2997 1095 3077 opinionem,
1119 2998 1260 3058 virtutem
1279 2994 1356 3057 hauc
1375 2995 1540 3057 secundam
1554 2996 1672 3058 omuino

332 3088 495 3150 consistere
519 3088 548 3148 iu
572 3086 788 3149 illuminatione
813 3105 968 3166 corporum
991 3107 1010 3146 a
1034 3082 1120 3159 Sole3
1148 3104 1208 3145 uon
1232 3092 1387 3163 utsupra,
1422 3092 1573 3163 quatenus
1597 3086 1670 3147 haec

330 3177 508 3239 illuminatio
541 3177 681 3239 fortificet
709 3176 837 3257 priorem
867 3176 1008 3236 virtutem
1041 3176 1254 3254 magnetioam,
1293 3182 1325 3234 et
1353 3174 1437 3234 velut
1463 3172 1495 3233 iu
1523 3173 1578 3252 jus
1610 3175 1670 3254 ejus

330 3274 480 3341 transeat,
511 3266 565 3327 sed
587 3285 641 3346 per
663 3284 706 3341 se,
731 3280 784 3327 suo
808 3266 903 3343 ipsius
936 3248 1074 3343 ieparato
1098 3264 1168 3326 situ.
1203 3262 1268 3324 Hoc
1292 3262 1370 3323 euim
1392 3261 1493 3342 posito
1517 3264 1671 3344 superiora

330 3374 388 3416 non
412 3355 631 3417 evertebantur.
678 3355 824 3433 Apogaeo
855 3354 932 3415 enim
956 3353 1059 3414 Lunae
1091 3353 1121 3413 iu
1144 3351 1225 3414 Solis
1247 3352 1314 3414 loeo
1337 3355 1488 3413 versante
1501 3352 1671 3414 coincidunt

331 3444 391 3506 situ
414 3446 509 3505 virtus
532 3453 667 3523 utraque,
692 3444 770 3524 quod
792 3442 967 3503 tantundem
990 3452 1057 3512 est,
1084 3460 1119 3502 ac
1143 3441 1169 3502 si
1191 3452 1226 3501 ut
1247 3458 1339 3521 supra
1357 3440 1464 3515 dicam,
1489 3440 1669 3503 alteramab

331 3535 428 3595 altera
451 3532 586 3595 totaliter
609 3532 770 3595 fortificari.
797 3532 801 3543 ’

419 3621 499 3693 Quid
521 3641 592 3684 vero
616 3623 654 3682 ad
677 3621 733 3682 hoo
751 3638 851 3681 sumus
873 3618 989 3694 dicturi,
1014 3618 1092 3702 quod
1113 3616 1298 3697 experientia
1316 3617 1562 3679 observationum
1577 3618 1668 3691 docet,

332 3713 410 3775 hauc
434 3712 574 3773 virtutem
599 3711 768 3782 secundam,
793 3706 1355 3790 aequatiouissecundaeeilectrioem,
1378 3706 1528 3768 interdum
1546 3726 1670 3769 evanes-

332 3821 399 3862 cere
432 3808 544 3874 totam,
576 3808 610 3861 ut
640 3818 705 3860 cum
729 3808 776 3859 est
799 3816 964 3877 apogaeum
987 3798 1052 3858 loco
1076 3797 1172 3857 medio
1195 3797 1274 3857 iuter
1297 3794 1378 3856 Solis
1402 3796 1500 3857 locum
1524 3802 1558 3858 et
1580 3816 1670 3877 oppo-

331 3891 438 3964 situm;
461 3910 528 3951 cum
551 3896 656 3950 contra
679 3889 752 3949 baec
776 3886 952 3948 illuminatio
976 3905 1130 3967 corporum
1153 3882 1262 3947 aSole
1286 3885 1327 3946 sit
1347 3885 1517 3965 perpetua?

421 3977 546 4040 Scilicet
568 3978 624 4039 boc
647 3978 767 4056 insuper
790 3976 887 4037 adbuc
910 3975 1110 4047 limitandum,
1134 3973 1381 4035 illuminationem
1406 3994 1459 4035 suo
1485 3974 1606 4055 quidem
1625 3992 1671 4035 se-

331 4075 438 4149 parato
467 4067 543 4141 situ,
577 4074 611 4128 ut
637 4068 700 4145 jam
730 4066 859 4145 positum
883 4072 966 4138 erat,
995 4064 1073 4125 effici
1099 4063 1280 4137 virtuosam,
1310 4069 1346 4124 at
1367 4081 1426 4123 nou
1449 4080 1482 4124 se
1507 4062 1589 4143 ipsa,
1624 4064 1673 4125 sed

333 4164 480 4236 qnatenus
505 4177 523 4216 a
545 4155 644 4236 priore
668 4156 777 4216 virtute
791 4150 971 4234 'magnetica
983 4172 1039 4233 per
1051 4153 1282 4233 applicationem
1296 4153 1361 4231 ejus
1376 4152 1484 4232 capitis
1499 4152 1548 4213 vel
1563 4154 1673 4214 caudae

332 4245 481 4307 imbuitur.
527 4246 594 4307 Nou
625 4244 716 4322 igitur
739 4244 769 4313 iu
792 4244 874 4305 illam
900 4244 1010 4304 transit
1032 4240 1241 4304 iustificatione
1265 4261 1337 4315 sua,
1362 4242 1417 4302 sed
1438 4240 1539 4321 potius
1565 4242 1674 4322 aliquid

333 4335 369 4395 de
402 4333 456 4393 illa
480 4332 536 4394 sibi
558 4334 699 4413 privatim
723 4332 906 4412 appropriat.
952 4332 1030 4393 Nam
1053 4331 1167 4411 seipsa
1189 4332 1306 4411 quidem
1329 4331 1466 4409 utrinque
1489 4330 1530 4391 ad
1553 4331 1675 4393 Terram

333 4421 500 4501 aequaliter
520 4422 613 4483 habet
635 4422 820 4496 illuminatio,
844 4440 898 4481 uec
922 4440 1014 4482 causa
1037 4428 1092 4495 est,
1118 4438 1169 4481 eur
1183 4420 1283 4499 potius
1298 4419 1414 4481 Lunam
1430 4440 1449 4479 a
1462 4419 1557 4480 Terra
1573 4420 1675 4500 fugere

334 4511 436 4584 lae-iat,
461 4529 547 4589 quam
571 4512 722 4585 accedere,
746 4529 852 4591 curque
877 4512 980 4571 eadem
1003 4510 1094 4589 plaga
1112 4510 1177 4588 jam
1200 4510 1310 4588 fngiat,
1330 4509 1395 4588 jam
1418 4515 1573 4589 sequatur.
1619 4510 1677 4572 Illa

334 4619 405 4661 vero
423 4598 519 4679 prima
540 4600 635 4662 virtus
658 4600 829 4678 magnetica
853 4598 988 4660 diversas
1011 4598 1058 4659 sui
1080 4600 1206 4677 plagas,
1231 4606 1322 4679 caput
1345 4604 1377 4659 et
1398 4598 1524 4659 caudam
1548 4598 1675 4661 diversis

333 4686 558 4751 illuminationis
581 4689 679 4768 pugn
703 4688 771 4749 aun
794 4688 976 4766 temporibus
999 4687 1089 4749 ariter
1111 4688 1279 4768 applicans,
1304 4662 1673 4765 litteratissimum.

423 4776 457 4839 Si
486 4776 627 4857 physicus
651 4777 758 4857 aliquis
782 4776 902 4837 credere
925 4797 984 4838 nou
1007 4784 1118 4857 potest,
1142 4778 1241 4839 lumen
1263 4775 1471 4850 adventitium,
1496 4777 1576 4863 quod
1599 4796 1674 4858 qua-

335 4865 408 4927 litas
433 4872 489 4938 est,
513 4866 741 4945 corporiLuuae
764 4884 872 4927 novam
886 4866 1044 4928 conciliare
1058 4866 1118 4927 vim
1132 4865 1341 4945 magneticam,
1367 4864 1517 4947 imbuique
1540 4867 1674 4947 aptiore

298 5034 301 5049 Ι
336 4953 390 5030 illa
419 4953 449 5021 vi
475 4954 659 5043 magnetica,
689 4964 723 5025 ut
746 4955 822 5017 alias
846 4973 970 5035 corpora
991 4955 1090 5029 terrea
1111 4954 1280 5022 imbuuntur
1303 4976 1323 5018 a
1345 4973 1503 5035 corporum
1525 4955 1674 5043 magneti-
