3517 5525
266 426 333 504 266
631 430 1022 502 mnootnsouasttuus
1058 434 1120 487 Pars
1139 430 1264 489 samu.
1304 520 1306 527 ,

267 608 358 673 iacile
378 609 488 693 possit,
511 630 578 676 cum
601 610 827 679 obseruationes
848 542 1013 699 usurpahae
1035 632 1095 679 uou
1114 614 1250 681 incidant
1263 612 1295 680 iu
1309 612 1434 699 apsidas
1447 620 1480 679 et
1494 618 1619 698 quartas

267 706 452 784 measque
473 708 650 785 temporum.

651 930 857 1000 Conclusio
890 936 1072 1001 secundae
1101 936 1231 1020 partis.
1311 925 1313 934 ’

356 1056 514 1123 Hactenus
540 1057 644 1143 itaque
672 1060 814 1125 traducta
835 1060 894 1125 fuit
914 1060 1093 1144 hypothesis
1114 1058 1229 1143 primae
1251 1058 1462 1144 inaequalitati
1485 1058 1621 1124 servieus

268 1146 314 1223 (iu
328 1166 388 1229 qua
400 1148 520 1212 Braheo
537 1168 604 1213 cum
621 1148 789 1232 Ooperuioo
808 1150 963 1229 couvenit;
987 1150 1104 1233 utrique
1120 1167 1192 1213 vero
1207 1149 1343 1215 nonnihil
1356 1150 1390 1216 in
1404 1150 1501 1215 forma
1514 1150 1623 1213 aPto-

269 1237 384 1301 lemaeo
399 1237 595 1314 fflssentiunt)
614 1238 744 1303 amedio
759 1248 843 1303 motu
852 1238 945 1318 Solis,
964 1257 1052 1323 quem
1068 1256 1171 1303 omues
1185 1246 1249 1303 tres
1263 1246 1403 1303 auctores
1422 1238 1624 1304 adhibuerunt

269 1327 310 1389 ad
332 1334 524 1409 apparentem
546 1335 660 1391 motum
681 1328 775 1393 Solis.
814 1329 931 1394 Deinde
954 1337 1108 1393 ostensum
1131 1336 1189 1405 est,
1213 1328 1277 1391 sive
1295 1335 1490 1412 apparentem
1507 1336 1623 1393 motum

269 1416 354 1481 Solis
384 1423 415 1481 et
440 1416 622 1501 hypothesin
650 1434 717 1500 cap.
740 1417 829 1483 XVI.
857 1419 1012 1482 inventam
1040 1436 1213 1501 sequamur,
1252 1418 1316 1481 sive
1347 1418 1478 1483 medium
1508 1424 1625 1482 motum

271 1505 356 1569 Solis
384 1512 416 1568 et
435 1505 618 1591 hypothesin
640 1526 706 1592 cap.
729 1509 819 1572 VIII.
842 1528 882 1571 ex
903 1506 1094 1571 restitutione
1116 1506 1229 1570 Brahei
1250 1508 1456 1591 propositam,
1483 1508 1624 1591 utrinque

270 1594 355 1677 sequi
377 1595 474 1658 falsas
496 1595 659 1660 diatamias
681 1598 823 1679 planetae
846 1618 866 1660 a
888 1604 991 1661 centro
1011 1616 1064 1661 seu
1079 1594 1162 1660 Solis
1176 1595 1360 1679 (Ooperuico
1375 1606 1406 1660 et
1418 1596 1554 1673 Braheo)
1569 1616 1625 1659 seu

272 1683 374 1748 muudi
388 1685 604 1763 (Ptolemaeo).
637 1686 744 1769 Itaque
766 1706 843 1771 quae
865 1686 950 1769 prius
966 1686 1231 1750 aedificaveramus
1248 1706 1285 1749 ex
1299 1686 1468 1751 observatis
1482 1686 1625 1755 Brahea-

270 1773 328 1851 nis,
351 1774 503 1856 posterius
525 1794 564 1836 ex
586 1774 657 1839 aliis
679 1776 813 1857 ejusdem
836 1776 1007 1841 observatis
1029 1794 1146 1839 rursum
1169 1774 1387 1840 destruximus:
1411 1776 1491 1859 quod
1514 1794 1625 1839 neces-

273 1862 356 1927 sario
378 1863 465 1927 uobis
488 1864 624 1945 contigit,
647 1865 817 1947 probabilia
837 1866 983 1931 nonnulla
1005 1865 1059 1937 sed
1081 1884 1114 1929 re
1136 1882 1210 1929 vera
1231 1864 1312 1929 laisa
1335 1864 1518 1941 (imitatione
1537 1865 1625 1948 prio-

269 1972 336 2015 mm
358 1953 521 2029 artificum)
544 1953 666 2018 secutis

359 2042 512 2107 Tantum
539 2042 683 2126 quidem
714 2064 846 2127 operae
875 2045 1083 2108 detumeat
1108 2040 1316 2109 imitationi
1347 2038 1430 2107 huic
1462 2043 1625 2125 priorum

272 2130 472 2211 artificum,
497 2152 565 2215 qna
587 2134 782 2199 secundam
803 2134 895 2199 hano
911 2132 1263 2200 Commentariorum
1277 2138 1420 2215 partem
1434 2132 1624 2196 concludo.
