3517 5525
274 419 339 488 tlt
752 419 918 480 mmmm
937 424 1031 481 suras
1048 423 1137 478 urm

268 601 488 687 peadioularis
518 622 580 684 τχ,·
611 604 658 666 sie
684 623 724 667 eu
753 603 770 678 ξ
798 602 907 670 iu'oo
935 604 1213 692 perpendicularis
1241 596 1298 678 ξω.
1353 604 1431 670 aum
1458 604 1557 687 ipitur
1585 601 1625 666 sis

266 689 444 776 parallelae
465 713 517 771 pp,
540 693 582 769 βτ
602 700 690 758 reeta
712 697 759 773 αφ’
781 696 917 773 ineidat,
951 695 1100 781 aequales
1129 703 1218 758 erurst
1240 696 1321 775 βγφ,
1346 697 1421 774 alls.
1466 690 1625 774 Aequalis

272 787 377 846 autern
399 782 485 867 οιγβ
499 781 564 863 ipsi
577 783 622 860 αβ
644 801 684 845 ea
706 789 954 861 consto-uetiam
976 789 1034 850 sed
1048 793 1077 849 et
1090 787 1139 864 βφ
1161 784 1227 867 ipsi
1244 807 1288 846 ατ
1309 783 1462 868 aequalis,
1486 789 1624 865 utraque

272 873 354 934 enim
385 869 486 933 eidem
508 870 550 947 βτ
576 871 736 954 aequalis
752 880 798 936 est
824 895 865 938 ea
896 879 1131 940 construetione.
1179 871 1391 956 liiaupulum
1421 874 1521 956 ipitur
1550 871 1626 951 γφβ

271 958 431 1042 triaupulo
445 961 511 1036 βτα
534 965 687 1042 eoupruit,
711 983 810 1045 poure
823 985 866 1043 φφ
889 967 954 1048 ipsi
976 967 1073 1030 aiam
1088 967 1130 1042 βτ
1152 962 1296 1046 aequalis
1318 964 1379 1026 erit
1385 987 1399 1039 ;
1421 969 1496 1026 suut
1517 967 1626 1024 asian

267 1047 424 1132 paralleli
453 1064 492 1112 ees
521 1051 763 1126 oomtruotiaue,
796 1074 894 1134 quare
923 1062 953 1118 et
980 1057 1037 1135 βγ,
1065 1075 1129 1131 τφ,
1162 1073 1245 1135 quae
1270 1050 1448 1136 parallelos
1476 1047 1626 1132 aequales

271 1139 419 1202 retranit
442 1147 623 1202 commolunt
645 1143 684 1204 ai
707 1142 818 1204 eadem
834 1141 946 1226 playa,
968 1131 1122 1226 paralleli
1143 1150 1173 1204 et
1195 1141 1341 1222 aequales
1364 1149 1463 1207 aunt
1501 1137 1569 1203 Sed
1588 1140 1625 1218 βγ

271 1227 415 1309 aequalis
437 1237 482 1291 est
503 1229 568 1310 ipsi
590 1231 649 1306 αβ,
681 1250 754 1313 erpo
784 1231 934 1313 aequales
962 1242 1034 1296 suut
1055 1241 1086 1297 et
1106 1225 1262 1316 paralleli
1283 1233 1342 1310 αβ,
1366 1254 1419 1310 τφ.
1465 1231 1572 1312 Ipitur
1594 1234 1625 1290 et

271 1317 328 1396 βφ,
352 1339 405 1390 ar,
428 1325 519 1380 eruut
535 1317 697 1400 paralleli.
742 1319 790 1383 Et
811 1319 887 1403 quia
903 1322 1029 1404 ⁴eupuli
1051 1322 1095 1384 ad
1116 1346 1143 1403 χ,
1166 1344 1185 1381 o
1206 1321 1302 1395 reeti,
1327 1329 1358 1383 et
1379 1321 1464 1383 lasis
1486 1339 1532 1399 τφ
1554 1317 1628 1380 basi

273 1408 320 1483 βα
344 1405 502 1487 aequalis,
536 1415 565 1469 et
587 1407 721 1490 euplus
744 1411 810 1486 βατ
831 1409 879 1474 uel
901 1413 970 1488 βαυ
999 1410 1117 1494 aupulo
1140 1410 1212 1489 τφβ
1233 1408 1281 1472 uel
1303 1431 1378 1491 τφχ,
1394 1417 1500 1474 'eruat
1525 1409 1635 1491 tutor-

128 1575 130 1590 Ι
174 1583 176 1586 Ι
229 1555 231 1558 .
273 1493 421 1578 aequales
443 1517 495 1567 ao,
518 1518 583 1576 χφ,·
605 1498 651 1559 sie
675 1503 704 1558 et
723 1499 1002 1580 perpendiculares
1025 1495 1076 1578 βυ,
1100 1522 1149 1580 op.

360 1585 513 1660 Rursum,
537 1586 615 1669 quio
637 1586 784 1668 aequales
806 1609 845 1670 τχ
868 1598 899 1653 et
919 1588 966 1662 ξω
985 1587 1142 1672 paralleli
1162 1591 1245 1651 iuter
1265 1585 1452 1670 parallelos,
1476 1581 1626 1667 aequales

272 1681 378 1740 ouem
402 1681 432 1737 et
447 1675 496 1751 βτ,
511 1671 563 1750 αξ,
587 1683 616 1739 et
638 1675 748 1758 eupuli
770 1677 815 1740 oa
832 1701 858 1758 χ,
879 1680 1025 1742 mreoti:
1048 1686 1140 1743 eruut
1161 1677 1260 1760 ipitur
1281 1675 1432 1760 aemuia
1454 1681 1484 1738 et
1500 1671 1628 1755 reliqua

271 1762 635 1844 triaapulorum,latera
664 1767 716 1848 βχ,
750 1789 799 1827 aa
809 1790 823 1842 ;
853 1767 1000 1849 ospitales
1028 1788 1099 1832 uero
1130 1775 1158 1831 et
1190 1765 1242 1844 βξ,
1266 1789 1326 1840 oo,
1352 1760 1510 1850 paralleli
1540 1765 1626 1827 iuter
1653 1823 1660 1836 ,

269 1851 446 1937 parallelos
468 1855 521 1930 βυ,
545 1851 601 1926 ξω.
647 1853 842 1936 Aequaliius
873 1859 974 1940 ipitur
1002 1855 1055 1934 βξ,
1088 1879 1135 1918 sos
1168 1854 1299 1927 allatis,
1328 1855 1479 1918 residuae
1500 1850 1557 1935 ξχ,
1580 1873 1626 1913 ao

273 1951 375 2116 mpla
386 1941 543 2026 aequales.
582 1944 687 2009 Prius
708 1952 814 2008 autem
835 1953 865 2009 et
885 1970 940 2029 χφ,
958 1969 1011 2022 ao,
1035 1954 1128 2010 erant
1150 1942 1371 2028 aequalesset
1391 1948 1492 2027 ipitar
1513 1941 1558 2022 ξφ
1580 1945 1629 2002 ert

197 2042 200 2050 '
272 2033 318 2095 du
396 2033 441 2094 ael
463 2055 514 2094 au.
1055 2069 1058 2074 ·
1345 2047 1348 2054 '

362 2121 429 2184 His
452 2120 685 2194 deuwnstratis,
709 2123 753 2184 acl
771 2124 1019 2206 propositionum
1046 2131 1186 2186 metram
1212 2122 1370 2190 rutenus
1387 2118 1533 2206 propius.
1581 2117 1630 2182 Er

276 2211 354 2292 qaia
384 2212 419 2273 iu
449 2211 495 2289 φβ
525 2211 716 2274 diametrum
747 2212 861 2274 oireuli
893 2209 991 2295 (puae
1018 2214 1202 2276 eastinuata
1229 2210 1427 2295 iutellipatar
1455 2229 1555 2292 usque
1582 2205 1629 2268 mi

271 2297 408 2380 φιιοναιη
431 2295 734 2384 circumferentiam)
750 2308 837 2364 reeta
855 2320 896 2365 ero
907 2310 1024 2383 puueto
1048 2303 1322 2384 circumferentiae
1343 2295 1628 2384 apespeuiieula·
1723 2346 1725 2351 -

272 2390 353 2452 riter
373 2389 496 2464 inridit,
520 2389 638 2452 seilicet
653 2410 709 2471 τχτ
734 2399 770 2454 ut
790 2392 890 2472 ipitur
905 2413 949 2472 φχ
971 2393 1015 2454 ael
1027 2415 1076 2474 χτ,
1099 2393 1147 2453 sia
1160 2411 1200 2472 χτ
1222 2389 1267 2455 ad
1280 2390 1445 2456 residuum
1467 2385 1626 2452 diouoeti.

275 2476 508 2560 Reotaupulum
536 2480 636 2560 ipitur
662 2481 718 2540 sul
739 2501 786 2560 φχ
809 2488 837 2542 et
858 2481 990 2544 residua
1014 2474 1110 2564 parte
1138 2480 1291 2544 diametri
1316 2488 1362 2544 est
1388 2475 1521 2561 aequale
1542 2495 1628 2560 qaae

273 2566 368 2632 asoto
392 2589 438 2649 εχ.
484 2565 531 2630 Ει
552 2569 629 2650 quia
651 2568 844 2650 quadratam
864 2590 919 2650 oo,
942 2571 1000 2632 lsoo
1022 2578 1069 2633 est
1091 2570 1136 2647 αβ
1162 2576 1279 2652 aequat
1306 2570 1467 2650 quadrata
1488 2587 1542 2650 ιχ,
1566 2587 1625 2650 pp,

186 2681 188 2690 ’
273 2653 459 2738 aequalibus
487 2655 585 2739 ipitur
613 2657 749 2734 additis,
780 2656 996 2742 reetanpulum
1024 2659 1081 2723 sul
1108 2680 1154 2742 χφ
1184 2665 1214 2722 et
1241 2661 1366 2742 iutepra
1395 2659 1549 2722 diametra
1580 2661 1628 2717 est

273 2743 405 2827 aepeale
425 2745 582 2829 quadrata
606 2748 659 2825 αβ.
705 2745 751 2811 Et
773 2747 850 2831 quia
873 2747 918 2829 φξ
940 2748 1041 2833 dupla
1063 2749 1110 2812 ad
1132 2769 1185 2831 φχ,
1207 2745 1546 2833 νεσιαιιφιιὶιιιηιφίιιν
1567 2743 1626 2809 sal

274 2830 320 2915 φε
348 2831 449 2918 (φφ
479 2834 657 2900 tumuisti
684 2836 809 2920 tmere
839 2837 1009 2904 tanmem
1039 2837 1169 2902 unua
1196 2830 1268 2920 φφ)
1302 2846 1332 2902 e
1360 2841 1417 2903 oa
1447 2839 1506 2923 ol,
1527 2836 1625 2924 ume-

275 2924 432 2989 diametro
461 2934 578 3008 aequat
597 2926 800 3008 ¹quadratum
829 2928 885 3005 αβ.
935 2932 981 2994 Ar
1011 2926 1096 3012 quoe
1126 2927 1184 2991 sui
1206 2926 1260 3007 ξφ,
1285 2929 1348 3007 φβ,
1380 2934 1426 2991 est
1447 2926 1627 3009 differmtia

376 3012 692 3097 r
1032 3015 1628 3188 auu

273 3193 333 3273 βφ,
356 3192 403 3256 sie
423 3188 534 3269 sere*)
553 3193 687 3277 piamun
709 3129 830 3277 ellipsis
852 3196 898 3259 ad
915 3128 1066 3285 pleriq?
1074 3192 1196 3259 eireali.
1242 3196 1332 3279 Erpa
1355 3198 1464 3271 etiam,
1487 3203 1523 3259 ut
1544 3214 1626 3278 pua-

275 3284 404 3346 dratum
426 3284 478 3362 βφ
500 3284 545 3347 ad
565 3284 782 3367 reetaupulum
804 3284 857 3365 ξφ,
883 3289 939 3365 φβ,
963 3288 1022 3350 isso
1044 3294 1090 3349 est
1112 3285 1157 3347 ad
1178 3286 1372 3367 'qrsaslratum
1394 3280 1533 3376 ap·,'„os·e
1556 3284 1629 3365 fere

275 3370 390 3435 sirmii
404 3370 540 3454 planum
554 3374 598 3435 ad
615 3374 749 3455 planum
767 3373 905 3439 duarum
922 3370 1132 3451 luuularum3'
1150 3368 1180 3437 el
1189 3376 1412 3458 permutatim:
1434 3382 1471 3440 ut
1483 3372 1627 3457 pendra-

277 3468 345 3525 tam
366 3460 415 3540 βφ
437 3460 482 3524 ael
491 3460 628 3545 planum
650 3461 772 3538 circuli,
795 3464 842 3526 sie
856 3464 1050 3545 quadratum
1072 3465 1117 3541 αβ
1139 3464 1185 3531 ad
1192 3461 1329 3547 planum
1350 3463 1535 3527 luuularum
1544 3466 1626 3547 sere.

367 3548 487 3613 Sedet
507 3558 544 3615 ut
565 3552 757 3634 quadratum
779 3552 827 3630 βφ
850 3554 896 3616 ad
914 3553 1049 3635 planum
1079 3553 1205 3628 circuli,
1236 3553 1325 3636 eujus
1346 3555 1394 3633 βφ
1419 3552 1551 3628 radius,
1579 3554 1629 3614 s'ta

277 3640 472 3724 quadratum
493 3640 538 3718 αβ
560 3640 605 3703 ael
624 3639 757 3723 planum
780 3640 908 3717 drusii,
933 3625 1022 3727 ossiu's
1045 3644 1090 3721 αβ
1116 3642 1240 3704 radius.
1286 3639 1376 3725 Ilpa
1403 3641 1538 3725 planum
1556 3642 1628 3704 oir-

277 3726 359 3804 euli,
392 3730 482 3814 eujus
503 3730 699 3805 siradius,
733 3730 910 3794 insensibili
937 3738 1068 3815 ruperat
1095 3740 1262 3813 seramque
1292 3738 1445 3795 resectam
1472 3728 1628 3804 lamslam,

276 3830 349 3900 ψφ;
374 3825 489 3899 aequat
511 3818 626 3903 quippe
652 3817 783 3882 lunulas
804 3818 851 3899 ξφ
875 3819 974 3902 paulo
998 3820 1127 3888 latiores
1147 3823 1254 3909 posto,
1286 3821 1371 3903 quia
1384 3820 1431 3900 ξφ
1452 3818 1631 3884 insensibili

277 3914 324 3971 est
345 3908 471 3991 loupior
492 3910 564 3990 ipsa
586 3920 650 3989 ΨΦ,
672 3916 708 3971 ul
728 3910 821 3973 initio
844 3910 973 3974 dietum·
1012 3915 1121 3988 (Habet
1141 3918 1214 3975 hsoo
1234 3920 1431 3975 demonstratio
1451 3933 1529 3974 suum
1547 3932 1630 3972 nsum

277 3997 363 4053 etism
382 3997 410 4053 in
430 3998 576 4054 serissime
591 3998 741 4071 hypothesi
761 3996 901 4072 physion.)
929 4003 969 4071 ⁸).

295 4136 298 4141 .
368 4074 528 4141 Gonoessis
558 4078 660 4160 itaque
689 4096 764 4159 quoe
791 4081 960 4160 posuimus,
992 4079 1071 4159 quod
1084 4078 1219 4159 plenum
1242 4079 1357 4161 ellipsis
1379 4098 1399 4140 a
1420 4079 1511 4159 plano
1532 4074 1630 4139 nostri

281 4164 379 4229 ooidis
401 4166 616 4231 insensibiliter
639 4167 767 4244 differet,
798 4188 834 4231 eo
858 4168 936 4250 qnod
959 4169 1164 4247 compensatio
1189 4169 1231 4231 sit
1252 4169 1331 4232 inter
1352 4185 1497 4248 supernos
1520 4184 1629 4229 exoss-

284 4274 338 4318 sus
361 4255 455 4319 ooidis
479 4276 571 4339 snpra
594 4256 711 4338 ellipsin
736 4265 767 4319 et
788 4258 922 4321 infernos
945 4258 1101 4334 delectus,
1125 4256 1187 4333 his,
1212 4258 1342 4338 inquom,
1367 4256 1630 4339 conoessisfqus·

281 4344 435 4408 <trivimus
467 4354 587 4410 nostres
619 4346 771 4419 menoides
803 4348 928 4427 figuras,
961 4356 992 4409 st
1014 4340 1064 4408 sio‘
1081 4346 1173 4409 etiam
1198 4348 1319 4422 ooides3
1354 4344 1558 4429 stveproprio
1581 4345 1629 4407 lo-

195 4473 201 4486 ·
281 4434 400 4519 quondo
424 4434 640 4499 oironlavimns.
682 4435 761 4498 Nam
777 4436 879 4500 circuli
892 4436 1070 4517 etqnsdrati
1084 4436 1308 4517 proportionem
1324 4436 1412 4499 dooet
1420 4434 1629 4500 Archimedes.

369 4521 440 4587 Jem
463 4524 538 4589 haee
561 4527 601 4587 ad
622 4544 707 4588 usum
730 4525 775 4587 sic
798 4518 1025 4590 transferemus.
1071 4524 1151 4596 Quia
1180 4526 1302 4605 planum
1327 4521 1426 4593 onidis
1455 4524 1553 4588 minus
1581 4530 1632 4586 ost

279 4614 370 4697 pleno
402 4612 505 4676 ortuli
543 4616 632 4696 plano
661 4613 772 4678 oiroelli
805 4614 843 4677 ab
872 4615 1097 4679 eooentrioitnto
1127 4614 1290 4696 descripti,
1328 4620 1515 4697 computetur
1536 4614 1631 4696 igitur

369 4818 397 4897 *)
418 4824 507 4880 Fere
526 4819 644 4893 inquam.
678 4820 707 4876 si
727 4819 798 4875 enim
818 4825 859 4891 βξ
878 4827 955 4877 esset
974 4822 1083 4879 brevior
1104 4820 1307 4877 semidiameter
1326 4782 1441 4893 ellipsis,
1462 4828 1493 4877 ot
1510 4834 1557 4897 ξφ
1574 4839 1627 4877 ex·

281 4918 374 4963 sessus
395 4902 543 4975 longioris:
571 4910 636 4957 tuno
655 4901 739 4973 plnne
759 4904 856 4957 eodem
876 4908 951 4957 esset
970 4902 1111 4974 proportio
1139 4902 1213 4958 inter
1237 4903 1324 4975 plana
1344 4900 1439 4961 mouri
1459 4910 1490 4958 et
1509 4904 1626 4975 ellipsis.

281 4988 320 5039 At
338 4990 378 5057 βξ
397 5002 450 5040 non
471 4990 516 5039 est
535 4984 641 5039 omnino
662 4981 797 5053 ipsissima
816 4982 926 5039 brevior
946 4983 1154 5040 semidiameter.
1174 5005 1177 5012 ·
