3517 5525
284 356 329 425 ‘74
706 352 807 405 Litcrae
824 350 928 417 Kepleri
945 349 1097 415 aliorumque
1115 354 1218 403 numae

282 538 314 599 in
338 536 466 601 arcubus
488 534 559 595 viae
581 552 652 595 suae
678 532 864 614 aequalibus.
904 525 1005 600 Quare
1023 526 1078 591 Sel
1100 526 1220 607 longius
1243 544 1329 589 vere
1348 525 1422 599 (uon
1436 527 1635 603 apparenter)
1757 549 1758 584 l

282 627 312 689 in
336 643 471 707 apogaeo
496 630 629 687 moratur
651 642 740 704 qnam
763 622 792 683 in
811 620 973 699 perigaeo;
998 618 1038 679 ad
1051 616 1275 696 elongationem
1297 614 1390 694 igitur
1413 614 1535 676 virtutis
1557 634 1635 677 cou-

283 716 377 777 onrrit
399 714 526 797 physica
548 721 580 775 et
603 712 705 791 optica
728 730 820 773 causa
844 707 1001 771 tarditatis
1024 715 1133 769 motus.
1159 738 1201 749 -

372 821 444 872 Haec
461 825 597 886 sequuntur
614 818 784 884 responsiones
802 814 905 880 Kepleri
924 814 957 866 ad
979 814 1137 879 questiones
1155 812 1262 863 Fabricii
1283 810 1474 869 diminuimus,
1493 824 1556 873 quas
1573 808 1637 859 locis

283 908 358 959 supra
375 893 461 943 citatis
479 894 632 943 inseruimus.
657 890 687 940 In
705 890 754 939 fine
773 888 892 953 epistolae
909 885 974 936 redit
990 885 1114 949 Keplerua
1132 885 1166 935 ad
1182 882 1299 940 Martem,
1316 882 1354 934 luis
1373 882 1485 932 Fabricio
1505 878 1550 944 (ut
1566 882 1636 945 priua

283 962 397 1031 Magire)
416 964 538 1014 rationem
556 978 627 1014 suam
645 961 794 1027 procedendi
811 959 948 1023 explicans,
976 970 1050 1021 qnam
1069 963 1169 1007 secutus
1187 964 1225 1006 est
1243 954 1304 1019 Cap.
1323 952 1391 1003 XVL
1412 960 1438 1002 et
1454 952 1532 1003 XLII.
1562 951 1636 1001 com-

283 1051 361 1095 ment.
388 1044 494 1096 Marde:
840 1028 912 1091 Jam
943 1046 1068 1108 ponam,
1102 1046 1178 1109 quae
1209 1028 1266 1089 duo
1299 1024 1391 1087 toties
1420 1047 1439 1086 a
1466 1044 1512 1087 me
1542 1024 1634 1103 petis.

488 1189 494 1201 ,
762 1120 813 1185 Sit
835 1122 866 1181 A
889 1117 952 1191 Sol,
976 1118 1003 1179 B
1026 1125 1163 1180 centrum
1186 1114 1347 1177 decentrioi
1365 1114 1484 1188 Martis,
1511 1112 1536 1176 0
1560 1132 1635 1174 εειι-

467 1184 582 1297 ἣῑῇω·
763 1219 842 1271 trum
865 1207 1033 1289 aequantia,
1057 1204 1130 1280 AG,
1153 1206 1219 1280 AF,
1243 1206 1310 1280 ΑΕ,
1336 1204 1393 1282 AD
1417 1199 1544 1285 quatuor
1567 1202 1637 1263 loca

517 1309 521 1338 ¹
760 1298 871 1359 Martis
895 1295 925 1357 in
949 1306 1077 1377 quatuor
1101 1294 1336 1381 oppositionibus
1360 1312 1427 1354 cum
1446 1290 1518 1355 Sole
1541 1291 1634 1353 veris.
1757 1307 1758 1312 ¹

759 1386 808 1449 Ex
832 1386 939 1467 quibus
964 1386 1073 1448 dantur
1096 1384 1198 1465 anguli
1222 1385 1263 1445 ad
1283 1384 1323 1445 A.
1364 1382 1477 1462 Angnli
1499 1399 1570 1441 vero
1595 1381 1636 1442 ad

759 1474 784 1538 0
810 1476 921 1537 dantur
945 1494 983 1536 ex
1004 1484 1110 1538 mutua
1135 1474 1318 1535 tractatione
1352 1481 1479 1552 quatuor
1508 1488 1635 1531 anoma-

758 1566 866 1628 liarnm
890 1584 1030 1627 verarum
1062 1564 1260 1645 simplicium,
1293 1560 1477 1641 temporibus
1504 1578 1636 1641 respon-

761 1654 905 1731 dentium,
930 1655 988 1716 etsi
1012 1655 1108 1717 falsus
1132 1654 1174 1714 sit
1195 1652 1279 1713 bisce
1303 1650 1413 1713 seculis
1436 1657 1535 1711 motus
1559 1666 1638 1710 ano-

658 1766 660 1775 ’
761 1744 889 1820 ιιιεΙίεε,
921 1744 1009 1807 modo
1037 1763 1108 1806 vere
1132 1750 1267 1816 constet,
1297 1747 1330 1802 ut
1353 1748 1474 1801 constat
1505 1738 1638 1820 quidem,

680 1866 681 1870 ¹
710 1852 728 1907 r.
762 1834 916 1897 restitutio
938 1832 1059 1913 integra
1082 1852 1171 1915 quam
1197 1830 1341 1911 proxime.
1387 1828 1444 1890 His
1468 1827 1548 1890 datis
1569 1828 1637 1907 pri-

763 1942 841 1986 mum
865 1942 942 2005 pone
974 1924 1105 2004 aliquam
1134 1921 1315 1983 anomaliam
1342 1937 1396 1998 pro
1419 1936 1508 1994 vera,
1523 1926 1571 1988 ,et
1594 1916 1639 1977 sit

763 2013 818 2076 illa
840 2032 923 2087 vera,
948 2030 1035 2091 quam
1061 2011 1136 2072 dant
1159 2012 1289 2073 usitatae
1318 2008 1459 2082 tabulae;
1486 2014 1639 2089 ponuntur

767 2120 837 2182 ergo
862 2101 963 2179 anguli
986 2099 1084 2176 Hor,
1108 2098 1212 2174 HOG,
1236 2096 1332 2172 1101),
1356 2094 1451 2159 HGE.
1497 2094 1638 2159 Secundo

763 2209 840 2274 pone
877 2190 997 2270 aliquod
1037 2207 1204 2271 apogaeum
1237 2208 1291 2249 sen
1327 2188 1427 2267 potius
1468 2184 1637 2265 aphelium;
1757 2215 1758 2218 ¹

286 2286 417 2361 ponatur
438 2277 470 2339 id
492 2276 602 2358 prium,
636 2272 714 2354 quod
745 2282 820 2343 dant
850 2299 953 2341 omnes
986 2278 1119 2341 tabulae.
1166 2279 1202 2339 In
1232 2278 1392 2357 triangulis
1422 2275 1513 2353 igitur
1536 2274 1571 2347 Ε,
1596 2270 1636 2347 G,
1665 2276 1670 2281 ’
1757 2305 1758 2308 ¹

286 2370 326 2445 D,
350 2368 377 2431 E
400 2384 490 2448 super
513 2363 661 2427 communi
684 2360 739 2425 AO
769 2368 921 2432 stantibus
955 2368 1064 2430 dantur
1092 2386 1195 2429 omnes
1224 2364 1346 2446 anguli3
1380 2382 1505 2426 assume·
1524 2358 1581 2425 AC
1604 2363 1638 2425 in
1757 2363 1758 2366 ’

180 2478 184 2487 “
288 2476 461 2540 (lussssunqlle
484 2474 633 2531 mensura,
657 2459 731 2533 puta
757 2454 896 2533 100000,
922 2466 954 2518 et
976 2466 1118 2538 computa
1140 2458 1240 2519 latera
1262 2456 1327 2529 ΑΕ,
1352 2454 1419 2529 ΑΕ,
1436 2453 1506 2526 AD,
1523 2450 1582 2515 AG
1605 2452 1637 2512 in
1757 2481 1758 2486 κ

287 2546 481 2629 proportione
515 2542 579 2607 AC.
627 2544 730 2606 Habes
761 2547 914 2627 triangula
936 2546 1038 2623 ΒΑΕ,
1062 2545 1168 2622 DAG,
1195 2544 1291 2615 Gar,
1314 2544 1415 2620 FAE,
1449 2543 1479 2604 in
1510 2540 1637 2621 singulis

288 2638 346 2705 duo
371 2638 468 2698 latera
490 2654 556 2696 cum
580 2636 814 2713 comprehens03
848 2655 957 2718 quaere
982 2654 1053 2715 ergo
1082 2647 1113 2697 et
1137 2636 1262 2715 angulos
1292 2634 1335 2705 ad,
1359 2633 1460 2695 bases.
1508 2627 1638 2702 Quando
1757 2637 1758 2674 1

288 2744 360 2806 ergo
383 2720 590 2804 composueris
607 2720 704 2799 ΑΕΘ,
728 2727 821 2802 ΑΕΕ,
844 2726 919 2788 item
942 2724 1039 2802 ΑΕΕ,
1063 2722 1165 2800 ADG,
1189 2725 1301 2788 debent
1324 2724 1354 2785 bi
1379 2722 1436 2784 duo
1461 2720 1591 2804 oppositi
1606 2720 1637 2781 D

174 2813 195 2892 j
289 2825 320 2877 et
338 2815 409 2878 Flu
434 2813 636 2895 quadrilatero
655 2814 684 2874 in
699 2815 809 2878 circulo
830 2815 952 2896 aequari
976 2813 1112 2877 2rectis.
1152 2813 1185 2876 Si
1206 2833 1264 2876 non
1289 2823 1465 2894 aequantur,
1490 2809 1639 2872 mutanda

289 2915 337 2967 est
368 2903 479 2984 positio
508 2903 658 2984 posterior
690 2907 834 2986 apogaei,
868 2913 988 2966 retenta
1020 2903 1170 2984 positione
1198 2903 1290 2986 priori
1323 2901 1510 2978 anomaliae,
1546 2899 1637 2981 idque

289 2993 457 3058 laciendum
477 2991 575 3067 toties,
602 2992 695 3056 donec
710 2995 771 3057 bini
786 2995 918 3074 oppositi
931 2994 961 3054 in
978 2994 1181 3074 quadrilatera
1206 3002 1373 3072 aequantur
1392 2991 1507 3054 duobus
1527 2989 1619 3054 rectis
1626 3007 1637 3062 3

290 3093 322 3146 et
344 3091 414 3144 tunc
438 3080 514 3157 scio,
548 3082 627 3162 quod
654 3084 764 3162 positio
789 3084 916 3164 apogaei
949 3083 1064 3162 (posita
1088 3085 1144 3144 hac
1168 3081 1319 3144 anomalia
1350 3081 1464 3154 media)
1489 3099 1561 3141 vera
1585 3078 1637 3140 sit.

289 3171 382 3236 Nulla
405 3179 470 3233 arte
496 3169 607 3247 scitur,
638 3171 716 3235 sitne
748 3173 997 3255 progrediendum
1021 3191 1059 3232 an
1084 3173 1311 3252 regrediendum
1343 3189 1492 3252 apogaeo,
1517 3175 1641 3250 oportet

288 3260 452 3344 periculum
475 3261 586 3322 facere.
634 3260 734 3340 Semel
758 3272 859 3325 autem
888 3261 1096 3323 animadverso
1126 3262 1195 3342 quid
1223 3260 1396 3341 proficiatur
1417 3259 1448 3320 in
1472 3257 1639 3339 aequandis

291 3352 405 3414 duobus
430 3349 575 3431 oppositis
599 3351 795 3430 quadrilateri
817 3371 883 3414 eum
897 3350 918 3413 2
933 3352 1042 3425 rectis,
1072 3351 1097 3412 si
1112 3351 1338 3430 progrediamur
1360 3349 1410 3410 vel
1424 3347 1638 3427 regrediamur,

290 3450 322 3504 et
345 3448 488 3522 qnantum
512 3438 618 3514 etiam,
645 3441 710 3519 jam
735 3441 915 3516 nobissunt
938 3441 1015 3501 oculi
1043 3440 1142 3520 aperti
1166 3441 1204 3500 ad
1226 3439 1491 3520 proportionaliter
1521 3455 1640 3516 semper

290 3531 413 3612 propius
437 3527 650 3591 accedendum.
699 3525 826 3599 Quando
851 3547 923 3608 crgo
946 3527 1029 3602 F‚D
1053 3529 1111 3590 duo
1135 3529 1211 3590 recti
1235 3537 1314 3602 sunt,
1338 3529 1369 3589 h.
1384 3547 1419 3607 e.
1445 3527 1640 3608 quandoper

290 3618 452 3682 motionem
476 3626 506 3677 et
531 3617 728 3680 variationem
752 3619 878 3698 apogaei
902 3617 942 3691 D,
959 3616 997 3693 Ε,
1011 3618 1045 3691 F,
1064 3615 1094 3677 G
1117 3617 1254 3679 acumina
1277 3619 1451 3697 angulorum
1475 3615 1503 3678 in
1527 3613 1639 3677 circulo

293 3707 404 3770 luerint
427 3713 518 3782 recte,
539 3703 604 3784 jam
628 3708 827 3769 accedendum
853 3705 911 3768 erit
934 3706 973 3766 ad
996 3707 1181 3786 probandam
1204 3705 1334 3785 priorem
1358 3705 1537 3786 positionem
1561 3723 1638 3765 ano-

293 3795 402 3860 maliae
427 3794 581 3875 simplicis,
606 3815 715 3857 verane
739 3797 830 3858 suerit
853 3815 891 3856 an
907 3796 995 3871 falsa,
1020 3795 1049 3856 in
1064 3796 1141 3857 bunc
1165 3797 1303 3858 modum:
1328 3796 1357 3857 in
1373 3800 1408 3863 Δ
1424 3793 1506 3859 Gra
1530 3794 1640 3855 dantur

292 3887 390 3949 latera
412 3903 479 3947 cum
502 3883 716 3964 comprehenso
740 3886 774 3961 F,
800 3903 911 3966 quaere
934 3885 1019 3946 basin
1045 3881 1101 3946 GE
1124 3903 1192 3947 cnm
1214 3884 1332 3965 angulis
1356 3884 1582 3964 adjacentibus;
1607 3890 1640 3943 et

293 3995 360 4038 cnm
383 3974 460 4043 sois,
484 3973 564 4054 quod
588 3973 672 4035 GBE
696 3973 737 4035 sit
760 3973 866 4055 duplus
891 3974 929 4034 ad
954 3973 1054 4048 GFE,
1080 3975 1150 4053 quia
1172 3975 1203 4036 in
1227 3983 1349 4044 centro,
1381 3991 1451 4054 ergo
1476 3973 1586 4034 dantur
1607 3971 1639 4032 in

293 4063 393 4140 GBE,
418 4062 575 4125 exlatere
603 4072 635 4125 et
664 4063 782 4143 angulis
811 4083 879 4126 crus
911 4061 967 4125 GB
990 4063 1039 4123 vel
1061 4062 1115 4124 BE
1140 4065 1278 4144 aequalia
1300 4065 1331 4125 in
1353 4063 1546 4144 proportione
1570 4059 1638 4135 AC,

293 4154 371 4236 quod
395 4172 492 4216 serva.
538 4151 669 4214 Rursum
692 4151 721 4214 in
746 4156 781 4221 Δ
806 4151 895 4214 GAE
919 4171 957 4213 ex
980 4150 1065 4212 Gar
1087 4161 1119 4212 et
1141 4153 1224 4215 ΕΑΕ
1256 4153 1367 4234 junctis
1400 4154 1491 4214 datur
1513 4151 1639 4230 angulus
1757 4190 1758 4194 =

294 4241 392 4313 GAE,
417 4248 448 4303 et
470 4242 569 4304 latera
584 4241 648 4314 ΑΕ,
665 4238 728 4302 AG
752 4241 920 4316 dabantur3
945 4242 1032 4302 modo
1058 4247 1088 4301 et
1105 4239 1161 4303 GE
1186 4243 1323 4316 dabatur,
1348 4240 1519 4321 poterisque
1544 4258 1639 4321 qnae-

293 4351 360 4398 rere
383 4339 506 4412 propter
529 4343 705 4392 consensum
730 4350 767 4392 ex
792 4329 861 4407 GA,
878 4329 944 4393 ΑΕ.
982 4331 1099 4392 Dantur
1122 4331 1189 4392 hine
1214 4341 1245 4393 et
1268 4331 1366 4403 AGE,
1393 4342 1425 4391 et
1446 4333 1528 4410 prins
1542 4327 1638 4402 BGE,

292 4423 419 4504 junctim
443 4439 513 4500 ergo
536 4419 625 4482 BGA
650 4421 767 4498 (potest
800 4441 866 4481 esse
898 4441 1006 4492 casus,
1038 4429 1072 4481 ut
1104 4421 1299 4482 subtrahendi
1330 4415 1456 4491 sint¹¹).
1503 4420 1585 4496 Ergo
1607 4419 1638 4478 in

293 4509 426 4582 ΔΒοΑ
445 4510 553 4570 dantur
567 4505 634 4583 BG,
653 4507 722 4583 Gn,
743 4502 889 4583 Anda,
911 4509 1063 4590 quaeritur
1077 4510 1142 4586 BA,
1163 4520 1194 4571 et
1209 4507 1306 4572 GAB.
1345 4509 1518 4570 Ponebatnr
1538 4519 1639 4570 antem

294 4609 326 4664 et
343 4598 552 4662 verificabatur
565 4598 648 4678 prius
668 4597 765 4674 Gne,
782 4597 873 4660 GAH
887 4617 925 4659 ex
937 4617 1081 4680 apogaeo,
1099 4607 1146 4662 est
1159 4619 1188 4662 n.
1203 4599 1353 4661 anomalia
1368 4608 1534 4678 coaequata
1553 4598 1640 4679 bujus

293 4689 363 4754 loci.
401 4689 436 4753 Si
459 4705 530 4766 ergo
554 4687 641 4749 EAH
663 4698 695 4749 et
717 4687 800 4750 ΕΑΒ
828 4689 979 4769 aequales,
1003 4687 1159 4753 verificata
1181 4695 1230 4751 est
1252 4688 1362 4770 positio
1385 4688 1482 4769 prima
1505 4704 1639 4769 quoqne3

295 4789 327 4842 et
350 4780 393 4841 sic
415 4796 513 4859 porro.
561 4775 614 4840 Sin
637 4776 743 4852 minus,
769 4797 786 4838 o
809 4777 976 4858 improbum
998 4777 1145 4853 laborem,
1170 4787 1240 4840 tnnc
1264 4786 1385 4858 oportet
1407 4797 1516 4840 novam
1540 4779 1639 4838 facere

295 4869 474 4964 positionem
490 4867 545 4930 &a
563 4897 603 4909 -
627 4865 686 4929 Ubi
700 4885 755 4948 per
773 4868 936 4930 secundam
957 4867 1137 4950 positionem
1160 4869 1268 4930 itemm
1284 4867 1323 4930 ad
1336 4867 1425 4930 tinem
1440 4875 1489 4931 est
1507 4876 1639 4946 ventum,
