<?xml version="1.0" encoding="UTF-8"?>
<!DOCTYPE html PUBLIC "-//W3C//DTD XHTML 1.0 Transitional//EN"
    "http://www.w3.org/TR/xhtml1/DTD/xhtml1-transitional.dtd">
<html xmlns="http://www.w3.org/1999/xhtml" xml:lang="en" lang="en">
 <head>
  <title>
</title>
<meta http-equiv="Content-Type" content="text/html;charset=utf-8" />
  <meta name='ocr-system' content='tesseract 3.04.00' />
  <meta name='ocr-capabilities' content='ocr_page ocr_carea ocr_par ocr_line ocrx_word'/>
</head>
<body>
  <div class='ocr_page' id='page_1' title='image "./joanniskepleria23frisgoog/joanniskepleria23frisgoog_0743.png"; bbox 0 0 3517 5525; ppageno 0'>
   <div class='ocr_carea' id='block_1_1' title="bbox 1183 157 1320 280">
    <p class='ocr_par' dir='ltr' id='par_1_1' title="bbox 1183 157 1320 280">
     <span class='ocr_line' id='line_1_1' title="bbox 1183 157 1272 188; baseline 0 0"><span class='ocrx_word' id='word_1_1' title='bbox 1183 157 1197 188; x_wconf 64' lang='grc'>1</span> <span class='ocrx_word' id='word_1_2' title='bbox 1269 183 1272 188; x_wconf 92' lang='grc'>.</span> 
     </span>
     <span class='ocr_line' id='line_1_2' title="bbox 1231 203 1320 280; baseline 0 0"><span class='ocrx_word' id='word_1_3' title='bbox 1231 205 1264 280; x_wconf 69' lang='lat' dir='ltr'><strong>i·</strong></span> <span class='ocrx_word' id='word_1_4' title='bbox 1298 203 1320 258; x_wconf 68' lang='lat'><strong>³⁷</strong></span> 
     </span>
    </p>
   </div>
   <div class='ocr_carea' id='block_1_2' title="bbox 43 401 1186 480">
    <p class='ocr_par' dir='ltr' id='par_1_2' title="bbox 43 401 1186 480">
     <span class='ocr_line' id='line_1_3' title="bbox 43 401 1186 480; baseline -0.009 -5"><span class='ocrx_word' id='word_1_5' title='bbox 43 401 45 408; x_wconf 77' lang='grc'>’</span> <span class='ocrx_word' id='word_1_6' title='bbox 112 427 114 436; x_wconf 70' lang='grc'><strong>’</strong></span> <span class='ocrx_word' id='word_1_7' title='bbox 216 461 222 474; x_wconf 69' lang='grc'><strong>,</strong></span> <span class='ocrx_word' id='word_1_8' title='bbox 322 403 386 476; x_wconf 74' lang='lat' dir='ltr'><strong>itt</strong></span> <span class='ocrx_word' id='word_1_9' title='bbox 813 413 924 479; x_wconf 66' lang='lat' dir='ltr'><strong>sesua</strong></span> <span class='ocrx_word' id='word_1_10' title='bbox 941 414 972 466; x_wconf 71' lang='lat' dir='ltr'><strong>aa</strong></span> <span class='ocrx_word' id='word_1_11' title='bbox 990 414 1054 468; x_wconf 73' lang='lat' dir='ltr'><strong>sen.</strong></span> <span class='ocrx_word' id='word_1_12' title='bbox 1071 414 1186 480; x_wconf 73' lang='lat' dir='ltr'><strong>esuque</strong></span> 
     </span>
    </p>
   </div>
   <div class='ocr_carea' id='block_1_3' title="bbox 261 589 1680 1832">
    <p class='ocr_par' dir='ltr' id='par_1_3' title="bbox 261 589 1680 1832">
     <span class='ocr_line' id='line_1_4' title="bbox 321 589 1658 675; baseline 0.001 -23"><span class='ocrx_word' id='word_1_13' title='bbox 321 589 366 652; x_wconf 93' lang='lat' dir='ltr'><strong>lbi</strong></span> <span class='ocrx_word' id='word_1_14' title='bbox 388 597 421 652; x_wconf 90' lang='lat' dir='ltr'><strong>et</strong></span> <span class='ocrx_word' id='word_1_15' title='bbox 443 591 613 653; x_wconf 76' lang='lat' dir='ltr'><strong>methodum</strong></span> <span class='ocrx_word' id='word_1_16' title='bbox 636 607 732 653; x_wconf 91' lang='lat' dir='ltr'><strong>meam</strong></span> <span class='ocrx_word' id='word_1_17' title='bbox 754 592 889 666; x_wconf 88' lang='lat' dir='ltr'><strong>videbis,</strong></span> <span class='ocrx_word' id='word_1_18' title='bbox 922 595 1067 675; x_wconf 89' lang='lat' dir='ltr'><strong>quomodo</strong></span> <span class='ocrx_word' id='word_1_19' title='bbox 1095 594 1171 656; x_wconf 88' lang='lat' dir='ltr'><strong>citra</strong></span> <span class='ocrx_word' id='word_1_20' title='bbox 1201 611 1289 656; x_wconf 86' lang='lat' dir='ltr'><strong>omne</strong></span> <span class='ocrx_word' id='word_1_21' title='bbox 1309 591 1658 674; x_wconf 74' lang='lat' dir='ltr'><strong>periculum‘per&#39;ellaxes·</strong></span> 
     </span>
     <span class='ocr_line' id='line_1_5' title="bbox 320 679 1644 765; baseline 0.001 -24"><span class='ocrx_word' id='word_1_22' title='bbox 320 697 505 755; x_wconf 77' lang='lat' dir='ltr'><strong>removeam,</strong></span> <span class='ocrx_word' id='word_1_23' title='bbox 534 687 623 760; x_wconf 84' lang='lat' dir='ltr'><strong>atque</strong></span> <span class='ocrx_word' id='word_1_24' title='bbox 646 679 716 744; x_wconf 85' lang='lat' dir='ltr'><strong>iude</strong></span> <span class='ocrx_word' id='word_1_25' title='bbox 739 699 776 743; x_wconf 86' lang='lat' dir='ltr'><strong>ex</strong></span> <span class='ocrx_word' id='word_1_26' title='bbox 798 681 944 764; x_wconf 90' lang='lat' dir='ltr'><strong>principio</strong></span> <span class='ocrx_word' id='word_1_27' title='bbox 968 692 1001 745; x_wconf 92' lang='lat' dir='ltr'><strong>et</strong></span> <span class='ocrx_word' id='word_1_28' title='bbox 1022 683 1080 746; x_wconf 89' lang='lat' dir='ltr'><strong>fine</strong></span> <span class='ocrx_word' id='word_1_29' title='bbox 1101 681 1300 763; x_wconf 72' lang='lat' dir='ltr'><strong>perdiserte</strong></span> <span class='ocrx_word' id='word_1_30' title='bbox 1321 683 1389 744; x_wconf 86' lang='lat' dir='ltr'><strong>loca</strong></span> <span class='ocrx_word' id='word_1_31' title='bbox 1410 681 1565 765; x_wconf 75' lang='lat' dir='ltr'><strong>observatis</strong></span> <span class='ocrx_word' id='word_1_32' title='bbox 1586 682 1644 742; x_wconf 82' lang='lat' dir='ltr'><strong>dii-</strong></span> 
     </span>
     <span class='ocr_line' id='line_1_6' title="bbox 321 768 1645 851; baseline 0.002 -22"><span class='ocrx_word' id='word_1_33' title='bbox 321 768 477 831; x_wconf 86' lang='lat' dir='ltr'><strong>lereutiam</strong></span> <span class='ocrx_word' id='word_1_34' title='bbox 509 769 726 848; x_wconf 81' lang='lat' dir='ltr'><strong>longitudinum</strong></span> <span class='ocrx_word' id='word_1_35' title='bbox 759 771 885 835; x_wconf 90' lang='lat' dir='ltr'><strong>eliciam.</strong></span> <span class='ocrx_word' id='word_1_36' title='bbox 937 774 1002 836; x_wconf 84' lang='lat' dir='ltr'><strong>lloc</strong></span> <span class='ocrx_word' id='word_1_37' title='bbox 1029 773 1118 834; x_wconf 91' lang='lat' dir='ltr'><strong>modo</strong></span> <span class='ocrx_word' id='word_1_38' title='bbox 1151 778 1283 836; x_wconf 65' lang='lat' dir='ltr'><strong>cumi&#39;et</strong></span> <span class='ocrx_word' id='word_1_39' title='bbox 1309 785 1451 851; x_wconf 36' lang='lat' dir='ltr'><strong>marnam</strong></span> <span class='ocrx_word' id='word_1_40' title='bbox 1478 769 1552 832; x_wconf 82' lang='lat' dir='ltr'><strong>illam</strong></span> <span class='ocrx_word' id='word_1_41' title='bbox 1573 769 1645 833; x_wconf 84' lang='lat' dir='ltr'><strong>Solis</strong></span> 
     </span>
     <span class='ocr_line' id='line_1_7' title="bbox 322 857 1647 940; baseline 0.002 -22"><span class='ocrx_word' id='word_1_42' title='bbox 322 857 447 937; x_wconf 92' lang='lat' dir='ltr'><strong>eclipsin</strong></span> <span class='ocrx_word' id='word_1_43' title='bbox 467 857 613 938; x_wconf 83' lang='lat' dir='ltr'><strong>superiori</strong></span> <span class='ocrx_word' id='word_1_44' title='bbox 629 859 753 922; x_wconf 80' lang='lat' dir='ltr'><strong>Octobri</strong></span> <span class='ocrx_word' id='word_1_45' title='bbox 772 861 990 938; x_wconf 75' lang='lat' dir='ltr'><strong>observassem,</strong></span> <span class='ocrx_word' id='word_1_46' title='bbox 1015 870 1047 923; x_wconf 90' lang='lat' dir='ltr'><strong>et</strong></span> <span class='ocrx_word' id='word_1_47' title='bbox 1065 860 1199 924; x_wconf 88' lang='lat' dir='ltr'><strong>dimissis</strong></span> <span class='ocrx_word' id='word_1_48' title='bbox 1221 861 1346 922; x_wconf 60' lang='lat' dir='ltr'><strong>chartis?</strong></span> <span class='ocrx_word' id='word_1_49' title='bbox 1358 860 1434 922; x_wconf 88' lang='lat' dir='ltr'><strong>meis</strong></span> <span class='ocrx_word' id='word_1_50' title='bbox 1456 859 1587 940; x_wconf 79' lang='lat' dir='ltr'><strong>(quarum</strong></span> <span class='ocrx_word' id='word_1_51' title='bbox 1603 859 1647 921; x_wconf 90' lang='lat' dir='ltr'><strong>bie</strong></span> 
     </span>
     <span class='ocr_line' id='line_1_8' title="bbox 319 945 1648 1032; baseline 0 -24"><span class='ocrx_word' id='word_1_52' title='bbox 319 945 416 1010; x_wconf 86' lang='lat' dir='ltr'><strong>habes</strong></span> <span class='ocrx_word' id='word_1_53' title='bbox 444 948 627 1028; x_wconf 87' lang='lat' dir='ltr'><strong>exemplum)</strong></span> <span class='ocrx_word' id='word_1_54' title='bbox 657 967 694 1009; x_wconf 88' lang='lat' dir='ltr'><strong>ex</strong></span> <span class='ocrx_word' id='word_1_55' title='bbox 721 949 859 1013; x_wconf 90' lang='lat' dir='ltr'><strong>Londiuo</strong></span> <span class='ocrx_word' id='word_1_56' title='bbox 882 952 1015 1032; x_wconf 87' lang='lat' dir='ltr'><strong>Angliae</strong></span> <span class='ocrx_word' id='word_1_57' title='bbox 1043 969 1221 1031; x_wconf 91' lang='lat' dir='ltr'><strong>responsum</strong></span> <span class='ocrx_word' id='word_1_58' title='bbox 1250 950 1337 1030; x_wconf 89' lang='lat' dir='ltr'><strong>quale</strong></span> <span class='ocrx_word' id='word_1_59' title='bbox 1363 947 1444 1010; x_wconf 91' lang='lat' dir='ltr'><strong>volui</strong></span> <span class='ocrx_word' id='word_1_60' title='bbox 1470 947 1648 1028; x_wconf 71' lang='lat' dir='ltr'><strong>accepissem,</strong></span> 
     </span>
     <span class='ocr_line' id='line_1_9' title="bbox 320 1035 1652 1120; baseline 0.002 -24"><span class='ocrx_word' id='word_1_61' title='bbox 320 1035 410 1098; x_wconf 91' lang='lat' dir='ltr'><strong>didici</strong></span> <span class='ocrx_word' id='word_1_62' title='bbox 434 1036 495 1100; x_wconf 83' lang='lat' dir='ltr'><strong>diff.</strong></span> <span class='ocrx_word' id='word_1_63' title='bbox 519 1037 600 1116; x_wconf 85' lang='lat' dir='ltr'><strong>long.</strong></span> <span class='ocrx_word' id='word_1_64' title='bbox 614 1038 703 1100; x_wconf 64' lang='lat' dir='ltr'><strong>&#39;inter</strong></span> <span class='ocrx_word' id='word_1_65' title='bbox 730 1035 909 1102; x_wconf 68' lang='grc' dir='ltr'><strong>1111112ο</strong></span> <span class='ocrx_word' id='word_1_66' title='bbox 930 1041 1008 1103; x_wconf 88' lang='lat' dir='ltr'><strong>citra</strong></span> <span class='ocrx_word' id='word_1_67' title='bbox 1030 1059 1117 1102; x_wconf 90' lang='lat' dir='ltr'><strong>omne</strong></span> <span class='ocrx_word' id='word_1_68' title='bbox 1140 1041 1238 1120; x_wconf 83' lang='lat' dir='ltr'><strong>maJ&#39;us</strong></span> <span class='ocrx_word' id='word_1_69' title='bbox 1261 1037 1381 1101; x_wconf 88' lang='lat' dir='ltr'><strong>dubium</strong></span> <span class='ocrx_word' id='word_1_70' title='bbox 1405 1037 1568 1099; x_wconf 87' lang='lat' dir='ltr'><strong>certissime</strong></span> <span class='ocrx_word' id='word_1_71' title='bbox 1590 1055 1652 1098; x_wconf 88' lang='lat' dir='ltr'><strong>rer·</strong></span> 
     </span>
     <span class='ocr_line' id='line_1_10' title="bbox 319 1121 1680 1208; baseline 0 -22"><span class='ocrx_word' id='word_1_72' title='bbox 319 1125 392 1198; x_wconf 89' lang='lat' dir='ltr'><strong>sari,</strong></span> <span class='ocrx_word' id='word_1_73' title='bbox 415 1145 503 1208; x_wconf 89' lang='lat' dir='ltr'><strong>quam</strong></span> <span class='ocrx_word' id='word_1_74' title='bbox 527 1127 650 1188; x_wconf 87' lang='lat' dir='ltr'><strong>chartae</strong></span> <span class='ocrx_word' id='word_1_75' title='bbox 677 1121 839 1194; x_wconf 63' lang='grc' dir='ltr'><strong>160-19ο</strong></span> <span class='ocrx_word' id='word_1_76' title='bbox 862 1130 985 1193; x_wconf 82' lang='lat' dir='ltr'><strong>faciunt</strong></span> <span class='ocrx_word' id='word_1_77' title='bbox 1035 1129 1157 1192; x_wconf 88' lang='lat' dir='ltr'><strong>Utinam</strong></span> <span class='ocrx_word' id='word_1_78' title='bbox 1180 1136 1244 1190; x_wconf 88' lang='lat' dir='ltr'><strong>toto</strong></span> <span class='ocrx_word' id='word_1_79' title='bbox 1268 1127 1318 1189; x_wconf 92' lang='lat' dir='ltr'><strong>illo</strong></span> <span class='ocrx_word' id='word_1_80' title='bbox 1343 1126 1497 1201; x_wconf 89' lang='lat' dir='ltr'><strong>districtu,</strong></span> <span class='ocrx_word' id='word_1_81' title='bbox 1519 1144 1574 1206; x_wconf 88' lang='lat' dir='ltr'><strong>quo</strong></span> <span class='ocrx_word' id='word_1_82' title='bbox 1595 1125 1651 1186; x_wconf 83' lang='lat' dir='ltr'><strong>risa</strong></span> <span class='ocrx_word' id='word_1_83' title='bbox 1676 1137 1680 1144; x_wconf 85' lang='lat'>&#39;</span> 
     </span>
     <span class='ocr_line' id='line_1_11' title="bbox 272 1213 1652 1297; baseline 0.001 -23"><span class='ocrx_word' id='word_1_84' title='bbox 272 1286 278 1294; x_wconf 31' lang='grc' dir='ltr'>ι</span> <span class='ocrx_word' id='word_1_85' title='bbox 319 1223 376 1288; x_wconf 88' lang='lat' dir='ltr'><strong>est,</strong></span> <span class='ocrx_word' id='word_1_86' title='bbox 401 1214 431 1276; x_wconf 93' lang='lat' dir='ltr'><strong>in</strong></span> <span class='ocrx_word' id='word_1_87' title='bbox 454 1215 531 1278; x_wconf 86' lang='lat' dir='ltr'><strong>hunc</strong></span> <span class='ocrx_word' id='word_1_88' title='bbox 554 1216 672 1278; x_wconf 91' lang='lat' dir='ltr'><strong>modum</strong></span> <span class='ocrx_word' id='word_1_89' title='bbox 695 1217 802 1280; x_wconf 86' lang='lat' dir='ltr'><strong>fuisset</strong></span> <span class='ocrx_word' id='word_1_90' title='bbox 825 1218 1006 1292; x_wconf 79' lang='lat' dir='ltr'><strong>observata3</strong></span> <span class='ocrx_word' id='word_1_91' title='bbox 1029 1239 1089 1282; x_wconf 89' lang='lat' dir='ltr'><strong>una</strong></span> <span class='ocrx_word' id='word_1_92' title='bbox 1107 1218 1187 1280; x_wconf 91' lang='lat' dir='ltr'><strong>enim</strong></span> <span class='ocrx_word' id='word_1_93' title='bbox 1208 1216 1331 1297; x_wconf 86' lang='lat' dir='ltr'><strong>eclipsis</strong></span> <span class='ocrx_word' id='word_1_94' title='bbox 1353 1215 1410 1278; x_wconf 91' lang='lat' dir='ltr'><strong>tibi</strong></span> <span class='ocrx_word' id='word_1_95' title='bbox 1432 1213 1652 1278; x_wconf 70' lang='lat' dir='ltr'><strong>cumulatissime</strong></span> 
     </span>
     <span class='ocr_line' id='line_1_12' title="bbox 319 1299 1652 1388; baseline 0.002 -24"><span class='ocrx_word' id='word_1_96' title='bbox 319 1302 530 1369; x_wconf 80' lang='lat' dir='ltr'><strong>satisfecisset.</strong></span> <span class='ocrx_word' id='word_1_97' title='bbox 567 1303 672 1367; x_wconf 83' lang='lat' dir='ltr'><strong>Finem</strong></span> <span class='ocrx_word' id='word_1_98' title='bbox 693 1305 724 1368; x_wconf 92' lang='lat' dir='ltr'><strong>in</strong></span> <span class='ocrx_word' id='word_1_99' title='bbox 746 1308 860 1388; x_wconf 90' lang='lat' dir='ltr'><strong>Anglia</strong></span> <span class='ocrx_word' id='word_1_100' title='bbox 885 1308 1081 1370; x_wconf 86' lang='lat' dir='ltr'><strong>observarunt</strong></span> <span class='ocrx_word' id='word_1_101' title='bbox 1103 1306 1132 1368; x_wconf 93' lang='lat' dir='ltr'><strong>h.</strong></span> <span class='ocrx_word' id='word_1_102' title='bbox 1150 1303 1179 1370; x_wconf 83' lang='lat'><strong>2.</strong></span> <span class='ocrx_word' id='word_1_103' title='bbox 1197 1304 1261 1381; x_wconf 81' lang='lat'><strong>21‘,</strong></span> <span class='ocrx_word' id='word_1_104' title='bbox 1285 1323 1341 1385; x_wconf 86' lang='lat' dir='ltr'><strong>ego</strong></span> <span class='ocrx_word' id='word_1_105' title='bbox 1363 1305 1481 1384; x_wconf 84' lang='lat' dir='ltr'><strong>Pragae</strong></span> <span class='ocrx_word' id='word_1_106' title='bbox 1506 1299 1579 1367; x_wconf 72' lang='lat' dir='ltr'><strong>ht.</strong></span> <span class='ocrx_word' id='word_1_107' title='bbox 1597 1301 1652 1376; x_wconf 78' lang='lat'><strong>28⁴,</strong></span> 
     </span>
     <span class='ocr_line' id='line_1_13' title="bbox 319 1390 1653 1478; baseline 0.001 -26"><span class='ocrx_word' id='word_1_108' title='bbox 319 1392 383 1456; x_wconf 89' lang='lat' dir='ltr'><strong>dill.</strong></span> <span class='ocrx_word' id='word_1_109' title='bbox 407 1393 436 1454; x_wconf 93' lang='lat' dir='ltr'><strong>h.</strong></span> <span class='ocrx_word' id='word_1_110' title='bbox 459 1392 486 1456; x_wconf 88' lang='lat'><strong>1.</strong></span> <span class='ocrx_word' id='word_1_111' title='bbox 504 1393 534 1455; x_wconf 79' lang='lat'><strong>7¹</strong></span> <span class='ocrx_word' id='word_1_112' title='bbox 557 1394 610 1455; x_wconf 93' lang='lat' dir='ltr'><strong>dat</strong></span> <span class='ocrx_word' id='word_1_113' title='bbox 633 1413 704 1457; x_wconf 87' lang='lat' dir='ltr'><strong>saue</strong></span> <span class='ocrx_word' id='word_1_114' title='bbox 731 1390 811 1478; x_wconf 75' lang='lat' dir='ltr'><strong>16⁸l,</strong></span> <span class='ocrx_word' id='word_1_115' title='bbox 821 1393 841 1467; x_wconf 90' lang='lat'><strong>⁰,</strong></span> <span class='ocrx_word' id='word_1_116' title='bbox 866 1395 893 1459; x_wconf 90' lang='lat' dir='ltr'><strong>&#39;si</strong></span> <span class='ocrx_word' id='word_1_117' title='bbox 907 1415 966 1458; x_wconf 92' lang='lat' dir='ltr'><strong>non</strong></span> <span class='ocrx_word' id='word_1_118' title='bbox 989 1396 1213 1462; x_wconf 87' lang='lat' dir='ltr'><strong>consideremus</strong></span> <span class='ocrx_word' id='word_1_119' title='bbox 1235 1393 1414 1476; x_wconf 86' lang='lat' dir='ltr'><strong>parallaxin.</strong></span> <span class='ocrx_word' id='word_1_120' title='bbox 1452 1393 1499 1454; x_wconf 83' lang='lat' dir='ltr'><strong>At</strong></span> <span class='ocrx_word' id='word_1_121' title='bbox 1523 1393 1588 1476; x_wconf 83' lang='lat' dir='ltr'><strong>quia</strong></span> <span class='ocrx_word' id='word_1_122' title='bbox 1607 1411 1653 1473; x_wconf 91' lang='lat' dir='ltr'><strong>per</strong></span> 
     </span>
     <span class='ocr_line' id='line_1_14' title="bbox 261 1480 1655 1565; baseline -0.001 -23"><span class='ocrx_word' id='word_1_123' title='bbox 261 1549 265 1556; x_wconf 55' lang='grc'><em>,</em></span> <span class='ocrx_word' id='word_1_124' title='bbox 318 1481 489 1562; x_wconf 79' lang='lat' dir='ltr'><strong>parallaxin</strong></span> <span class='ocrx_word' id='word_1_125' title='bbox 511 1483 598 1546; x_wconf 92' lang='lat' dir='ltr'><strong>Luna</strong></span> <span class='ocrx_word' id='word_1_126' title='bbox 621 1483 692 1545; x_wconf 93' lang='lat' dir='ltr'><strong>mihi</strong></span> <span class='ocrx_word' id='word_1_127' title='bbox 716 1485 940 1548; x_wconf 89' lang='lat' dir='ltr'><strong>occidentalior&#39;</strong></span> <span class='ocrx_word' id='word_1_128' title='bbox 954 1495 1002 1553; x_wconf 89' lang='lat' dir='ltr'><strong>est</strong></span> <span class='ocrx_word' id='word_1_129' title='bbox 1024 1484 1108 1548; x_wconf 82' lang='lat' dir='ltr'><strong>iacta</strong></span> <span class='ocrx_word' id='word_1_130' title='bbox 1128 1505 1218 1565; x_wconf 85' lang='lat' dir='ltr'><strong>quam</strong></span> <span class='ocrx_word' id='word_1_131' title='bbox 1240 1484 1358 1563; x_wconf 75' lang='lat' dir='ltr'><strong>anglo,</strong></span> <span class='ocrx_word' id='word_1_132' title='bbox 1383 1482 1480 1544; x_wconf 90' lang='lat' dir='ltr'><strong>serius</strong></span> <span class='ocrx_word' id='word_1_133' title='bbox 1504 1480 1655 1546; x_wconf 86' lang='lat' dir='ltr'><strong>deseruerit</strong></span> 
     </span>
     <span class='ocr_line' id='line_1_15' title="bbox 321 1566 1654 1653; baseline 0 -21"><span class='ocrx_word' id='word_1_134' title='bbox 321 1569 433 1640; x_wconf 89' lang='lat' dir='ltr'><strong>Solem,</strong></span> <span class='ocrx_word' id='word_1_135' title='bbox 453 1573 499 1632; x_wconf 79' lang='lat' dir='ltr'><strong>ita</strong></span> <span class='ocrx_word' id='word_1_136' title='bbox 514 1572 598 1634; x_wconf 88' lang='lat' dir='ltr'><strong>vides</strong></span> <span class='ocrx_word' id='word_1_137' title='bbox 614 1573 757 1634; x_wconf 90' lang='lat' dir='ltr'><strong>minorem</strong></span> <span class='ocrx_word' id='word_1_138' title='bbox 772 1573 835 1636; x_wconf 89' lang='lat' dir='ltr'><strong>fieri</strong></span> <span class='ocrx_word' id='word_1_139' title='bbox 856 1575 1055 1637; x_wconf 80' lang='lat' dir='ltr'><strong>differentiam</strong></span> <span class='ocrx_word' id='word_1_140' title='bbox 1074 1574 1304 1637; x_wconf 84' lang='lat' dir='ltr'><strong>meridianorum</strong></span> <span class='ocrx_word' id='word_1_141' title='bbox 1324 1591 1413 1653; x_wconf 89' lang='lat' dir='ltr'><strong>quam</strong></span> <span class='ocrx_word' id='word_1_142' title='bbox 1430 1566 1515 1653; x_wconf 62' lang='grc'>16).</span> <span class='ocrx_word' id='word_1_143' title='bbox 1523 1569 1545 1632; x_wconf 81' lang='lat'><strong>⁰·</strong></span> <span class='ocrx_word' id='word_1_144' title='bbox 1575 1567 1654 1641; x_wconf 79' lang='lat' dir='ltr'><strong>Quod</strong></span> 
     </span>
     <span class='ocr_line' id='line_1_16' title="bbox 319 1658 1653 1746; baseline 0 -26"><span class='ocrx_word' id='word_1_145' title='bbox 319 1667 420 1721; x_wconf 88' lang='lat' dir='ltr'><strong>autem</strong></span> <span class='ocrx_word' id='word_1_146' title='bbox 443 1661 480 1722; x_wconf 93' lang='lat' dir='ltr'><strong>de</strong></span> <span class='ocrx_word' id='word_1_147' title='bbox 507 1658 542 1724; x_wconf 86' lang='lat'><strong>1⁰</strong></span> <span class='ocrx_word' id='word_1_148' title='bbox 565 1659 667 1724; x_wconf 87' lang='lat' dir='ltr'><strong>dubito</strong></span> <span class='ocrx_word' id='word_1_149' title='bbox 690 1675 863 1739; x_wconf 88' lang='lat' dir='ltr'><strong>causaest,</strong></span> <span class='ocrx_word' id='word_1_150' title='bbox 888 1663 958 1746; x_wconf 89' lang='lat' dir='ltr'><strong>quia</strong></span> <span class='ocrx_word' id='word_1_151' title='bbox 979 1665 1098 1743; x_wconf 85' lang='lat' dir='ltr'><strong>Anglus</strong></span> <span class='ocrx_word' id='word_1_152' title='bbox 1120 1663 1296 1745; x_wconf 90' lang='lat' dir='ltr'><strong>principium</strong></span> <span class='ocrx_word' id='word_1_153' title='bbox 1315 1681 1376 1723; x_wconf 90' lang='lat' dir='ltr'><strong>non</strong></span> <span class='ocrx_word' id='word_1_154' title='bbox 1394 1660 1575 1735; x_wconf 85' lang='lat' dir='ltr'><strong>observarit,</strong></span> <span class='ocrx_word' id='word_1_155' title='bbox 1594 1678 1653 1720; x_wconf 90' lang='lat' dir='ltr'><strong>me·</strong></span> 
     </span>
     <span class='ocr_line' id='line_1_17' title="bbox 319 1747 1654 1832; baseline -0.001 -23"><span class='ocrx_word' id='word_1_156' title='bbox 319 1747 400 1810; x_wconf 92' lang='lat' dir='ltr'><strong>dium</strong></span> <span class='ocrx_word' id='word_1_157' title='bbox 423 1768 502 1826; x_wconf 89' lang='lat' dir='ltr'><strong>vero,</strong></span> <span class='ocrx_word' id='word_1_158' title='bbox 528 1751 605 1832; x_wconf 90' lang='lat' dir='ltr'><strong>quod</strong></span> <span class='ocrx_word' id='word_1_159' title='bbox 630 1751 680 1812; x_wconf 91' lang='lat' dir='ltr'><strong>ille</strong></span> <span class='ocrx_word' id='word_1_160' title='bbox 703 1751 836 1832; x_wconf 91' lang='lat' dir='ltr'><strong>prodidit</strong></span> <span class='ocrx_word' id='word_1_161' title='bbox 857 1772 895 1814; x_wconf 81' lang='lat' dir='ltr'><strong>ex</strong></span> <span class='ocrx_word' id='word_1_162' title='bbox 918 1752 1110 1816; x_wconf 81' lang='lat' dir='ltr'><strong>inclinatione</strong></span> <span class='ocrx_word' id='word_1_163' title='bbox 1133 1751 1223 1813; x_wconf 90' lang='lat' dir='ltr'><strong>ducto</strong></span> <span class='ocrx_word' id='word_1_164' title='bbox 1246 1755 1433 1831; x_wconf 88' lang='lat' dir='ltr'><strong>argumento,</strong></span> <span class='ocrx_word' id='word_1_165' title='bbox 1456 1771 1477 1810; x_wconf 88' lang='lat' dir='ltr'><strong>a</strong></span> <span class='ocrx_word' id='word_1_166' title='bbox 1499 1750 1556 1812; x_wconf 87' lang='lat' dir='ltr'><strong>fine</strong></span> <span class='ocrx_word' id='word_1_167' title='bbox 1578 1747 1654 1810; x_wconf 79' lang='lat' dir='ltr'><strong>aliter</strong></span> 
     </span>
    </p>
   </div>
   <div class='ocr_carea' id='block_1_4' title="bbox 202 1838 1654 1922">
    <p class='ocr_par' dir='ltr' id='par_1_4' title="bbox 202 1838 1654 1922">
     <span class='ocr_line' id='line_1_18' title="bbox 202 1838 1654 1922; baseline 0.001 -26"><span class='ocrx_word' id='word_1_168' title='bbox 202 1889 208 1896; x_wconf 90' lang='lat'><strong>.</strong></span> <span class='ocrx_word' id='word_1_169' title='bbox 318 1838 416 1913; x_wconf 88' lang='lat' dir='ltr'><strong>abest,</strong></span> <span class='ocrx_word' id='word_1_170' title='bbox 440 1859 527 1921; x_wconf 89' lang='lat' dir='ltr'><strong>quam</strong></span> <span class='ocrx_word' id='word_1_171' title='bbox 552 1839 628 1918; x_wconf 90' lang='lat' dir='ltr'><strong>apud</strong></span> <span class='ocrx_word' id='word_1_172' title='bbox 652 1858 699 1901; x_wconf 95' lang='lat' dir='ltr'><strong>me</strong></span> <span class='ocrx_word' id='word_1_173' title='bbox 723 1840 779 1903; x_wconf 86' lang='lat' dir='ltr'><strong>fuit</strong></span> <span class='ocrx_word' id='word_1_174' title='bbox 802 1842 952 1922; x_wconf 87' lang='lat' dir='ltr'><strong>separatis</strong></span> <span class='ocrx_word' id='word_1_175' title='bbox 971 1842 1108 1922; x_wconf 88' lang='lat' dir='ltr'><strong>utrinque</strong></span> <span class='ocrx_word' id='word_1_176' title='bbox 1124 1839 1341 1921; x_wconf 84' lang='lat' dir='ltr'><strong>parallaxibus.</strong></span> <span class='ocrx_word' id='word_1_177' title='bbox 1375 1840 1422 1900; x_wconf 92' lang='lat' dir='ltr'><strong>De</strong></span> <span class='ocrx_word' id='word_1_178' title='bbox 1441 1839 1549 1920; x_wconf 85' lang='lat' dir='ltr'><strong>majori</strong></span> <span class='ocrx_word' id='word_1_179' title='bbox 1568 1846 1654 1900; x_wconf 87' lang='lat' dir='ltr'><strong>autem</strong></span> 
     </span>
    </p>
   </div>
   <div class='ocr_carea' id='block_1_5' title="bbox 316 1923 1653 2189">
    <p class='ocr_par' dir='ltr' id='par_1_5' title="bbox 316 1923 1653 2189">
     <span class='ocr_line' id='line_1_19' title="bbox 317 1923 1132 2010; baseline 0.005 -23"><span class='ocrx_word' id='word_1_180' title='bbox 317 1946 404 2007; x_wconf 91' lang='lat' dir='ltr'><strong>quam</strong></span> <span class='ocrx_word' id='word_1_181' title='bbox 429 1927 464 1988; x_wconf 87' lang='lat' dir='ltr'><strong>de</strong></span> <span class='ocrx_word' id='word_1_182' title='bbox 492 1923 527 1992; x_wconf 84' lang='lat'><strong>1⁰</strong></span> <span class='ocrx_word' id='word_1_183' title='bbox 550 1928 699 1990; x_wconf 85' lang='lat' dir='ltr'><strong>dubitatio</strong></span> <span class='ocrx_word' id='word_1_184' title='bbox 721 1929 811 2010; x_wconf 88' lang='lat' dir='ltr'><strong>plane</strong></span> <span class='ocrx_word' id='word_1_185' title='bbox 835 1932 918 1993; x_wconf 91' lang='lat' dir='ltr'><strong>nulla</strong></span> <span class='ocrx_word' id='word_1_186' title='bbox 941 1942 989 1992; x_wconf 89' lang='lat' dir='ltr'><strong>est</strong></span> <span class='ocrx_word' id='word_1_187' title='bbox 991 1976 1132 1994; x_wconf 88' lang='grc'><strong>.....</strong></span> 
     </span>
     <span class='ocr_line' id='line_1_20' title="bbox 405 2015 1652 2100; baseline 0 -24"><span class='ocrx_word' id='word_1_188' title='bbox 405 2063 491 2080; x_wconf 94' lang='grc'>....</span> <span class='ocrx_word' id='word_1_189' title='bbox 516 2017 639 2080; x_wconf 89' lang='lat' dir='ltr'><strong>Interim</strong></span> <span class='ocrx_word' id='word_1_190' title='bbox 662 2019 835 2081; x_wconf 90' lang='lat' dir='ltr'><strong>commendo</strong></span> <span class='ocrx_word' id='word_1_191' title='bbox 860 2021 927 2083; x_wconf 81' lang='lat' dir='ltr'><strong>&#39;libi</strong></span> <span class='ocrx_word' id='word_1_192' title='bbox 952 2020 1104 2100; x_wconf 80' lang='lat' dir='ltr'><strong>negotium</strong></span> <span class='ocrx_word' id='word_1_193' title='bbox 1125 2039 1220 2082; x_wconf 90' lang='lat' dir='ltr'><strong>meum</strong></span> <span class='ocrx_word' id='word_1_194' title='bbox 1240 2015 1409 2097; x_wconf 89' lang='lat' dir='ltr'><strong>eclipticum</strong></span> <span class='ocrx_word' id='word_1_195' title='bbox 1433 2034 1522 2096; x_wconf 87' lang='lat' dir='ltr'><strong>quarn</strong></span> <span class='ocrx_word' id='word_1_196' title='bbox 1546 2033 1652 2096; x_wconf 87' lang='lat' dir='ltr'><strong>possum</strong></span> 
     </span>
     <span class='ocr_line' id='line_1_21' title="bbox 316 2103 1653 2189; baseline -0.001 -23"><span class='ocrx_word' id='word_1_197' title='bbox 316 2103 556 2184; x_wconf 88' lang='lat' dir='ltr'><strong>diligentissime.</strong></span> <span class='ocrx_word' id='word_1_198' title='bbox 603 2106 744 2184; x_wconf 89' lang='lat' dir='ltr'><strong>Literas,</strong></span> <span class='ocrx_word' id='word_1_199' title='bbox 775 2109 800 2170; x_wconf 93' lang='lat' dir='ltr'><strong>si</strong></span> <span class='ocrx_word' id='word_1_200' title='bbox 829 2110 936 2189; x_wconf 90' lang='lat' dir='ltr'><strong>quibus</strong></span> <span class='ocrx_word' id='word_1_201' title='bbox 959 2128 1006 2172; x_wconf 92' lang='lat' dir='ltr'><strong>me</strong></span> <span class='ocrx_word' id='word_1_202' title='bbox 1033 2109 1127 2171; x_wconf 86' lang='lat' dir='ltr'><strong>fueris</strong></span> <span class='ocrx_word' id='word_1_203' title='bbox 1155 2107 1329 2188; x_wconf 82' lang='lat' dir='ltr'><strong>dignatus,¹</strong></span> <span class='ocrx_word' id='word_1_204' title='bbox 1346 2113 1419 2186; x_wconf 88' lang='lat' dir='ltr'><strong>puto</strong></span> <span class='ocrx_word' id='word_1_205' title='bbox 1448 2114 1478 2166; x_wconf 92' lang='lat' dir='ltr'><strong>te</strong></span> <span class='ocrx_word' id='word_1_206' title='bbox 1501 2103 1653 2166; x_wconf 85' lang='lat' dir='ltr'><strong>rectissime</strong></span> 
     </span>
    </p>
   </div>
   <div class='ocr_carea' id='block_1_6' title="bbox 314 2191 1654 2973">
    <p class='ocr_par' dir='ltr' id='par_1_6' title="bbox 314 2191 1654 2973">
     <span class='ocr_line' id='line_1_22' title="bbox 315 2191 1654 2276; baseline -0.002 -21"><span class='ocrx_word' id='word_1_207' title='bbox 315 2203 550 2276; x_wconf 84' lang='lat' dir='ltr'><strong>procuraturum,</strong></span> <span class='ocrx_word' id='word_1_208' title='bbox 575 2194 602 2257; x_wconf 93' lang='lat' dir='ltr'><strong>si</strong></span> <span class='ocrx_word' id='word_1_209' title='bbox 626 2195 676 2258; x_wconf 86' lang='lat' dir='ltr'><strong>via</strong></span> <span class='ocrx_word' id='word_1_210' title='bbox 690 2195 851 2262; x_wconf 88' lang='lat' dir='ltr'><strong>Parisiana</strong></span> <span class='ocrx_word' id='word_1_211' title='bbox 874 2197 1008 2261; x_wconf 89' lang='lat' dir='ltr'><strong>inclusae</strong></span> <span class='ocrx_word' id='word_1_212' title='bbox 1030 2198 1203 2260; x_wconf 84' lang='lat' dir='ltr'><strong>deierantur</strong></span> <span class='ocrx_word' id='word_1_213' title='bbox 1222 2196 1261 2258; x_wconf 92' lang='lat' dir='ltr'><strong>ad</strong></span> <span class='ocrx_word' id='word_1_214' title='bbox 1280 2202 1420 2274; x_wconf 83' lang='lat' dir='ltr'><strong>agentem</strong></span> <span class='ocrx_word' id='word_1_215' title='bbox 1437 2193 1534 2274; x_wconf 87' lang='lat' dir='ltr'><strong>Regis</strong></span> <span class='ocrx_word' id='word_1_216' title='bbox 1548 2191 1654 2256; x_wconf 85' lang='lat' dir='ltr'><strong>Gallia·</strong></span> 
     </span>
     <span class='ocr_line' id='line_1_23' title="bbox 314 2283 1653 2368; baseline -0.004 -20"><span class='ocrx_word' id='word_1_217' title='bbox 314 2305 389 2360; x_wconf 89' lang='lat' dir='ltr'><strong>rum‚</strong></span> <span class='ocrx_word' id='word_1_218' title='bbox 415 2283 464 2364; x_wconf 91' lang='lat' dir='ltr'><strong>qui</strong></span> <span class='ocrx_word' id='word_1_219' title='bbox 485 2285 606 2364; x_wconf 79' lang='lat' dir='ltr'><strong>Pragae</strong></span> <span class='ocrx_word' id='word_1_220' title='bbox 630 2287 710 2368; x_wconf 89' lang='lat' dir='ltr'><strong>apud</strong></span> <span class='ocrx_word' id='word_1_221' title='bbox 733 2287 832 2348; x_wconf 88' lang='lat' dir='ltr'><strong>aulam</strong></span> <span class='ocrx_word' id='word_1_222' title='bbox 857 2287 1000 2352; x_wconf 83' lang='lat' dir='ltr'><strong>Caesaris</strong></span> <span class='ocrx_word' id='word_1_223' title='bbox 1022 2294 1168 2368; x_wconf 89' lang='lat' dir='ltr'><strong>perpetuo</strong></span> <span class='ocrx_word' id='word_1_224' title='bbox 1191 2292 1339 2349; x_wconf 85' lang='lat' dir='ltr'><strong>versatur.</strong></span> <span class='ocrx_word' id='word_1_225' title='bbox 1385 2284 1466 2344; x_wconf 88' lang='lat' dir='ltr'><strong>illud</strong></span> <span class='ocrx_word' id='word_1_226' title='bbox 1490 2283 1572 2345; x_wconf 89' lang='lat' dir='ltr'><strong>unice</strong></span> <span class='ocrx_word' id='word_1_227' title='bbox 1592 2287 1653 2362; x_wconf 87' lang='lat' dir='ltr'><strong>peto</strong></span> 
     </span>
     <span class='ocr_line' id='line_1_24' title="bbox 315 2371 1652 2456; baseline -0.004 -18"><span class='ocrx_word' id='word_1_228' title='bbox 315 2381 349 2438; x_wconf 88' lang='lat' dir='ltr'><strong>ut</strong></span> <span class='ocrx_word' id='word_1_229' title='bbox 371 2373 502 2450; x_wconf 89' lang='lat' dir='ltr'><strong>discam,</strong></span> <span class='ocrx_word' id='word_1_230' title='bbox 531 2393 569 2436; x_wconf 89' lang='lat' dir='ltr'><strong>an</strong></span> <span class='ocrx_word' id='word_1_231' title='bbox 599 2375 628 2437; x_wconf 93' lang='lat' dir='ltr'><strong>in</strong></span> <span class='ocrx_word' id='word_1_232' title='bbox 658 2375 806 2456; x_wconf 78' lang='lat' dir='ltr'><strong>aliquibus</strong></span> <span class='ocrx_word' id='word_1_233' title='bbox 830 2377 967 2456; x_wconf 89' lang='lat' dir='ltr'><strong>partibus</strong></span> <span class='ocrx_word' id='word_1_234' title='bbox 991 2376 1114 2438; x_wconf 88' lang='lat' dir='ltr'><strong>ultimae</strong></span> <span class='ocrx_word' id='word_1_235' title='bbox 1138 2374 1258 2438; x_wconf 87' lang='lat' dir='ltr'><strong>Galliae</strong></span> <span class='ocrx_word' id='word_1_236' title='bbox 1282 2373 1404 2453; x_wconf 87' lang='lat' dir='ltr'><strong>eclipsis</strong></span> <span class='ocrx_word' id='word_1_237' title='bbox 1428 2372 1535 2451; x_wconf 76' lang='lat' dir='ltr'><strong>totalis</strong></span> <span class='ocrx_word' id='word_1_238' title='bbox 1557 2371 1652 2445; x_wconf 74' lang='lat' dir='ltr'><strong>fuerit3</strong></span> 
     </span>
     <span class='ocr_line' id='line_1_25' title="bbox 315 2460 1651 2539; baseline -0.003 -15"><span class='ocrx_word' id='word_1_239' title='bbox 315 2470 346 2524; x_wconf 86' lang='lat' dir='ltr'><strong>et</strong></span> <span class='ocrx_word' id='word_1_240' title='bbox 369 2463 394 2524; x_wconf 91' lang='lat' dir='ltr'><strong>si</strong></span> <span class='ocrx_word' id='word_1_241' title='bbox 417 2463 582 2526; x_wconf 88' lang='lat' dir='ltr'><strong>accesserit</strong></span> <span class='ocrx_word' id='word_1_242' title='bbox 604 2482 707 2525; x_wconf 86' lang='lat' dir='ltr'><strong>verum</strong></span> <span class='ocrx_word' id='word_1_243' title='bbox 729 2465 847 2526; x_wconf 89' lang='lat' dir='ltr'><strong>initium</strong></span> <span class='ocrx_word' id='word_1_244' title='bbox 871 2475 903 2526; x_wconf 92' lang='lat' dir='ltr'><strong>et</strong></span> <span class='ocrx_word' id='word_1_245' title='bbox 924 2465 1005 2539; x_wconf 86' lang='lat' dir='ltr'><strong>finis,</strong></span> <span class='ocrx_word' id='word_1_246' title='bbox 1031 2464 1266 2527; x_wconf 81' lang='lat' dir='ltr'><strong>cumulatissime</strong></span> <span class='ocrx_word' id='word_1_247' title='bbox 1289 2463 1361 2525; x_wconf 92' lang='lat' dir='ltr'><strong>mibi</strong></span> <span class='ocrx_word' id='word_1_248' title='bbox 1385 2460 1445 2523; x_wconf 91' lang='lat' dir='ltr'><strong>erit</strong></span> <span class='ocrx_word' id='word_1_249' title='bbox 1469 2461 1651 2524; x_wconf 77' lang='lat' dir='ltr'><strong>satisfactum</strong></span> 
     </span>
     <span class='ocr_line' id='line_1_26' title="bbox 314 2549 1650 2636; baseline -0.004 -20"><span class='ocrx_word' id='word_1_250' title='bbox 314 2551 376 2616; x_wconf 88' lang='lat' dir='ltr'><strong>Sed</strong></span> <span class='ocrx_word' id='word_1_251' title='bbox 393 2551 464 2633; x_wconf 89' lang='lat' dir='ltr'><strong>quid</strong></span> <span class='ocrx_word' id='word_1_252' title='bbox 484 2571 538 2632; x_wconf 87' lang='lat' dir='ltr'><strong>ego</strong></span> <span class='ocrx_word' id='word_1_253' title='bbox 556 2551 671 2624; x_wconf 82' lang='lat' dir='ltr'><strong>multis,</strong></span> <span class='ocrx_word' id='word_1_254' title='bbox 694 2573 762 2614; x_wconf 91' lang='lat' dir='ltr'><strong>cum</strong></span> <span class='ocrx_word' id='word_1_255' title='bbox 778 2553 880 2635; x_wconf 90' lang='lat' dir='ltr'><strong>capita</strong></span> <span class='ocrx_word' id='word_1_256' title='bbox 899 2553 1102 2636; x_wconf 89' lang='lat' dir='ltr'><strong>quaesitorum</strong></span> <span class='ocrx_word' id='word_1_257' title='bbox 1119 2554 1280 2633; x_wconf 87' lang='lat' dir='ltr'><strong>diligenter</strong></span> <span class='ocrx_word' id='word_1_258' title='bbox 1298 2550 1410 2614; x_wconf 88' lang='lat' dir='ltr'><strong>fuerint</strong></span> <span class='ocrx_word' id='word_1_259' title='bbox 1432 2551 1462 2612; x_wconf 91' lang='lat' dir='ltr'><strong>in</strong></span> <span class='ocrx_word' id='word_1_260' title='bbox 1488 2549 1650 2632; x_wconf 84' lang='lat' dir='ltr'><strong>„Epistols“</strong></span> 
     </span>
     <span class='ocr_line' id='line_1_27' title="bbox 314 2639 1651 2721; baseline -0.001 -19"><span class='ocrx_word' id='word_1_261' title='bbox 314 2641 475 2716; x_wconf 87' lang='lat' dir='ltr'><strong>inculcata,</strong></span> <span class='ocrx_word' id='word_1_262' title='bbox 500 2660 577 2721; x_wconf 90' lang='lat' dir='ltr'><strong>quae</strong></span> <span class='ocrx_word' id='word_1_263' title='bbox 601 2659 673 2721; x_wconf 83' lang='lat' dir='ltr'><strong>rogo</strong></span> <span class='ocrx_word' id='word_1_264' title='bbox 698 2641 802 2707; x_wconf 88' lang='lat' dir='ltr'><strong>sedulo</strong></span> <span class='ocrx_word' id='word_1_265' title='bbox 826 2644 974 2716; x_wconf 84' lang='lat' dir='ltr'><strong>excutias,</strong></span> <span class='ocrx_word' id='word_1_266' title='bbox 1000 2651 1031 2704; x_wconf 92' lang='lat' dir='ltr'><strong>et</strong></span> <span class='ocrx_word' id='word_1_267' title='bbox 1053 2643 1110 2706; x_wconf 89' lang='lat' dir='ltr'><strong>hac</strong></span> <span class='ocrx_word' id='word_1_268' title='bbox 1134 2643 1224 2704; x_wconf 90' lang='lat' dir='ltr'><strong>etiam</strong></span> <span class='ocrx_word' id='word_1_269' title='bbox 1249 2643 1277 2703; x_wconf 93' lang='lat' dir='ltr'><strong>in</strong></span> <span class='ocrx_word' id='word_1_270' title='bbox 1301 2648 1388 2720; x_wconf 83' lang='lat' dir='ltr'><strong>parte</strong></span> <span class='ocrx_word' id='word_1_271' title='bbox 1411 2658 1466 2701; x_wconf 88' lang='lat' dir='ltr'><strong>seu</strong></span> <span class='ocrx_word' id='word_1_272' title='bbox 1487 2659 1526 2700; x_wconf 84' lang='lat' dir='ltr'><strong>ex</strong></span> <span class='ocrx_word' id='word_1_273' title='bbox 1549 2648 1578 2701; x_wconf 84' lang='lat' dir='ltr'><strong>te</strong></span> <span class='ocrx_word' id='word_1_274' title='bbox 1598 2639 1651 2719; x_wconf 85' lang='lat' dir='ltr'><strong>ipso</strong></span> 
     </span>
     <span class='ocr_line' id='line_1_28' title="bbox 314 2727 1652 2816; baseline -0.002 -23"><span class='ocrx_word' id='word_1_275' title='bbox 314 2730 465 2793; x_wconf 88' lang='lat' dir='ltr'><strong>narrando</strong></span> <span class='ocrx_word' id='word_1_276' title='bbox 489 2749 542 2793; x_wconf 88' lang='lat' dir='ltr'><strong>seu</strong></span> <span class='ocrx_word' id='word_1_277' title='bbox 560 2749 604 2791; x_wconf 84' lang='lat' dir='ltr'><strong>ex</strong></span> <span class='ocrx_word' id='word_1_278' title='bbox 627 2730 696 2793; x_wconf 88' lang='lat' dir='ltr'><strong>aliis</strong></span> <span class='ocrx_word' id='word_1_279' title='bbox 720 2732 923 2815; x_wconf 88' lang='lat' dir='ltr'><strong>percontando</strong></span> <span class='ocrx_word' id='word_1_280' title='bbox 946 2731 1167 2816; x_wconf 85' lang='lat' dir='ltr'><strong>philosophiam</strong></span> <span class='ocrx_word' id='word_1_281' title='bbox 1186 2733 1286 2813; x_wconf 87' lang='lat' dir='ltr'><strong>juves.</strong></span> <span class='ocrx_word' id='word_1_282' title='bbox 1320 2727 1528 2794; x_wconf 77' lang='lat' dir='ltr'><strong>celebrabunt</strong></span> <span class='ocrx_word' id='word_1_283' title='bbox 1548 2729 1579 2791; x_wconf 94' lang='lat' dir='ltr'><strong>id</strong></span> <span class='ocrx_word' id='word_1_284' title='bbox 1598 2735 1652 2791; x_wconf 85' lang='lat' dir='ltr'><strong>stu-</strong></span> 
     </span>
     <span class='ocr_line' id='line_1_29' title="bbox 315 2818 1654 2903; baseline -0.001 -22"><span class='ocrx_word' id='word_1_285' title='bbox 315 2820 396 2881; x_wconf 87' lang='lat' dir='ltr'><strong>dium</strong></span> <span class='ocrx_word' id='word_1_286' title='bbox 424 2820 546 2903; x_wconf 82' lang='lat' dir='ltr'><strong>posteri</strong></span> <span class='ocrx_word' id='word_1_287' title='bbox 570 2828 600 2882; x_wconf 88' lang='lat' dir='ltr'><strong>et</strong></span> <span class='ocrx_word' id='word_1_288' title='bbox 622 2820 706 2883; x_wconf 91' lang='lat' dir='ltr'><strong>Deus</strong></span> <span class='ocrx_word' id='word_1_289' title='bbox 737 2820 802 2901; x_wconf 88' lang='lat' dir='ltr'><strong>ipse</strong></span> <span class='ocrx_word' id='word_1_290' title='bbox 830 2821 1018 2903; x_wconf 84' lang='lat' dir='ltr'><strong>approbabit.</strong></span> <span class='ocrx_word' id='word_1_291' title='bbox 1065 2822 1156 2885; x_wconf 85' lang='lat' dir='ltr'><strong>Vale.</strong></span> <span class='ocrx_word' id='word_1_292' title='bbox 1200 2823 1301 2885; x_wconf 86' lang='lat' dir='ltr'><strong>Datae</strong></span> <span class='ocrx_word' id='word_1_293' title='bbox 1324 2820 1442 2899; x_wconf 87' lang='lat' dir='ltr'><strong>Pragae</strong></span> <span class='ocrx_word' id='word_1_294' title='bbox 1472 2818 1654 2881; x_wconf 83' lang='lat' dir='ltr'><strong>Bohemomn</strong></span> 
     </span>
     <span class='ocr_line' id='line_1_30' title="bbox 315 2906 820 2973; baseline 0.004 -2"><span class='ocrx_word' id='word_1_295' title='bbox 315 2929 344 2971; x_wconf 88' lang='lat' dir='ltr'><strong>a.</strong></span> <span class='ocrx_word' id='word_1_296' title='bbox 371 2908 583 2973; x_wconf 83' lang='lat' dir='ltr'><strong>d.1v.Non.</strong></span> <span class='ocrx_word' id='word_1_297' title='bbox 609 2910 698 2973; x_wconf 82' lang='lat' dir='ltr'><strong>Febr.</strong></span> <span class='ocrx_word' id='word_1_298' title='bbox 725 2906 820 2973; x_wconf 79' lang='lat'><strong>1606.</strong></span> 
     </span>
    </p>
   </div>
   <div class='ocr_carea' id='block_1_7' title="bbox 316 3045 1730 4331">
    <p class='ocr_par' dir='ltr' id='par_1_7' title="bbox 320 3045 1657 3617">
     <span class='ocr_line' id='line_1_31' title="bbox 409 3045 1655 3119; baseline -0.002 -18"><span class='ocrx_word' id='word_1_299' title='bbox 409 3050 518 3103; x_wconf 83' lang='lat' dir='ltr'><strong>blichael</strong></span> <span class='ocrx_word' id='word_1_300' title='bbox 537 3050 758 3117; x_wconf 54' lang='lat' dir='ltr'><strong>Golguetum</strong></span> <span class='ocrx_word' id='word_1_301' title='bbox 783 3051 865 3119; x_wconf 77' lang='lat' dir='ltr'><strong>Belgil</strong></span> <span class='ocrx_word' id='word_1_302' title='bbox 874 3051 998 3105; x_wconf 80' lang='lat' dir='ltr'><strong>-ordinnm</strong></span> <span class='ocrx_word' id='word_1_303' title='bbox 1021 3052 1212 3105; x_wconf 79' lang='lat' dir='ltr'><strong>mathematicus</strong></span> <span class='ocrx_word' id='word_1_304' title='bbox 1235 3048 1265 3114; x_wconf 86' lang='lat'><strong>(†</strong></span> <span class='ocrx_word' id='word_1_305' title='bbox 1285 3045 1365 3110; x_wconf 78' lang='lat' dir='ltr'><strong>ttae)</strong></span> <span class='ocrx_word' id='word_1_306' title='bbox 1388 3050 1537 3114; x_wconf 72' lang='lat' dir='ltr'><strong>consoeipsit</strong></span> <span class='ocrx_word' id='word_1_307' title='bbox 1552 3047 1655 3114; x_wconf 65' lang='lat' dir='ltr'><strong>qum</strong></span> 
     </span>
     <span class='ocr_line' id='line_1_32' title="bbox 321 3119 1655 3189; baseline -0.003 -14"><span class='ocrx_word' id='word_1_308' title='bbox 321 3123 353 3175; x_wconf 86' lang='lat' dir='ltr'><strong>de</strong></span> <span class='ocrx_word' id='word_1_309' title='bbox 372 3130 425 3175; x_wconf 80' lang='lat' dir='ltr'><strong>arte</strong></span> <span class='ocrx_word' id='word_1_310' title='bbox 444 3124 577 3189; x_wconf 54' lang='lat' dir='ltr'><strong>deviandi</strong></span> <span class='ocrx_word' id='word_1_311' title='bbox 597 3120 689 3187; x_wconf 69' lang='lat' dir='ltr'><strong>(aare.</strong></span> <span class='ocrx_word' id='word_1_312' title='bbox 705 3120 801 3185; x_wconf 64' lang='lat' dir='ltr'><strong>leem</strong></span> <span class='ocrx_word' id='word_1_313' title='bbox 821 3123 911 3175; x_wconf 80' lang='lat' dir='ltr'><strong>deinde</strong></span> <span class='ocrx_word' id='word_1_314' title='bbox 929 3131 1064 3175; x_wconf 66' lang='lat' dir='ltr'><strong>mactem</strong></span> <span class='ocrx_word' id='word_1_315' title='bbox 1081 3125 1113 3175; x_wconf 90' lang='lat' dir='ltr'><strong>ds</strong></span> <span class='ocrx_word' id='word_1_316' title='bbox 1131 3125 1216 3189; x_wconf 77' lang='lat' dir='ltr'><strong>eclipsi</strong></span> <span class='ocrx_word' id='word_1_317' title='bbox 1231 3122 1295 3174; x_wconf 79' lang='lat' dir='ltr'><strong>Solis</strong></span> <span class='ocrx_word' id='word_1_318' title='bbox 1312 3122 1373 3171; x_wconf 64' lang='lat' dir='ltr'><strong>anni</strong></span> <span class='ocrx_word' id='word_1_319' title='bbox 1394 3119 1472 3178; x_wconf 81' lang='grc'>1600,</span> <span class='ocrx_word' id='word_1_320' title='bbox 1490 3136 1541 3186; x_wconf 82' lang='lat' dir='ltr'><strong>quo</strong></span> <span class='ocrx_word' id='word_1_321' title='bbox 1551 3120 1655 3185; x_wconf 70' lang='lat' dir='ltr'><strong>Kepln</strong></span> 
     </span>
     <span class='ocr_line' id='line_1_33' title="bbox 320 3191 1657 3262; baseline -0.005 -15"><span class='ocrx_word' id='word_1_322' title='bbox 320 3200 401 3247; x_wconf 84' lang='lat' dir='ltr'><strong>metus</strong></span> <span class='ocrx_word' id='word_1_323' title='bbox 414 3193 544 3245; x_wconf 83' lang='lat' dir='ltr'><strong>Nicolaum</strong></span> <span class='ocrx_word' id='word_1_324' title='bbox 557 3194 680 3245; x_wconf 73' lang='lat' dir='ltr'><strong>Sororium</strong></span> <span class='ocrx_word' id='word_1_325' title='bbox 699 3191 724 3256; x_wconf 88' lang='lat' dir='ltr'><strong>(e</strong></span> <span class='ocrx_word' id='word_1_326' title='bbox 737 3194 794 3247; x_wconf 83' lang='lat' dir='ltr'><strong>Soc.</strong></span> <span class='ocrx_word' id='word_1_327' title='bbox 807 3194 875 3252; x_wconf 88' lang='lat' dir='ltr'><strong>Jesu.</strong></span> <span class='ocrx_word' id='word_1_328' title='bbox 894 3194 1051 3262; x_wconf 76' lang='lat' dir='ltr'><strong>Mogentiae)</strong></span> <span class='ocrx_word' id='word_1_329' title='bbox 1069 3196 1139 3252; x_wconf 80' lang='lat' dir='ltr'><strong>adiit,</strong></span> <span class='ocrx_word' id='word_1_330' title='bbox 1157 3202 1186 3246; x_wconf 85' lang='lat' dir='ltr'><strong>ut</strong></span> <span class='ocrx_word' id='word_1_331' title='bbox 1203 3196 1330 3245; x_wconf 73' lang='lat' dir='ltr'><strong>cardoeem</strong></span> <span class='ocrx_word' id='word_1_332' title='bbox 1348 3208 1375 3243; x_wconf 85' lang='lat' dir='ltr'><strong>se</strong></span> <span class='ocrx_word' id='word_1_333' title='bbox 1391 3193 1488 3243; x_wconf 82' lang='lat' dir='ltr'><strong>iaceret</strong></span> <span class='ocrx_word' id='word_1_334' title='bbox 1504 3193 1539 3244; x_wconf 84' lang='lat' dir='ltr'><strong>ds</strong></span> <span class='ocrx_word' id='word_1_335' title='bbox 1554 3192 1593 3242; x_wconf 89' lang='lat' dir='ltr'><strong>illo</strong></span> <span class='ocrx_word' id='word_1_336' title='bbox 1608 3192 1657 3240; x_wconf 64' lang='lat' dir='ltr'><strong>virav</strong></span> 
     </span>
     <span class='ocr_line' id='line_1_34' title="bbox 320 3258 1654 3332; baseline -0.004 -15"><span class='ocrx_word' id='word_1_337' title='bbox 320 3269 434 3331; x_wconf 77' lang='lat' dir='ltr'><strong>Accepta</strong></span> <span class='ocrx_word' id='word_1_338' title='bbox 450 3267 607 3330; x_wconf 80' lang='lat' dir='ltr'><strong>responsione</strong></span> <span class='ocrx_word' id='word_1_339' title='bbox 627 3264 776 3327; x_wconf 78' lang='lat' dir='ltr'><strong>(,Dominos</strong></span> <span class='ocrx_word' id='word_1_340' title='bbox 794 3265 835 3317; x_wconf 86' lang='lat' dir='ltr'><strong>ille</strong></span> <span class='ocrx_word' id='word_1_341' title='bbox 853 3266 988 3332; x_wconf 79' lang='lat' dir='ltr'><strong>Goiguems</strong></span> <span class='ocrx_word' id='word_1_342' title='bbox 1011 3268 1080 3319; x_wconf 84' lang='lat' dir='ltr'><strong>albus</strong></span> <span class='ocrx_word' id='word_1_343' title='bbox 1108 3282 1142 3317; x_wconf 84' lang='lat' dir='ltr'><strong>au</strong></span> <span class='ocrx_word' id='word_1_344' title='bbox 1166 3274 1220 3317; x_wconf 83' lang='lat' dir='ltr'><strong>ster</strong></span> <span class='ocrx_word' id='word_1_345' title='bbox 1243 3274 1322 3319; x_wconf 75' lang='lat' dir='ltr'><strong>esset,</strong></span> <span class='ocrx_word' id='word_1_346' title='bbox 1344 3266 1436 3315; x_wconf 83' lang='lat' dir='ltr'><strong>nesciri</strong></span> <span class='ocrx_word' id='word_1_347' title='bbox 1453 3264 1583 3315; x_wconf 79' lang='lat' dir='ltr'><strong>hactenus.</strong></span> <span class='ocrx_word' id='word_1_348' title='bbox 1615 3258 1654 3311; x_wconf 79' lang='lat' dir='ltr'><strong>Sel</strong></span> 
     </span>
     <span class='ocr_line' id='line_1_35' title="bbox 320 3333 1653 3393; baseline -0.002 -7"><span class='ocrx_word' id='word_1_349' title='bbox 320 3338 388 3389; x_wconf 86' lang='lat' dir='ltr'><strong>hisce</strong></span> <span class='ocrx_word' id='word_1_350' title='bbox 407 3338 502 3393; x_wconf 62' lang='lat' dir='ltr'><strong>diebus</strong></span> <span class='ocrx_word' id='word_1_351' title='bbox 521 3352 576 3386; x_wconf 89' lang='lat' dir='ltr'><strong>cum</strong></span> <span class='ocrx_word' id='word_1_352' title='bbox 595 3338 641 3388; x_wconf 87' lang='lat' dir='ltr'><strong>iter</strong></span> <span class='ocrx_word' id='word_1_353' title='bbox 658 3337 706 3388; x_wconf 86' lang='lat' dir='ltr'><strong>huc</strong></span> <span class='ocrx_word' id='word_1_354' title='bbox 725 3338 828 3388; x_wconf 86' lang='lat' dir='ltr'><strong>haberet</strong></span> <span class='ocrx_word' id='word_1_355' title='bbox 845 3337 993 3388; x_wconf 82' lang='lat' dir='ltr'><strong>clarissimus</strong></span> <span class='ocrx_word' id='word_1_356' title='bbox 1011 3345 1038 3391; x_wconf 87' lang='lat' dir='ltr'><strong>et</strong></span> <span class='ocrx_word' id='word_1_357' title='bbox 1055 3354 1163 3387; x_wconf 82' lang='lat' dir='ltr'><strong>summm</strong></span> <span class='ocrx_word' id='word_1_358' title='bbox 1179 3337 1377 3393; x_wconf 85' lang='lat' dir='ltr'><strong>mathematicus,</strong></span> <span class='ocrx_word' id='word_1_359' title='bbox 1395 3334 1429 3384; x_wconf 89' lang='lat' dir='ltr'><strong>D.</strong></span> <span class='ocrx_word' id='word_1_360' title='bbox 1443 3336 1567 3385; x_wconf 75' lang='lat' dir='ltr'><strong>Adrianus</strong></span> <span class='ocrx_word' id='word_1_361' title='bbox 1577 3333 1653 3384; x_wconf 72' lang='lat' dir='ltr'><strong>sons</strong></span> 
     </span>
     <span class='ocr_line' id='line_1_36' title="bbox 321 3406 1653 3475; baseline -0.002 -16"><span class='ocrx_word' id='word_1_362' title='bbox 321 3424 376 3467; x_wconf 84' lang='lat' dir='ltr'><strong>nus.</strong></span> <span class='ocrx_word' id='word_1_363' title='bbox 397 3409 444 3459; x_wconf 90' lang='lat' dir='ltr'><strong>duo</strong></span> <span class='ocrx_word' id='word_1_364' title='bbox 463 3408 521 3457; x_wconf 91' lang='lat' dir='ltr'><strong>mihi</strong></span> <span class='ocrx_word' id='word_1_365' title='bbox 540 3409 715 3475; x_wconf 80' lang='lat' dir='ltr'><strong>significabat:</strong></span> <span class='ocrx_word' id='word_1_366' title='bbox 734 3424 817 3465; x_wconf 88' lang='lat' dir='ltr'><strong>unum.</strong></span> <span class='ocrx_word' id='word_1_367' title='bbox 836 3410 914 3458; x_wconf 85' lang='lat' dir='ltr'><strong>rirum</strong></span> <span class='ocrx_word' id='word_1_368' title='bbox 932 3424 986 3461; x_wconf 86' lang='lat' dir='ltr'><strong>esse</strong></span> <span class='ocrx_word' id='word_1_369' title='bbox 997 3411 1206 3460; x_wconf 70' lang='lat' dir='ltr'><strong>inasaonomieia</strong></span> <span class='ocrx_word' id='word_1_370' title='bbox 1223 3406 1361 3465; x_wconf 85' lang='lat' dir='ltr'><strong>laudatum.</strong></span> <span class='ocrx_word' id='word_1_371' title='bbox 1380 3406 1493 3467; x_wconf 69' lang='lat' dir='ltr'><strong>alueum,</strong></span> <span class='ocrx_word' id='word_1_372' title='bbox 1512 3409 1588 3457; x_wconf 80' lang='lat' dir='ltr'><strong>virum</strong></span> <span class='ocrx_word' id='word_1_373' title='bbox 1604 3418 1653 3462; x_wconf 77' lang='grc'>1111,</span> 
     </span>
     <span class='ocr_line' id='line_1_37' title="bbox 321 3474 1655 3545; baseline -0.005 -14"><span class='ocrx_word' id='word_1_374' title='bbox 321 3495 393 3545; x_wconf 85' lang='lat' dir='ltr'><strong>quem</strong></span> <span class='ocrx_word' id='word_1_375' title='bbox 413 3478 462 3530; x_wconf 76' lang='lat' dir='ltr'><strong>elio</strong></span> <span class='ocrx_word' id='word_1_376' title='bbox 484 3480 615 3544; x_wconf 83' lang='lat' dir='ltr'><strong>aliqnando</strong></span> <span class='ocrx_word' id='word_1_377' title='bbox 638 3480 761 3543; x_wconf 83' lang='lat' dir='ltr'><strong>abripiant</strong></span> <span class='ocrx_word' id='word_1_378' title='bbox 782 3478 871 3541; x_wconf 81' lang='lat' dir='ltr'><strong>alia“)</strong></span> <span class='ocrx_word' id='word_1_379' title='bbox 890 3481 973 3531; x_wconf 84' lang='lat' dir='ltr'><strong>literae</strong></span> <span class='ocrx_word' id='word_1_380' title='bbox 995 3482 1062 3532; x_wconf 86' lang='lat' dir='ltr'><strong>dedit</strong></span> <span class='ocrx_word' id='word_1_381' title='bbox 1081 3480 1204 3545; x_wconf 85' lang='lat' dir='ltr'><strong>Koplerus</strong></span> <span class='ocrx_word' id='word_1_382' title='bbox 1216 3480 1336 3545; x_wconf 82' lang='lat' dir='ltr'><strong>Coigueto</strong></span> <span class='ocrx_word' id='word_1_383' title='bbox 1353 3492 1475 3544; x_wconf 84' lang='lat' dir='ltr'><strong>quaerens</strong></span> <span class='ocrx_word' id='word_1_384' title='bbox 1493 3480 1564 3529; x_wconf 77' lang='lat' dir='ltr'><strong>nris</strong></span> <span class='ocrx_word' id='word_1_385' title='bbox 1580 3478 1607 3528; x_wconf 87' lang='lat' dir='ltr'><strong>de</strong></span> <span class='ocrx_word' id='word_1_386' title='bbox 1621 3474 1655 3524; x_wconf 83' lang='lat' dir='ltr'><strong>illa</strong></span> 
     </span>
     <span class='ocr_line' id='line_1_38' title="bbox 320 3550 948 3617; baseline -0.003 -14"><span class='ocrx_word' id='word_1_387' title='bbox 320 3551 407 3617; x_wconf 84' lang='lat' dir='ltr'><strong>eclipsi</strong></span> <span class='ocrx_word' id='word_1_388' title='bbox 425 3550 489 3601; x_wconf 82' lang='lat' dir='ltr'><strong>Solis</strong></span> <span class='ocrx_word' id='word_1_389' title='bbox 507 3550 604 3617; x_wconf 72' lang='lat' dir='ltr'><strong>eliaqm</strong></span> <span class='ocrx_word' id='word_1_390' title='bbox 623 3552 794 3602; x_wconf 72' lang='lat' dir='ltr'><strong>ubcuomiea</strong></span> <span class='ocrx_word' id='word_1_391' title='bbox 946 3607 948 3610; x_wconf 57' lang='grc'><strong>,</strong></span> 
     </span>
    </p>

    <p class='ocr_par' dir='ltr' id='par_1_8' title="bbox 318 3617 1655 3760">
     <span class='ocr_line' id='line_1_39' title="bbox 409 3617 1655 3685; baseline -0.006 -11"><span class='ocrx_word' id='word_1_392' title='bbox 409 3620 561 3674; x_wconf 83' lang='lat' dir='ltr'><strong>Scheibslius</strong></span> <span class='ocrx_word' id='word_1_393' title='bbox 580 3618 656 3681; x_wconf 70' lang='lat' dir='ltr'><strong>[stul.</strong></span> <span class='ocrx_word' id='word_1_394' title='bbox 676 3637 719 3673; x_wconf 85' lang='lat' dir='ltr'><strong>aur</strong></span> <span class='ocrx_word' id='word_1_395' title='bbox 735 3622 816 3673; x_wconf 81' lang='lat' dir='ltr'><strong>lieth.</strong></span> <span class='ocrx_word' id='word_1_396' title='bbox 835 3621 1075 3685; x_wconf 77' lang='lat' dir='ltr'><strong>Bilcherkennhrisr)</strong></span> <span class='ocrx_word' id='word_1_397' title='bbox 1093 3624 1125 3674; x_wconf 84' lang='lat' dir='ltr'><strong>ad</strong></span> <span class='ocrx_word' id='word_1_398' title='bbox 1144 3637 1237 3673; x_wconf 78' lang='lat' dir='ltr'><strong>anum</strong></span> <span class='ocrx_word' id='word_1_399' title='bbox 1259 3617 1334 3670; x_wconf 84' lang='grc'>1006.</span> <span class='ocrx_word' id='word_1_400' title='bbox 1357 3621 1444 3671; x_wconf 78' lang='lat' dir='ltr'><strong>librum</strong></span> <span class='ocrx_word' id='word_1_401' title='bbox 1466 3621 1498 3673; x_wconf 90' lang='lat' dir='ltr'><strong>de</strong></span> <span class='ocrx_word' id='word_1_402' title='bbox 1516 3620 1655 3671; x_wconf 72' lang='lat' dir='ltr'><strong>stelionem</strong></span> 
     </span>
     <span class='ocr_line' id='line_1_40' title="bbox 318 3691 1627 3760; baseline 0 -19"><span class='ocrx_word' id='word_1_403' title='bbox 318 3694 392 3745; x_wconf 76' lang='lat' dir='ltr'><strong>verbo</strong></span> <span class='ocrx_word' id='word_1_404' title='bbox 412 3696 502 3760; x_wconf 83' lang='lat' dir='ltr'><strong>tangit.</strong></span> <span class='ocrx_word' id='word_1_405' title='bbox 522 3692 715 3745; x_wconf 79' lang='lat' dir='ltr'><strong>Claramontinm</strong></span> <span class='ocrx_word' id='word_1_406' title='bbox 733 3701 841 3751; x_wconf 85' lang='lat' dir='ltr'><strong>secutus.</strong></span> <span class='ocrx_word' id='word_1_407' title='bbox 861 3701 962 3745; x_wconf 86' lang='lat' dir='ltr'><strong>auctore</strong></span> <span class='ocrx_word' id='word_1_408' title='bbox 979 3694 1103 3747; x_wconf 80' lang='lat' dir='ltr'><strong>Michaele</strong></span> <span class='ocrx_word' id='word_1_409' title='bbox 1123 3693 1280 3760; x_wconf 72' lang='lat' dir='ltr'><strong>,dcgnato“‚</strong></span> <span class='ocrx_word' id='word_1_410' title='bbox 1299 3693 1384 3745; x_wconf 82' lang='lat' dir='ltr'><strong>dicens</strong></span> <span class='ocrx_word' id='word_1_411' title='bbox 1402 3693 1465 3742; x_wconf 81' lang='lat' dir='ltr'><strong>torte</strong></span> <span class='ocrx_word' id='word_1_412' title='bbox 1481 3691 1627 3758; x_wconf 70' lang='lat' dir='ltr'><strong>Goignem</strong></span> 
     </span>
    </p>

    <p class='ocr_par' dir='ltr' id='par_1_9' title="bbox 319 3758 1730 4181">
     <span class='ocr_line' id='line_1_41' title="bbox 406 3758 1653 3831; baseline -0.003 -14"><span class='ocrx_word' id='word_1_413' title='bbox 406 3764 509 3817; x_wconf 81' lang='lat' dir='ltr'><strong>Praeter</strong></span> <span class='ocrx_word' id='word_1_414' title='bbox 526 3764 589 3815; x_wconf 89' lang='lat' dir='ltr'><strong>baec</strong></span> <span class='ocrx_word' id='word_1_415' title='bbox 606 3765 640 3815; x_wconf 85' lang='lat' dir='ltr'><strong>nil</strong></span> <span class='ocrx_word' id='word_1_416' title='bbox 659 3766 728 3815; x_wconf 89' lang='lat' dir='ltr'><strong>nobis</strong></span> <span class='ocrx_word' id='word_1_417' title='bbox 748 3764 778 3816; x_wconf 88' lang='lat' dir='ltr'><strong>dc</strong></span> <span class='ocrx_word' id='word_1_418' title='bbox 797 3766 917 3831; x_wconf 75' lang='lat' dir='ltr'><strong>Goigneto</strong></span> <span class='ocrx_word' id='word_1_419' title='bbox 940 3767 1062 3825; x_wconf 84' lang='lat' dir='ltr'><strong>innotuit,</strong></span> <span class='ocrx_word' id='word_1_420' title='bbox 1089 3767 1169 3817; x_wconf 87' lang='lat' dir='ltr'><strong>donec</strong></span> <span class='ocrx_word' id='word_1_421' title='bbox 1189 3767 1300 3829; x_wconf 85' lang='lat' dir='ltr'><strong>iuspecto</strong></span> <span class='ocrx_word' id='word_1_422' title='bbox 1324 3764 1371 3814; x_wconf 82' lang='lat' dir='ltr'><strong>rol.</strong></span> <span class='ocrx_word' id='word_1_423' title='bbox 1394 3777 1518 3814; x_wconf 75' lang='lat' dir='ltr'><strong>musar.</strong></span> <span class='ocrx_word' id='word_1_424' title='bbox 1537 3758 1653 3826; x_wconf 62' lang='lat' dir='ltr'><strong>resedi</strong></span> 
     </span>
     <span class='ocr_line' id='line_1_42' title="bbox 320 3834 1653 3903; baseline -0.003 -15"><span class='ocrx_word' id='word_1_425' title='bbox 320 3841 380 3888; x_wconf 87' lang='lat' dir='ltr'><strong>tano</strong></span> <span class='ocrx_word' id='word_1_426' title='bbox 398 3836 602 3901; x_wconf 82' lang='lat' dir='ltr'><strong>deprehendimus</strong></span> <span class='ocrx_word' id='word_1_427' title='bbox 619 3836 685 3888; x_wconf 90' lang='lat' dir='ltr'><strong>inter</strong></span> <span class='ocrx_word' id='word_1_428' title='bbox 702 3850 751 3895; x_wconf 83' lang='lat' dir='ltr'><strong>ea,</strong></span> <span class='ocrx_word' id='word_1_429' title='bbox 771 3850 835 3903; x_wconf 81' lang='lat' dir='ltr'><strong>quae</strong></span> <span class='ocrx_word' id='word_1_430' title='bbox 852 3836 976 3901; x_wconf 78' lang='lat' dir='ltr'><strong>Keplem</strong></span> <span class='ocrx_word' id='word_1_431' title='bbox 993 3837 1093 3903; x_wconf 73' lang='lat' dir='ltr'><strong>collegit</strong></span> <span class='ocrx_word' id='word_1_432' title='bbox 1111 3838 1144 3889; x_wconf 83' lang='lat' dir='ltr'><strong>ed</strong></span> <span class='ocrx_word' id='word_1_433' title='bbox 1163 3836 1381 3892; x_wconf 77' lang='lat' dir='ltr'><strong>stereometriam.</strong></span> <span class='ocrx_word' id='word_1_434' title='bbox 1406 3834 1458 3894; x_wconf 74' lang='lat' dir='ltr'><strong>„lt</strong></span> <span class='ocrx_word' id='word_1_435' title='bbox 1479 3834 1592 3900; x_wconf 76' lang='lat' dir='ltr'><strong>Goigueti</strong></span> <span class='ocrx_word' id='word_1_436' title='bbox 1606 3844 1653 3897; x_wconf 74' lang='lat' dir='ltr'><strong>opu</strong></span> 
     </span>
     <span class='ocr_line' id='line_1_43' title="bbox 319 3902 1654 3974; baseline -0.002 -17"><span class='ocrx_word' id='word_1_437' title='bbox 319 3909 439 3973; x_wconf 72' lang='lat' dir='ltr'><strong>gallicum</strong></span> <span class='ocrx_word' id='word_1_438' title='bbox 457 3908 487 3959; x_wconf 88' lang='lat' dir='ltr'><strong>de</strong></span> <span class='ocrx_word' id='word_1_439' title='bbox 505 3922 552 3958; x_wconf 82' lang='lat' dir='ltr'><strong>usn</strong></span> <span class='ocrx_word' id='word_1_440' title='bbox 573 3906 605 3957; x_wconf 88' lang='grc'><strong>12</strong></span> <span class='ocrx_word' id='word_1_441' title='bbox 625 3907 768 3959; x_wconf 77' lang='lat' dir='ltr'><strong>divisionum</strong></span> <span class='ocrx_word' id='word_1_442' title='bbox 779 3910 803 3967; x_wconf 84' lang='lat'><strong>‚“</strong></span> <span class='ocrx_word' id='word_1_443' title='bbox 825 3908 891 3974; x_wconf 86' lang='lat' dir='ltr'><strong>qnod</strong></span> <span class='ocrx_word' id='word_1_444' title='bbox 910 3910 948 3959; x_wconf 86' lang='lat' dir='ltr'><strong>ait</strong></span> <span class='ocrx_word' id='word_1_445' title='bbox 970 3909 1049 3961; x_wconf 83' lang='lat' dir='ltr'><strong>multe</strong></span> <span class='ocrx_word' id='word_1_446' title='bbox 1065 3908 1158 3959; x_wconf 75' lang='lat' dir='ltr'><strong>habers</strong></span> <span class='ocrx_word' id='word_1_447' title='bbox 1176 3909 1209 3959; x_wconf 83' lang='lat' dir='ltr'><strong>ad</strong></span> <span class='ocrx_word' id='word_1_448' title='bbox 1234 3922 1306 3959; x_wconf 77' lang='lat' dir='ltr'><strong>mum</strong></span> <span class='ocrx_word' id='word_1_449' title='bbox 1322 3922 1423 3971; x_wconf 83' lang='lat' dir='ltr'><strong>scopum</strong></span> <span class='ocrx_word' id='word_1_450' title='bbox 1446 3902 1602 3970; x_wconf 81' lang='lat' dir='ltr'><strong>pertinentis.</strong></span> <span class='ocrx_word' id='word_1_451' title='bbox 1630 3902 1654 3953; x_wconf 82' lang='lat'><strong>1·</strong></span> 
     </span>
     <span class='ocr_line' id='line_1_44' title="bbox 319 3976 1653 4045; baseline -0.003 -14"><span class='ocrx_word' id='word_1_452' title='bbox 319 3978 508 4031; x_wconf 83' lang='lat' dir='ltr'><strong>Stersomstriae</strong></span> <span class='ocrx_word' id='word_1_453' title='bbox 536 3978 645 4031; x_wconf 88' lang='lat' dir='ltr'><strong>editione</strong></span> <span class='ocrx_word' id='word_1_454' title='bbox 673 3981 822 4031; x_wconf 77' lang='lat' dir='ltr'><strong>Germanica</strong></span> <span class='ocrx_word' id='word_1_455' title='bbox 839 3978 883 4042; x_wconf 87' lang='lat' dir='ltr'><strong>(N.</strong></span> <span class='ocrx_word' id='word_1_456' title='bbox 904 3977 951 4043; x_wconf 85' lang='grc'><strong>00)</strong></span> <span class='ocrx_word' id='word_1_457' title='bbox 975 3980 1097 4045; x_wconf 84' lang='lat' dir='ltr'><strong>Keplerus</strong></span> <span class='ocrx_word' id='word_1_458' title='bbox 1124 3980 1184 4030; x_wconf 86' lang='lat' dir='ltr'><strong>dicit</strong></span> <span class='ocrx_word' id='word_1_459' title='bbox 1212 3979 1376 4045; x_wconf 80' lang='lat' dir='ltr'><strong>coignetum:</strong></span> <span class='ocrx_word' id='word_1_460' title='bbox 1410 3978 1509 4037; x_wconf 72' lang='lat' dir='ltr'><strong>„Fatale</strong></span> <span class='ocrx_word' id='word_1_461' title='bbox 1529 3976 1653 4028; x_wconf 74' lang='grc'>111111111-</span> 
     </span>
     <span class='ocr_line' id='line_1_45' title="bbox 319 4049 1654 4117; baseline 0 -17"><span class='ocrx_word' id='word_1_462' title='bbox 319 4052 396 4102; x_wconf 85' lang='lat' dir='ltr'><strong>ticum</strong></span> <span class='ocrx_word' id='word_1_463' title='bbox 415 4067 446 4101; x_wconf 80' lang='lat' dir='ltr'><strong>su</strong></span> <span class='ocrx_word' id='word_1_464' title='bbox 464 4050 599 4111; x_wconf 81' lang='lat' dir='ltr'><strong>Briiseel,“</strong></span> <span class='ocrx_word' id='word_1_465' title='bbox 623 4051 741 4117; x_wconf 76' lang='lat' dir='ltr'><strong>ablegatus</strong></span> <span class='ocrx_word' id='word_1_466' title='bbox 760 4052 864 4102; x_wconf 84' lang='lat' dir='ltr'><strong>lectores</strong></span> <span class='ocrx_word' id='word_1_467' title='bbox 883 4052 916 4102; x_wconf 86' lang='lat' dir='ltr'><strong>ad</strong></span> <span class='ocrx_word' id='word_1_468' title='bbox 934 4052 1044 4115; x_wconf 78' lang='lat' dir='ltr'><strong>ejusdem</strong></span> <span class='ocrx_word' id='word_1_469' title='bbox 1064 4051 1245 4111; x_wconf 68' lang='lat' dir='ltr'><strong>,mathatha</strong></span> <span class='ocrx_word' id='word_1_470' title='bbox 1263 4050 1412 4102; x_wconf 81' lang='lat' dir='ltr'><strong>instruction</strong></span> <span class='ocrx_word' id='word_1_471' title='bbox 1430 4049 1492 4099; x_wconf 85' lang='lat' dir='ltr'><strong>iiber</strong></span> <span class='ocrx_word' id='word_1_472' title='bbox 1510 4050 1550 4100; x_wconf 91' lang='lat' dir='ltr'><strong>die</strong></span> <span class='ocrx_word' id='word_1_473' title='bbox 1567 4049 1654 4111; x_wconf 77' lang='lat' dir='ltr'><strong>Proper</strong></span> 
     </span>
     <span class='ocr_line' id='line_1_46' title="bbox 320 4120 1730 4181; baseline 0.002 -10"><span class='ocrx_word' id='word_1_474' title='bbox 320 4122 398 4173; x_wconf 75' lang='lat' dir='ltr'><strong>honal</strong></span> <span class='ocrx_word' id='word_1_475' title='bbox 417 4121 539 4181; x_wconf 75' lang='lat' dir='ltr'><strong>(ilrcheln,</strong></span> <span class='ocrx_word' id='word_1_476' title='bbox 558 4120 598 4172; x_wconf 90' lang='lat' dir='ltr'><strong>die</strong></span> <span class='ocrx_word' id='word_1_477' title='bbox 616 4124 725 4172; x_wconf 81' lang='lat' dir='ltr'><strong>mirum</strong></span> <span class='ocrx_word' id='word_1_478' title='bbox 743 4122 878 4173; x_wconf 81' lang='lat' dir='ltr'><strong>sohril’tlieh</strong></span> <span class='ocrx_word' id='word_1_479' title='bbox 896 4138 928 4173; x_wconf 80' lang='lat' dir='ltr'><strong>zu</strong></span> <span class='ocrx_word' id='word_1_480' title='bbox 945 4123 1021 4174; x_wconf 86' lang='lat' dir='ltr'><strong>seben</strong></span> <span class='ocrx_word' id='word_1_481' title='bbox 1039 4122 1164 4174; x_wconf 67' lang='lat' dir='ltr'><strong>&#39;ondam‘</strong></span> <span class='ocrx_word' id='word_1_482' title='bbox 1729 4137 1730 4142; x_wconf 54' lang='lat'>¹</span> 
     </span>
    </p>

    <p class='ocr_par' dir='ltr' id='par_1_10' title="bbox 316 4188 1652 4331">
     <span class='ocr_line' id='line_1_47' title="bbox 407 4188 1651 4259; baseline 0.002 -18"><span class='ocrx_word' id='word_1_483' title='bbox 407 4192 522 4259; x_wconf 72' lang='lat' dir='ltr'><strong>Goigneti</strong></span> <span class='ocrx_word' id='word_1_484' title='bbox 541 4193 678 4244; x_wconf 81' lang='lat' dir='ltr'><strong>observatio</strong></span> <span class='ocrx_word' id='word_1_485' title='bbox 697 4195 742 4244; x_wconf 88' lang='lat' dir='ltr'><strong>ecl.</strong></span> <span class='ocrx_word' id='word_1_486' title='bbox 765 4188 831 4243; x_wconf 82' lang='grc'>1605</span> <span class='ocrx_word' id='word_1_487' title='bbox 850 4194 923 4243; x_wconf 82' lang='lat' dir='ltr'><strong>valde</strong></span> <span class='ocrx_word' id='word_1_488' title='bbox 940 4195 1048 4245; x_wconf 74' lang='lat' dir='ltr'><strong>turbarit</strong></span> <span class='ocrx_word' id='word_1_489' title='bbox 1065 4196 1213 4259; x_wconf 75' lang='lat' dir='ltr'><strong>Raptorem,</strong></span> <span class='ocrx_word' id='word_1_490' title='bbox 1235 4206 1293 4243; x_wconf 87' lang='lat' dir='ltr'><strong>cum</strong></span> <span class='ocrx_word' id='word_1_491' title='bbox 1310 4207 1367 4243; x_wconf 84' lang='lat' dir='ltr'><strong>eam</strong></span> <span class='ocrx_word' id='word_1_492' title='bbox 1384 4206 1445 4241; x_wconf 81' lang='lat' dir='ltr'><strong>snae</strong></span> <span class='ocrx_word' id='word_1_493' title='bbox 1462 4193 1538 4258; x_wconf 83' lang='lat' dir='ltr'><strong>ipsius</strong></span> <span class='ocrx_word' id='word_1_494' title='bbox 1555 4189 1651 4243; x_wconf 65' lang='lat' dir='ltr'><strong>eam</strong></span> 
     </span>
     <span class='ocr_line' id='line_1_48' title="bbox 316 4259 1652 4331; baseline -0.003 -14"><span class='ocrx_word' id='word_1_495' title='bbox 316 4265 378 4317; x_wconf 81' lang='lat' dir='ltr'><strong>tioui</strong></span> <span class='ocrx_word' id='word_1_496' title='bbox 397 4278 447 4314; x_wconf 86' lang='lat' dir='ltr'><strong>uon</strong></span> <span class='ocrx_word' id='word_1_497' title='bbox 465 4278 599 4330; x_wconf 82' lang='lat' dir='ltr'><strong>congruam</strong></span> <span class='ocrx_word' id='word_1_498' title='bbox 616 4266 739 4316; x_wconf 75' lang='lat' dir='ltr'><strong>inveniret</strong></span> <span class='ocrx_word' id='word_1_499' title='bbox 756 4264 847 4331; x_wconf 84' lang='lat' dir='ltr'><strong>(comp.</strong></span> <span class='ocrx_word' id='word_1_500' title='bbox 866 4264 906 4323; x_wconf 86' lang='lat'><strong>11.</strong></span> <span class='ocrx_word' id='word_1_501' title='bbox 926 4263 991 4327; x_wconf 88' lang='grc'>126)</span> <span class='ocrx_word' id='word_1_502' title='bbox 1017 4268 1055 4317; x_wconf 79' lang='lat' dir='ltr'><strong>lta</strong></span> <span class='ocrx_word' id='word_1_503' title='bbox 1079 4272 1108 4317; x_wconf 90' lang='lat' dir='ltr'><strong>nt</strong></span> <span class='ocrx_word' id='word_1_504' title='bbox 1129 4266 1202 4316; x_wconf 70' lang='lat' dir='ltr'><strong>linc</strong></span> <span class='ocrx_word' id='word_1_505' title='bbox 1221 4264 1334 4315; x_wconf 83' lang='lat' dir='ltr'><strong>Blancho</strong></span> <span class='ocrx_word' id='word_1_506' title='bbox 1353 4259 1448 4327; x_wconf 86' lang='grc'>(1016)</span> <span class='ocrx_word' id='word_1_507' title='bbox 1468 4264 1534 4314; x_wconf 81' lang='lat' dir='ltr'><strong>haec</strong></span> <span class='ocrx_word' id='word_1_508' title='bbox 1558 4262 1652 4313; x_wconf 84' lang='lat' dir='ltr'><strong>dederit:</strong></span> 
     </span>
    </p>
   </div>
   <div class='ocr_carea' id='block_1_8' title="bbox 234 4332 1653 5046">
    <p class='ocr_par' dir='ltr' id='par_1_11' title="bbox 234 4332 1653 5046">
     <span class='ocr_line' id='line_1_49' title="bbox 315 4332 1652 4418; baseline -0.004 -19"><span class='ocrx_word' id='word_1_509' title='bbox 315 4335 447 4415; x_wconf 84' lang='lat' dir='ltr'><strong>Eclipsis</strong></span> <span class='ocrx_word' id='word_1_510' title='bbox 464 4356 491 4398; x_wconf 86' lang='lat' dir='ltr'><strong>a.</strong></span> <span class='ocrx_word' id='word_1_511' title='bbox 513 4332 595 4401; x_wconf 88' lang='grc'>1605</span> <span class='ocrx_word' id='word_1_512' title='bbox 612 4336 840 4399; x_wconf 87' lang='lat' dir='ltr'><strong>observationes</strong></span> <span class='ocrx_word' id='word_1_513' title='bbox 856 4358 876 4398; x_wconf 91' lang='lat' dir='ltr'><strong>a</strong></span> <span class='ocrx_word' id='word_1_514' title='bbox 890 4339 987 4399; x_wconf 90' lang='lat' dir='ltr'><strong>tribus</strong></span> <span class='ocrx_word' id='word_1_515' title='bbox 1003 4337 1274 4418; x_wconf 83' lang='lat' dir='ltr'><strong>praestantissimis</strong></span> <span class='ocrx_word' id='word_1_516' title='bbox 1293 4336 1526 4410; x_wconf 83' lang='lat' dir='ltr'><strong>mathematicis,</strong></span> <span class='ocrx_word' id='word_1_517' title='bbox 1543 4333 1652 4397; x_wconf 84' lang='lat' dir='ltr'><strong>Ericio</strong></span> 
     </span>
     <span class='ocr_line' id='line_1_50' title="bbox 234 4424 1652 4508; baseline -0.002 -20"><span class='ocrx_word' id='word_1_518' title='bbox 234 4466 241 4481; x_wconf 77' lang='grc'><strong>-</strong></span> <span class='ocrx_word' id='word_1_519' title='bbox 316 4424 466 4508; x_wconf 85' lang='lat' dir='ltr'><strong>Tychonis</strong></span> <span class='ocrx_word' id='word_1_520' title='bbox 490 4424 637 4505; x_wconf 89' lang='lat' dir='ltr'><strong>discipulo</strong></span> <span class='ocrx_word' id='word_1_521' title='bbox 661 4424 799 4501; x_wconf 90' lang='lat' dir='ltr'><strong>Londini,</strong></span> <span class='ocrx_word' id='word_1_522' title='bbox 825 4425 1007 4506; x_wconf 79' lang='lat' dir='ltr'><strong>Ooigueto</strong></span> <span class='ocrx_word' id='word_1_523' title='bbox 1030 4435 1062 4489; x_wconf 92' lang='lat' dir='ltr'><strong>et</strong></span> <span class='ocrx_word' id='word_1_524' title='bbox 1083 4426 1271 4501; x_wconf 84' lang='lat' dir='ltr'><strong>Fabricio,</strong></span> <span class='ocrx_word' id='word_1_525' title='bbox 1296 4444 1393 4487; x_wconf 90' lang='lat' dir='ltr'><strong>meam</strong></span> <span class='ocrx_word' id='word_1_526' title='bbox 1416 4424 1652 4495; x_wconf 82' lang='lat' dir='ltr'><strong>observationem,</strong></span> 
     </span>
     <span class='ocr_line' id='line_1_51' title="bbox 315 4513 1653 4595; baseline -0.006 -17"><span class='ocrx_word' id='word_1_527' title='bbox 315 4516 433 4595; x_wconf 86' lang='lat' dir='ltr'><strong>Pragae</strong></span> <span class='ocrx_word' id='word_1_528' title='bbox 456 4515 485 4575; x_wconf 92' lang='lat' dir='ltr'><strong>in</strong></span> <span class='ocrx_word' id='word_1_529' title='bbox 510 4513 652 4577; x_wconf 86' lang='lat' dir='ltr'><strong>viridario</strong></span> <span class='ocrx_word' id='word_1_530' title='bbox 677 4513 821 4578; x_wconf 84' lang='lat' dir='ltr'><strong>Caesaris</strong></span> <span class='ocrx_word' id='word_1_531' title='bbox 852 4515 931 4577; x_wconf 91' lang='lat' dir='ltr'><strong>iuter</strong></span> <span class='ocrx_word' id='word_1_532' title='bbox 959 4517 1064 4579; x_wconf 86' lang='lat' dir='ltr'><strong>turbas</strong></span> <span class='ocrx_word' id='word_1_533' title='bbox 1095 4515 1260 4577; x_wconf 88' lang='lat' dir='ltr'><strong>aulicorum</strong></span> <span class='ocrx_word' id='word_1_534' title='bbox 1290 4513 1444 4589; x_wconf 87' lang='lat' dir='ltr'><strong>habitam,</strong></span> <span class='ocrx_word' id='word_1_535' title='bbox 1476 4516 1584 4577; x_wconf 80' lang='lat' dir='ltr'><strong>emeris</strong></span> <span class='ocrx_word' id='word_1_536' title='bbox 1610 4517 1653 4573; x_wconf 84' lang='lat' dir='ltr'><strong>aut</strong></span> 
     </span>
     <span class='ocr_line' id='line_1_52' title="bbox 315 4599 1651 4686; baseline -0.002 -21"><span class='ocrx_word' id='word_1_537' title='bbox 315 4603 504 4666; x_wconf 88' lang='lat' dir='ltr'><strong>hortulanum</strong></span> <span class='ocrx_word' id='word_1_538' title='bbox 527 4604 623 4665; x_wconf 89' lang='lat' dir='ltr'><strong>malae</strong></span> <span class='ocrx_word' id='word_1_539' title='bbox 646 4604 714 4667; x_wconf 87' lang='lat' dir='ltr'><strong>fidei</strong></span> <span class='ocrx_word' id='word_1_540' title='bbox 738 4612 876 4684; x_wconf 79' lang='lat' dir='ltr'><strong>arguunt,</strong></span> <span class='ocrx_word' id='word_1_541' title='bbox 906 4605 1037 4686; x_wconf 92' lang='lat' dir='ltr'><strong>quinon</strong></span> <span class='ocrx_word' id='word_1_542' title='bbox 1061 4606 1221 4685; x_wconf 85' lang='lat' dir='ltr'><strong>diligenter</strong></span> <span class='ocrx_word' id='word_1_543' title='bbox 1243 4605 1375 4665; x_wconf 83' lang='lat' dir='ltr'><strong>arcuerit</strong></span> <span class='ocrx_word' id='word_1_544' title='bbox 1399 4602 1438 4665; x_wconf 89' lang='lat' dir='ltr'><strong>ab</strong></span> <span class='ocrx_word' id='word_1_545' title='bbox 1459 4599 1651 4665; x_wconf 84' lang='lat' dir='ltr'><strong>instrumentis</strong></span> 
     </span>
     <span class='ocr_line' id='line_1_53' title="bbox 315 4688 1651 4775; baseline 0 -21"><span class='ocrx_word' id='word_1_546' title='bbox 315 4692 497 4755; x_wconf 86' lang='lat' dir='ltr'><strong>turbatores.</strong></span> <span class='ocrx_word' id='word_1_547' title='bbox 543 4691 621 4755; x_wconf 91' lang='lat' dir='ltr'><strong>Nam</strong></span> <span class='ocrx_word' id='word_1_548' title='bbox 644 4694 761 4757; x_wconf 90' lang='lat' dir='ltr'><strong>initium</strong></span> <span class='ocrx_word' id='word_1_549' title='bbox 784 4694 814 4755; x_wconf 92' lang='lat' dir='ltr'><strong>in</strong></span> <span class='ocrx_word' id='word_1_550' title='bbox 840 4694 1020 4774; x_wconf 82' lang='lat' dir='ltr'><strong>„Epistola“</strong></span> <span class='ocrx_word' id='word_1_551' title='bbox 1046 4694 1194 4774; x_wconf 88' lang='lat' dir='ltr'><strong>adscripsi</strong></span> <span class='ocrx_word' id='word_1_552' title='bbox 1217 4694 1247 4756; x_wconf 93' lang='lat' dir='ltr'><strong>h.</strong></span> <span class='ocrx_word' id='word_1_553' title='bbox 1276 4693 1303 4756; x_wconf 88' lang='lat'><strong>1.</strong></span> <span class='ocrx_word' id='word_1_554' title='bbox 1328 4688 1361 4755; x_wconf 78' lang='grc' dir='ltr'><strong>θ’</strong></span> <span class='ocrx_word' id='word_1_555' title='bbox 1383 4710 1412 4772; x_wconf 94' lang='lat' dir='ltr'><strong>p.</strong></span> <span class='ocrx_word' id='word_1_556' title='bbox 1437 4711 1488 4768; x_wconf 88' lang='lat' dir='ltr'><strong>m.,</strong></span> <span class='ocrx_word' id='word_1_557' title='bbox 1514 4693 1589 4775; x_wconf 84' lang='lat' dir='ltr'><strong>quod</strong></span> <span class='ocrx_word' id='word_1_558' title='bbox 1607 4706 1651 4770; x_wconf 85' lang='lat' dir='ltr'><strong>per</strong></span> 
     </span>
     <span class='ocr_line' id='line_1_54' title="bbox 314 4781 1588 4861; baseline -0.001 -17"><span class='ocrx_word' id='word_1_559' title='bbox 314 4782 376 4845; x_wconf 87' lang='lat' dir='ltr'><strong>tria</strong></span> <span class='ocrx_word' id='word_1_560' title='bbox 399 4782 545 4844; x_wconf 87' lang='lat' dir='ltr'><strong>dictorum</strong></span> <span class='ocrx_word' id='word_1_561' title='bbox 569 4781 701 4845; x_wconf 90' lang='lat' dir='ltr'><strong>locorum</strong></span> <span class='ocrx_word' id='word_1_562' title='bbox 725 4784 888 4845; x_wconf 86' lang='lat' dir='ltr'><strong>observata</strong></span> <span class='ocrx_word' id='word_1_563' title='bbox 910 4782 989 4845; x_wconf 88' lang='lat' dir='ltr'><strong>iuter</strong></span> <span class='ocrx_word' id='word_1_564' title='bbox 1012 4804 1045 4846; x_wconf 92' lang='lat' dir='ltr'><strong>se</strong></span> <span class='ocrx_word' id='word_1_565' title='bbox 1068 4782 1289 4847; x_wconf 87' lang='lat' dir='ltr'><strong>consentientia</strong></span> <span class='ocrx_word' id='word_1_566' title='bbox 1312 4781 1377 4843; x_wconf 86' lang='lat' dir='ltr'><strong>lieri</strong></span> <span class='ocrx_word' id='word_1_567' title='bbox 1399 4800 1458 4842; x_wconf 93' lang='lat' dir='ltr'><strong>nou</strong></span> <span class='ocrx_word' id='word_1_568' title='bbox 1482 4789 1588 4861; x_wconf 81' lang='lat' dir='ltr'><strong>potest</strong></span> 
     </span>
     <span class='ocr_line' id='line_1_55' title="bbox 401 4867 1651 4951; baseline -0.002 -22"><span class='ocrx_word' id='word_1_569' title='bbox 401 4879 485 4944; x_wconf 83' lang='lat' dir='ltr'><strong>Ipsam</strong></span> <span class='ocrx_word' id='word_1_570' title='bbox 503 4879 650 4947; x_wconf 79' lang='lat' dir='ltr'><strong>Goignetum</strong></span> <span class='ocrx_word' id='word_1_571' title='bbox 673 4880 711 4931; x_wconf 84' lang='lat' dir='ltr'><strong>his</strong></span> <span class='ocrx_word' id='word_1_572' title='bbox 735 4882 797 4932; x_wconf 86' lang='lat' dir='ltr'><strong>adlit</strong></span> <span class='ocrx_word' id='word_1_573' title='bbox 813 4880 937 4945; x_wconf 85' lang='lat' dir='ltr'><strong>Keplaras</strong></span> <span class='ocrx_word' id='word_1_574' title='bbox 958 4882 1051 4935; x_wconf 70' lang='lat' dir='ltr'><strong>lituis:</strong></span> <span class='ocrx_word' id='word_1_575' title='bbox 1075 4868 1343 4935; x_wconf 72' lang='lat' dir='ltr'><strong>...concessit</strong></span> <span class='ocrx_word' id='word_1_576' title='bbox 1357 4869 1429 4931; x_wconf 84' lang='lat' dir='ltr'><strong>mihi</strong></span> <span class='ocrx_word' id='word_1_577' title='bbox 1444 4870 1489 4936; x_wconf 83' lang='lat' dir='ltr'><strong>ill.</strong></span> <span class='ocrx_word' id='word_1_578' title='bbox 1504 4867 1651 4951; x_wconf 75' lang='lat' dir='ltr'><strong>Hispaniae</strong></span> 
     </span>
     <span class='ocr_line' id='line_1_56' title="bbox 313 4955 1650 5046; baseline -0.002 -22"><span class='ocrx_word' id='word_1_579' title='bbox 313 4958 409 5041; x_wconf 84' lang='lat' dir='ltr'><strong>Regis</strong></span> <span class='ocrx_word' id='word_1_580' title='bbox 432 4961 550 5042; x_wconf 81' lang='lat' dir='ltr'><strong>legatus</strong></span> <span class='ocrx_word' id='word_1_581' title='bbox 573 4960 716 5043; x_wconf 86' lang='lat' dir='ltr'><strong>scriptum</strong></span> <span class='ocrx_word' id='word_1_582' title='bbox 742 4968 826 5025; x_wconf 86' lang='lat' dir='ltr'><strong>tuum</strong></span> <span class='ocrx_word' id='word_1_583' title='bbox 851 4961 942 5025; x_wconf 85' lang='lat' dir='ltr'><strong>breve</strong></span> <span class='ocrx_word' id='word_1_584' title='bbox 970 4962 1008 5025; x_wconf 92' lang='lat' dir='ltr'><strong>de</strong></span> <span class='ocrx_word' id='word_1_585' title='bbox 1038 4961 1144 5046; x_wconf 90' lang='lat' dir='ltr'><strong>eclipsi</strong></span> <span class='ocrx_word' id='word_1_586' title='bbox 1167 4959 1251 5026; x_wconf 90' lang='lat' dir='ltr'><strong>Solis</strong></span> <span class='ocrx_word' id='word_1_587' title='bbox 1274 4959 1349 5023; x_wconf 81' lang='lat' dir='ltr'><strong>suni</strong></span> <span class='ocrx_word' id='word_1_588' title='bbox 1374 4955 1468 5023; x_wconf 83' lang='grc'>1605.</span> <span class='ocrx_word' id='word_1_589' title='bbox 1512 4960 1559 5025; x_wconf 79' lang='lat' dir='ltr'><strong>Ex</strong></span> <span class='ocrx_word' id='word_1_590' title='bbox 1578 4955 1650 5037; x_wconf 68' lang='lat' dir='ltr'><strong>cuju</strong></span> 
     </span>
    </p>
   </div>
   <div class='ocr_carea' id='block_1_9' title="bbox 0 0 1764 5525">
    <p class='ocr_par' dir='ltr' id='par_1_12' title="bbox 0 0 1764 5525">
     <span class='ocr_line' id='line_1_57' title="bbox 0 0 1764 5525; baseline 0 2"><span class='ocrx_word' id='word_1_591' title='bbox 0 0 1764 5525; x_wconf 95' lang='lat' dir='ltr'><strong> </strong></span> 
     </span>
    </p>
   </div>
  </div>
 </body>
</html>
