3517 5525
264 405 329 480 342
454 441 456 452 ’
744 411 785 464 De
803 411 912 466 hlotibas
930 413 1023 468 statae
1040 414 1130 470 Mum

263 597 321 660 lns'.
369 595 476 675 Itaque
501 591 558 655 etsi
580 592 638 655 hoc
661 592 794 682 subsidio
819 601 866 655 est
889 595 936 671 iis,
962 594 1011 675 qui
1029 596 1159 658 numeris
1177 593 1223 657 nti
1241 595 1397 667 voluerint,
1421 598 1501 678 quod
1518 597 1622 661 sciunt

264 688 330 765 stit
361 703 430 746 essa
452 683 590 751 ‚medinm
611 682 691 744 iuter
714 688 777 746 aad
798 691 831 744 et
854 685 940 761 μβᾱ,
974 685 1060 747 nobis
1085 693 1201 760 tamen,
1227 685 1276 767 qui
1299 688 1515 765 geometricam
1538 689 1620 750 viam

241 775 453 848 ¹affectamus,
478 773 534 834 hac
558 789 616 833 non
640 779 727 852 patet
751 773 907 834 transitus.
936 767 941 776 ’
1010 786 1014 792 ’

307 855 314 868 '
352 863 426 928 Alia
457 861 548 942 igitur
580 860 781 924 tentabimust
826 861 869 922 Et
887 862 969 942 quia
994 861 1025 922 in
1047 848 1154 923 fictitio
1178 863 1345 924 eccsntrico
1374 867 1450 925 dol
1479 883 1621 927 mensura

262 953 408 1034 temperis
446 959 495 1014 est
526 956 582 1025 da,
607 947 651 1024 δζ
679 961 733 1030 pro
770 949 955 1031 inquirendis
991 951 1145 1012 distantiis
1183 973 1240 1020 os,
1265 949 1329 1026 αζ;
1362 962 1513 1016 sectomm
1544 973 1618 1016 vero

257 1045 337 1120 ¹sitia,
361 1038 432 1128 ὄβζ
452 1041 556 1104 eadem
580 1046 629 1101 ast
649 1039 802 1122 proportio
826 1047 942 1115 mutua,
966 1059 1043 1120 quae
1067 1057 1189 1101 arcuum
1212 1046 1267 1115 ds,
1284 1039 1342 1115 633
1365 1043 1397 1103 in
1420 1062 1492 1104 vero
1516 1049 1619 1106 antem

262 1133 370 1196 itinere
397 1133 537 1211 planetas
565 1130 687 1209 planum
716 1129 795 1192 inter
824 1149 911 1190 arcus
934 1129 1053 1191 itineris
1076 1136 1108 1190 et
1131 1151 1151 1189 a
1167 1128 1277 1192 'Solem
1297 1131 1489 1211 interjectum
1511 1133 1620 1195 itidem

262 1221 312 1284 e‘st'
342 1241 412 1284 vere
436 1238 575 1282 mensura
598 1219 757 1300 temporis,
773 1223 855 1298 ”quo
869 1219 994 1298 planeta
1016 1225 1155 1280 versatur
1177 1219 1206 1280 in
1230 1237 1303 1282 aren
1325 1239 1360 1281 sn
1382 1222 1530 1300 erposito,
1564 1239 1620 1302 per

261 1331 329 1396 cap.
353 1310 431 1373 XL:
466 1327 536 1390 ergo
567 1327 605 1370 ex
634 1333 654 1371 a
677 1309 815 1370 diametri
837 1317 949 1388 puncto
973 1316 1074 1369 rectae
1098 1307 1256 1402 eJiqiantnr
1279 1240 1494 1372 concKrdentes
1515 1311 1620 1390 spatia

163 1473 167 1484 .
261 1401 402 1481 aequalia
432 1399 508 1480 ipsis
537 1399 619 1476 οβδ,
644 1394 729 1475 ζβδ;
759 1405 801 1459 at
822 1397 1060 1476 squ-spatium,
1093 1398 1173 1479 quod
1201 1397 1320 1460 decedit
1342 1399 1443 1480 spatio
1467 1401 1547 1478 εβδ,
1576 1401 1619 1463 sit

241 1491 387 1572 ⁴aequale
416 1489 517 1569 spatio
550 1489 639 1565 qod,
678 1486 756 1567 quod
789 1487 906 1548 accedit
939 1486 1036 1547 eidem
1068 1488 1144 1564 οβᾶς
1175 1486 1237 1548 sint
1266 1495 1368 1549 autern
1396 1511 1530 1566 anos.
1575 1489 1620 1551 Et

192 1573 197 1583 ’
238 1571 695 1651 neminemneminer,
725 1571 774 1648 αζ
807 1595 894 1656 arcus
922 1577 1072 1637 ducantur
1101 1573 1242 1652 εμ,”ζν,
1270 1579 1495 1639 secantcsbas
1519 1579 1619 1640 lineas

246 1668 292 1751 ‘in
315 1693 353 1752 a,
372 1691 396 1732 s.
442 1667 494 1730 Au
516 1667 608 1746 igitur
631 1671 743 1745 puncta
765 1689 801 1741 μ,
822 1687 851 1738 e,
874 1687 905 1738 o,
921 1687 943 1726 a
970 1665 1023 1726 ho.
1054 1665 1111 1726 hoc
1138 1666 1227 1726 modo
1250 1660 1342 1728 ducta
1365 1659 1618 1744 recte'babeant,

261 1758 305 1820 sic
328 1766 362 1819 nt
384 1756 510 1837 planeta
533 1755 716 1844 temporibus
740 1758 793 1829 ds,
814 1751 865 1828 δζ,
888 1759 948 1826 ὅθ,
963 1760 1005 1816 da
1027 1754 1060 1816 in
1081 1753 1135 1816 illa
1158 1754 1284 1818 veniat?
1330 1754 1468 1817 Proxime
1492 1756 1615 1838 quidem

260 1865 363 1908 verum
395 1847 451 1907 hoc
465 1912 468 1920 ,
483 1853 544 1908 est:
579 1845 632 1906 sed
659 1851 764 1906 'tamen
798 1844 857 1904 tria
880 1850 912 1904 et
934 1843 982 1904 hic
1006 1843 1223 1906 desiderantur.
1270 1843 1419 1920 Primum,
1451 1854 1617 1926 utsupra,

261 1937 341 2020 quod
365 1929 487 2016 pl'anum
511 1954 568 1996 non
592 1942 698 1995 exacte
721 1933 893 2013 aequivalet
915 1951 1048 1994 summae
1072 1931 1293 1996 distantiarum.
1339 1935 1495 2010 Alterum,
1510 1937 1516 1947 '
1533 1935 1617 2016 qnod

260 2026 312 2088 via
334 2025 519 2105 geometrica
540 2024 624 2085 nulla
640 2030 697 2096 est,
721 2043 797 2105 qnae
821 2021 940 2097 doceat,
964 2023 1069 2083 datum
1092 2022 1310 2085 semicirculum
1329 2041 1367 2084 ex
1381 2024 1454 2085 dato
1472 2024 1618 2091 diametri

238 2165 241 2175 .
260 2120 371 2195 puncto
394 2134 449 2195 per
467 2120 585 2175 ‘rectem
608 2113 719 2174 lineam
741 2111 773 2173 in
796 2107 870 2172 data
891 2113 1085 2192 proportione
1109 2129 1221 2173 secare.
1266 2112 1416 2188 Tertium,
1440 2114 1520 2194 quod
1541 2133 1617 2176 nes-

261 2205 349 2280 eit'ur,
372 2223 411 2264 an
434 2203 558 2281 cuilibet
577 2201 670 2282 plano
692 2207 773 2276 aad,
787 2207 850 2284 aad
864 2201 929 2284 bc..
942 2208 1059 2262 tantum
1081 2200 1111 2262 in
1124 2202 1318 2282 proportione
1342 2203 1470 2264 decedat
1492 2210 1618 2284 propter

262 2291 458 2355 deflexionem
489 2291 526 2368 p,
550 2313 567 2352 s
593 2312 612 2351 a
644 2288 903 2364 circumferentia,
935 2297 1078 2372 quantum
1107 2289 1232 2370 reliquis
1263 2291 1293 2351 in
1323 2311 1379 2352 sna
1409 2291 1615 2372 proportione.

262 2383 468 2446 Veruntamen
492 2387 524 2441 et
552 2380 626 2460 haec
654 2381 741 2442 utssia
770 2387 858 2440 erunt
889 2378 945 2454 iis,
979 2380 1028 2459 qni
1062 2398 1250 2478 numerorum
1280 2379 1479 2456 adminiculo,
1510 2389 1619 2444 contra

237 2473 247 2500 '·
261 2490 375 2535 morem
407 2469 600 2550 geometriae,
631 2487 685 2548 per
717 2469 840 2534 minima
862 2467 906 2529 ire
933 2468 1092 2531 volueriut.
1119 2449 1217 2530 'Cum
1247 2468 1341 2550 igitur
1370 2469 1537 2551 geometria
1559 2488 1618 2532 nos

262 2560 425 2634 destituat,
450 2565 607 2620 attamen
630 2558 759 2639 aliquam
782 2557 949 2636 habeamus
973 2557 1204 2638 descriptionem
1227 2558 1342 2632 lineae,
1367 2577 1443 2639 quae
1466 2559 1554 2620 nobis
1578 2577 1619 2621 ex

261 2649 469 2733 speculatione
489 2666 556 2728 cap.
570 2647 670 2712 XLV.
691 2646 840 2724 nascitur,
865 2663 932 2725 age,
956 2647 1122 2708 subsidium
1144 2647 1183 2709 ab
1197 2645 1314 2730 ἀτεχνιᾳ
1337 2653 1485 2727 petamus,
1510 2667 1618 2712 aecer-

242 2739 324 2802 sita
347 2738 462 2801 vicaria
483 2744 591 2802 nostra
618 2755 684 2815 cap.
709 2737 798 2814 XVI,
823 2755 899 2817 quae
929 2734 1028 2799 lineas
1050 2759 1110 2813 αμ,
1133 2757 1175 2798 aa
1197 2737 1271 2813 tra,
1303 2737 1335 2800 in
1353 2737 1464 2819 'quibus
1492 2739 1619 2818 planeta

237 2842 240 2852 ¹
262 2827 376 2903 existit,
400 2828 490 2906 justis
513 2828 697 2907 temporibus
719 2828 751 2888 iu
770 2827 855 2906 justa
877 2826 994 2888 zodiaci
1017 2827 1084 2888 loca
1106 2826 1217 2902 infert3
1242 2836 1363 2889 etcum
1386 2846 1424 2889 ea
1446 2827 1616 2896 confanda-

260 2937 329 2980 mus
355 2924 548 2997 praesentem
578 2916 718 2979 fictitium
749 2914 948 2978 eccentricum
972 2917 1054 2985 tot,
1079 2934 1117 2991 ex
1140 2910 1198 2995 quo
1222 2916 1389 2997 speculatio
1423 2936 1489 2999 cap.
1513 2917 1616 2979 XLV.

258 3006 577 3087 justaslougitudines
592 3006 737 3068 linearum
750 3029 801 3079 aa,
817 3002 867 3079 αζ,
889 3005 947 3066 hoc
962 3012 1010 3067 cst
1025 3028 1046 3066 a
1052 3029 1083 3081 μ,
1100 3027 1141 3067 as
1159 3006 1293 3085 depromi
1313 3018 1490 3086 persuasum
1509 3006 1613 3070 babet

161 3124 165 3133 ¹
237 3130 242 3140 ›
269 3090 277 3182 ἰ
351 3095 450 3158 Lubet
477 3096 595 3179 quidem
626 3096 718 3159 etiam
752 3095 828 3157 alias
868 3094 943 3155 lucis
977 3104 1069 3155 eausa
1100 3094 1193 3156 duas,
1218 3095 1402 3177 hypotheses
1434 3096 1513 3157 inter
1545 3114 1616 3157 sese

263 3204 447 3266 comparare,
472 3186 503 3248 in
525 3204 614 3248 uuum
638 3185 760 3247 schema
783 3186 946 3258 conflatas,
978 3192 1120 3263 utrasque
1144 3182 1262 3264 quidem
1286 3177 1394 3261 alicubi
1409 3184 1615 3264 decipientes,

118 3344 157 3367 w
185 3316 237 3367 :vn
253 3276 317 3357 ¹sed
349 3274 483 3355 singulas
511 3283 613 3339 mmeu
638 3275 680 3335 ad
709 3274 828 3353 singula
856 3292 929 3333 vera
957 3272 1116 3351 (quantum
1144 3273 1296 3354 hucusque
1324 3273 1394 3336 sciri
1421 3273 1534 3353 potnit)
1563 3274 1616 3336 iu-

254 3358 454 3443 ‚ves'tigauda'
475 3364 583 3426 utiles:
622 3381 680 3443 qao
710 3363 864 3425 schcmate
889 3360 985 3425 multa
1008 3360 1153 3423 hactenns
1177 3362 1260 3425 dicta
1283 3362 1338 3425 snb
1361 3382 1451 3427 unum
1473 3364 1616 3425 intuitum

263 3454 448 3517 radiantur.
515 3504 518 3515 .
815 3514 820 3521 ,
1328 3505 1332 3513 .

273 3602 280 3613 ,
312 3472 349 3597 .g
382 3604 385 3609 ,
419 3532 421 3540 ⁴
564 3598 567 3607 ,
642 3538 698 3611 ,Sic
723 3537 754 3600 A
786 3546 925 3603 cadram
955 3538 1077 3603 rasae
1110 3536 1297 3622 (attola
1329 3534 1540 3625 dopmno),
1569 3541 1617 3604 AI

277 3642 284 3726 ,
351 3609 486 3717 F³s2⁰⁰L
555 3630 642 3694 h’aca
670 3626 834 3713 apsidam,
857 3628 917 3689 AD
940 3626 1158 3692 eccam-ima
1178 3631 1292 3712 panai
1319 3631 1494 3712 aptanda.
1540 3630 1646 3694 Etai-

305 3726 313 3752 ›
349 3712 450 3807 f*
470 3733 513 3796 1¹
553 3739 624 3783 nero
648 3738 716 3802 cap·
740 3716 847 3781 XIX.
880 3727 1025 3797 nepotum
1048 3725 1112 3794 est,
1134 3720 1163 3780 D
1189 3725 1353 3801 punctam
1367 3740 1462 3803 posse
1487 3741 1617 3784 monere

311 3829 315 3863 ι
553 3806 676 3885 stabile,
699 3814 728 3871 et
740 3806 801 3871 AD
825 3807 973 3875 eandem:
996 3808 1032 3871 id
1047 3816 1161 3872 ramea
1182 3808 1223 3871 de
1242 3828 1281 3871 so
1300 3806 1405 3876 solam
1426 3816 1473 3873 est
1493 3808 1615 3873 intelli-

233 3928 236 3937 v
279 3957 282 3965 ,
357 3910 402 3975 ὶ;;,
463 3938 468 3946 ·
552 3898 697 3981 qaedam,
721 3899 752 3960 sc'
772 3896 835 3959 DA=
856 3898 1017 3959 biscoctum
1064 3899 1108 3960 At
1130 3900 1160 3960 si
1182 3895 1381 3980 relinquatur
1408 3900 1498 3963 scobis
1520 3900 1616 3963 sectio

360 3978 478 4072 ‘stsp
554 3986 614 4051 DA
636 3984 747 4061 libera,
769 3994 804 4050 at
826 4006 895 4067 cap.
919 3984 1021 4061 XVI,
1037 3993 1118 4067 ‘tanc
1141 3993 1246 4069 potest
1267 4008 1395 4051 manem
1422 3986 1535 4057 stabile
1555 3989 1616 4051 boc
1679 4053 1684 4066 ,

276 4124 279 4148 .
386 4066 394 4089 “
547 4085 713 4161 μιπσίιιτη.
766 4074 898 4139 Sanetus·
933 4095 1008 4159 erpo
1041 4076 1102 4139 AD
1133 4077 1179 4138 ia·
1204 4097 1243 4139 ea
1276 4078 1494 4161 proportione,
1533 4094 1616 4162 qaas

394 4240 398 4251 ι
490 4179 495 4212 2
555 4162 898 4249 cap.XV1.a‘noenta
924 4171 979 4229 est.
1024 4163 1078 4228 Sit
1098 4164 1192 4249 sectio
1217 4164 1256 4240 C,
1280 4173 1311 4230 et
1332 4166 1390 4231 AO
1416 4164 1533 4238 11332,
1558 4164 1615 4233 OD

514 4252 518 4263 '
556 4252 651 4319 7232.
698 4250 754 4319 m·
772 4264 894 4320 cenac-
911 4252 954 4325 G,
987 4254 1173 4317 diastemate
1194 4252 1253 4318 GH
1277 4252 1423 4331 100000,
1455 4259 1615 4322 sosoma

490 4341 519 4385 ’·
555 4346 756 4419 eccentricae,
773 4342 904 4427 pancas
924 4341 1141 4419 mamacas,
1162 4364 1223 4425 per
1242 4344 1280 4407 Η.
1318 4344 1411 4409 Haec
1432 4348 1533 4431 ipitur
1554 4337 1616 4410 aa

555 4434 735 4517 hypothesis
758 4434 873 4514 capim
885 4432 989 4499 XVI.
1028 4435 1179 4499 amato
1194 4436 1278 4497 enim
1296 4433 1411 4519 amputo
1435 4434 1616 4501 ceromatico

555 4523 680 4587 medias
703 4520 914 4607 qualicunque
933 4530 1016 4595 noto,
1040 4522 1193 4586 educatur
1210 4544 1250 4587 ea
1268 4524 1296 4585 D
1320 4532 1423 4588 cadro
1447 4524 1616 4611 aequantia

489 4624 493 4631 ’
555 4620 644 4675 recta
671 4618 824 4695 punctam
846 4612 896 4675 ad·
920 4612 1223 4695 circumferentem
1253 4632 1334 4695 qaae
1355 4615 1399 4676 sit
1418 4614 1494 4691 DH,
1528 4634 1614 4678 cons-

263 4701 462 4789 prclteadeao
488 4718 559 4763 acm
586 4700 673 4765 linea
701 4700 853 4785 apsidam
879 4700 1032 4783 arastum
1060 4702 1264 4786 imperatam,
1295 4722 1475 4767 metaneam
1504 4722 1615 4789 nempe

268 4794 417 4877 temporis
441 4784 652 4874 propostam
697 4790 747 4859 Et
773 4789 972 4855 connectam
993 4786 1025 4853 H
1047 4797 1202 4881 poariam
1229 4812 1300 4856 cans
1324 4792 1364 4856 A.
1409 4792 1487 4857 Erit
1512 4795 1614 4878 ipr‘tnr

190 5046 195 5057 .
356 4960 389 5053 *i
406 4993 483 5049 Haeo
503 4956 594 5045 estin
614 4986 763 5059 hypothesi
783 4986 889 5042 vicari-s
908 5002 968 5058 cap.
988 4984 1063 5045 ΧΠ.
1083 4977 1213 5045 memma
1232 4964 1362 5064 temporis
1384 4988 1515 5063 propr-153
1545 4991 1612 5064 quie

270 5072 299 5129 in
318 5088 354 5126 ea
373 5072 399 5125 D
420 5078 550 5141 punctum
570 5068 715 5141 aequantia
736 5068 848 5139 ponitur
868 5084 906 5123 ex
926 5068 1066 5125 sententis
1085 5076 1217 5130 ratarum.
