3517 5525
306 410 369 490 100
720 412 821 470 Literae
839 414 941 485 Koplsrl
962 414 1112 481 aliorumque
1130 416 1231 465 mutuas

304 601 440 684 aequalis
462 606 562 662 motus
584 595 720 671 invicem,
744 596 792 678 qni
816 596 846 657 in
869 614 902 657 se
922 602 971 657 est
992 592 1168 674 inaequalis.
1204 592 1286 654 Tunc
1305 591 1414 673 juncta
1431 590 1466 664 F,
1479 586 1517 655 'A
1539 586 1652 651 lineam

307 690 423 755 faciunt
444 698 507 752 mm
530 688 662 766 longam,
684 706 774 767 qnam
797 685 824 747 si
847 704 885 746 ex
908 682 933 749 C
958 684 1141 746 eccentricus
1168 682 1321 766 perfectus
1349 678 1536 743 describatur
1564 677 1651 741 radio

304 781 373 857 ΑΕ,
397 778 541 842 transibit
563 778 641 839 euim
662 795 717 856 per
737 778 773 839 F.

391 870 493 949 Atque
515 868 590 928 haec
612 864 788 948 hypothesis
812 862 892 925 falsa
914 869 972 933 est,
995 860 1072 941 quod
1097 877 1174 921 anno
1197 855 1291 923 1602.
1316 856 1433 921 rescivi.
1473 854 1525 919 Sin
1538 863 1652 917 'autem

306 966 445 1021 manente
461 955 605 1036 Opuncto
620 952 813 1035 aequalitatis
827 952 920 1031 ipsius
935 949 1053 1013 Dlinea
1068 946 1155 1011 Ano
1169 948 1254 1009 lieret
1269 949 1349 1011 linea
1362 948 1499 1029 apsidum
1515 962 1655 1007 verarum

306 1046 432 1131 epicycli
455 1054 486 1107 et
508 1044 537 1106 0
559 1063 632 1106 vera
655 1042 737 1122 apsis
760 1041 899 1123 epicycli,
928 1040 971 1101 sic
1002 1048 1035 1099 ut
1056 1036 1114 1118 ipsi
1136 1034 1221 1100 DCE
1245 1036 1413 1100 anomaliae
1437 1035 1553 1100 mediae
1577 1052 1654 1095 con-

305 1137 482 1199 stitueretur
504 1134 638 1215 aequalis
661 1131 755 1207 ODF,
778 1138 811 1192 et
831 1130 887 1192 DF
909 1128 1102 1193 inclinaretur
1124 1126 1161 1187 ad
1184 1123 1257 1201 Au,
1287 1124 1364 1206 qnod
1393 1137 1440 1189 est
1468 1122 1591 1207 perinde
1616 1142 1654 1183 ac

214 1237 225 1246 '
307 1224 333 1287 si
355 1225 463 1299 dicam,
487 1222 651 1305 epicyclum
665 1220 840 1301 aequalibus
854 1218 1038 1297 temporibus
1062 1216 1173 1277 moveri
1197 1215 1363 1295 aequaliter
1376 1216 1457 1278 circa
1470 1232 1553 1277 suum
1578 1232 1653 1275 cen-

308 1323 402 1377 trum:
431 1320 502 1374 tunc
525 1311 600 1373 haec
623 1317 706 1372 esset
728 1328 814 1390 qnam
838 1307 971 1389 proxime
995 1304 1179 1389 hypothesis,
1205 1325 1263 1386 qua
1286 1324 1351 1367 sum
1374 1324 1445 1367 usus
1467 1322 1521 1385 per
1545 1318 1656 1363 annum

312 1398 396 1466 1603
419 1402 448 1464 in
465 1422 492 1464 a.
511 1394 605 1475 1604,
630 1417 718 1479 quam
734 1408 765 1459 et
779 1407 811 1459 tu
826 1399 923 1459 tenes.
951 1394 993 1457 Et
1007 1395 1132 1457 haberet
1145 1394 1323 1459 mediocrem
1338 1412 1459 1457 causam
1475 1390 1654 1455 naturalem.

308 1492 353 1555 At
375 1487 564 1571 deprehendo
587 1508 625 1549 ex
647 1488 760 1568 primae
784 1506 918 1559 excessu,
943 1484 1090 1547 secundae
1107 1483 1235 1559 defectu,
1252 1478 1494 1555 deutereses
1513 1480 1654 1543 median-

309 1582 378 1641 dam
398 1580 447 1641 vel
475 1577 667 1639 bisecandam
689 1578 719 1638 in
743 1576 778 1650 B,
803 1583 838 1637 ut
864 1576 954 1636 dueta
978 1572 1057 1635 BDS
1091 1572 1132 1635 sit
1162 1574 1244 1653 apsis
1272 1571 1397 1654 epicycli
1430 1591 1516 1643 vera,
1550 1570 1655 1650 itaque

309 1666 455 1733 Cadhuc
477 1674 611 1729 centrum
635 1665 828 1745 aequalitatis
850 1656 901 1726 D.'
936 1662 996 1724 Sed
1025 1662 1089 1743 jam
1115 1660 1194 1724 SDF'
1226 1668 1272 1724 est
1302 1660 1436 1743 aequalis
1459 1658 1546 1745 neu
1575 1678 1654 1719 ano-

308 1758 418 1820 maliae
441 1756 574 1818 mediae:
599 1762 631 1815 et
652 1754 707 1817 DF
730 1753 828 1816 minus
851 1751 1012 1817 inclinatur
1035 1752 1072 1812 ad
1088 1750 1144 1814 Ac
1161 1770 1247 1831 quarn
1270 1750 1362 1831 prius.
1410 1750 1511 1833 Atqu'e
1536 1768 1574 1811 ex
1596 1748 1655 1809 hac

307 1845 467 1930 hypothesi
488 1845 549 1925 jam
572 1862 660 1923 quam
684 1843 817 1922 proxime
840 1862 914 1903 vera
936 1840 1083 1903 distantia
1105 1840 1269 1903 exstruitur
1291 1840 1315 1901 F
1339 1840 1377 1901 ab
1393 1841 1432 1913 A,
1457 1839 1501 1901 sic
1525 1846 1556 1899 et
1569 1836 1657 1901 FAE

311 1955 400 2016 qnam
428 1933 563 2013 proxime
590 1950 663 1995 nera
690 1939 866 2014 coaequata.
912 1930 987 1992 Dico
1021 1948 1107 2011 quarn
1139 1930 1287 2009 proxime,
1321 1948 1468 2013 nunquam
1501 1928 1577 1989 enim
1610 1925 1657 1986 ita

312 2043 398 2099 vere,
426 2030 461 2086 nt
491 2041 559 2085 cum
590 2042 627 2083 ea
647 2022 791 2103 physicae
815 2018 1003 2100 aequationis
1027 2019 1208 2100 computatio
1232 2016 1416 2080 instituatur.
1464 2018 1556 2080 Porro
1579 2016 1657 2077 haec

310 2111 488 2196 hypothesis
511 2111 583 2173 mihi
608 2114 656 2185 (ut
669 2111 698 2171 iu
722 2110 922 2172 delineatione
937 2128 1021 2171 meae
1045 2108 1283 2171 ratiocinationis
1306 2116 1339 2170 ut
1358 2106 1501 2170 constitui
1516 2106 1656 2187 pergam)

312 2222 372 2264 non
395 2200 555 2275 satisfecit,
580 2200 657 2280 quod
679 2209 822 2279 punctum
845 2201 871 2261 B
895 2218 988 2259 causa
1017 2198 1144 2259 naturali
1173 2197 1307 2259 carebat.
1354 2197 1432 2261 Nam
1461 2204 1604 2277 punctum
1627 2192 1658 2256 Ο

309 2291 403 2353 habet
425 2306 547 2351 oausam
568 2289 746 2361 naturalem,
770 2287 848 2370 quod
870 2306 913 2348 sc.
929 2284 985 2350 Ac
1009 2294 1041 2346 et
1054 2287 1109 2349 DF
1125 2295 1299 2365 aequantur,
1324 2294 1355 2347 et
1378 2286 1455 2367 quod
1478 2282 1656 2346 tantundem

312 2387 361 2441 est
383 2398 418 2440 sc
442 2377 468 2439 si
491 2377 603 2452 dicam,
636 2388 670 2439 ut
700 2377 863 2438 distantiae
887 2384 958 2438 sunt
981 2374 1024 2437 sic
1053 2394 1118 2437 esse
1146 2394 1245 2437 moras
1275 2375 1305 2438 in
1330 2374 1504 2457 aequalibus
1527 2372 1657 2437 arcubus

313 2466 453 2530 eccentri.
498 2467 526 2529 E
545 2473 651 2528 contra
673 2483 743 2527 vero
767 2466 829 2527 alia
850 2484 899 2527 res
922 2469 968 2527 ro'e
993 2462 1031 2527 ad
1055 2484 1175 2529 causam
1199 2465 1364 2527 naturalem
1387 2463 1551 2537 invitabat,
1579 2460 1657 2523 haec

312 2576 428 2637 nempe,
453 2555 530 2636 qnod
552 2550 617 2616 vidi
638 2562 857 2617 succurrentem
882 2562 1034 2615 secantem
1058 2554 1245 2635 aequationis
1264 2554 1388 2637 epicycli
1411 2553 1576 2626 maximae;
1600 2550 1658 2613 AF

313 2644 430 2707 scilicet
451 2644 502 2708 ille
526 2652 609 2705 esset
631 2644 686 2714 (ad
705 2644 844 2723 angulum
860 2640 901 2705 5⁰
916 2640 981 2717 18‘)
1008 2638 1145 2719 toules,
1168 2642 1268 2723 itaque
1283 2644 1338 2705 ΡΑ
1356 2643 1473 2728 longior
1496 2650 1545 2703 est
1567 2658 1659 2721 quam

314 2732 375 2797 DA
397 2732 553 2815 particulis
575 2728 651 2797 429.
697 2732 738 2795 Et
761 2732 831 2813 quia
852 2732 910 2796 ΡΑ
932 2732 1078 2796 distantia
1100 2732 1233 2813 sequitur
1256 2752 1293 2794 ex
1316 2732 1509 2814 usurpatione
1530 2730 1658 2812 perlecti

315 2822 483 2898 eccentrici,
508 2833 540 2884 et
561 2818 627 2886 429
651 2842 741 2902 supra
764 2822 887 2903 inventa
910 2830 959 2884 est
981 2821 1108 2884 curtatis
1133 2822 1220 2902 justa
1245 2821 1414 2902 hujusmodi
1446 2820 1659 2883 distantiarum

314 2930 368 2993 pro
392 2912 551 2994 hypothesi
573 2929 663 2986 vera,
686 2931 757 2990 ergo
780 2913 807 2973 sl
829 2929 884 2991 pro
907 2912 962 2976 ΕΑ
985 2929 1135 2973 sumamus
1160 2911 1227 2984 DA,
1250 2912 1393 2973 habemns
1412 2911 1514 2991 justas
1537 2909 1659 2972 distan-

315 3001 376 3062 tias
399 3000 428 3061 in
451 3000 686 3081 longitudinibus
710 3001 826 3064 mediis.
864 2999 975 3062 Statim
999 2999 1107 3080 arripui
1132 3001 1209 3062 hanc
1232 3019 1285 3081 pro
1308 3001 1436 3063 naturali
1460 2998 1659 3082 hypothesin:
1728 3036 1733 3044 -

315 3089 470 3170 planetam
493 3108 551 3152 non
573 3090 690 3152 versari
713 3089 742 3151 in
767 3090 893 3172 epicycli
913 3089 1151 3152 circumferentia
1163 3089 1248 3164 RHI,
1273 3090 1377 3152 sedin
1401 3088 1546 3152 diametro
1569 3085 1660 3150 KDO

318 3179 437 3253 librari;
456 3179 578 3260 Jamque
602 3179 765 3241 distantias
788 3188 821 3241 et
842 3187 938 3241 totatu
961 3179 1168 3261 aequationem
1193 3180 1325 3242 tabulam
1350 3178 1484 3242 exstruxi
1507 3177 1585 3240 inde.

404 3267 450 3330 At
470 3268 576 3343 miser3
599 3268 647 3330 his
669 3268 743 3349 ipsis
765 3269 964 3341 Paschalibus
988 3267 1070 3330 feriis
1094 3269 1210 3332 demum
1238 3268 1375 3349 experior
1397 3287 1429 3330 re
1456 3269 1537 3348 ipsa,
1570 3265 1662 3348 quod,
1720 3320 1724 3326 .

317 3357 343 3419 si
366 3357 574 3418 consideratus
597 3357 729 3432 fuissem,
754 3358 926 3419 meminisse
953 3368 1103 3438 poteram,
1129 3358 1194 3436 jam
1219 3366 1310 3420 antea
1333 3358 1567 3419 demonstratum
1591 3373 1661 3416 esse

316 3446 346 3508 in
370 3443 601 3510 Commentariis
624 3447 714 3521 meis,
744 3445 915 3525 hujusmodi
937 3446 994 3508 iter
1017 3449 1156 3528 planetae
1179 3445 1374 3528 compositum
1399 3465 1456 3511 non
1480 3463 1547 3510 esse
1570 3443 1661 3524 ellip-

318 3535 424 3610 ticum,
449 3535 526 3614 qnod
549 3535 684 3613 superior
706 3553 774 3596 mea
796 3536 1015 3613 argumentatio
1038 3535 1145 3610 evicit,
1177 3537 1282 3597 sedin
1307 3535 1478 3598 somatibus
1500 3535 1539 3597 ab
1561 3531 1662 3614 ellipsi

319 3643 425 3684 versus
447 3623 549 3684 circuli
571 3623 787 3703 perfectionem
809 3624 890 3684 exire
923 3623 951 3684 in
975 3625 1095 3687 buccae.
1143 3624 1264 3687 Vitiosa
1295 3625 1387 3704 igitur
1414 3624 1471 3686 luit
1499 3641 1662 3703 argumen-

320 3712 417 3773 tatio:
452 3710 572 3772 libratio
594 3710 625 3772 in
648 3712 794 3774 diametro
818 3711 942 3793 epicycli
967 3720 1077 3791 aequat
1104 3713 1222 3792 ellipsin
1245 3706 1275 3776 iu
1298 3712 1532 3791 longitudinibus
1554 3711 1663 3774 mediis

320 3808 352 3860 et
373 3799 403 3860 in
426 3798 590 3880 apsidibns‚
615 3817 686 3880 ergo
709 3801 896 3882 undiquaque
911 3799 992 3863 illam
1007 3809 1126 3884 aequat.
1156 3803 1294 3878 Falsum:
1318 3803 1489 3885 atquehinc
1509 3801 1662 3880 estquod

321 3907 437 3950 rursum
460 3887 546 3950 utin
570 3889 694 3969 antiqua
716 3890 795 3952 ialsa
824 3889 983 3973 hypothesi
1012 3909 1065 3952 nec
1094 3889 1258 3954 distantiae
1287 3891 1415 3955 officium
1445 3893 1580 3954 lecerunt
1607 3909 1663 3951 nec

321 3977 515 4058 aequationes
539 3979 678 4040 eccentri.
716 3977 743 4041 Ο
768 3980 951 4042 fructuosam
974 3981 1149 4042 societatem
1173 3981 1216 4044 rei
1234 3982 1398 4064 utriusque,
1422 3999 1498 4062 quae
1512 3997 1664 4062 nunquam

321 4085 379 4127 non
402 4084 449 4128 me
474 4066 575 4146 dirigit
606 4067 636 4128 in
669 4075 717 4129 tot
746 4068 1014 4148 perplexitatibus!
1060 4069 1131 4131 Jam
1162 4070 1253 4151 igitur
1285 4071 1341 4132 hoc
1373 4069 1486 4144 habeo,
1519 4067 1661 4131 Fabrici:

321 4155 401 4216 viam
422 4155 562 4234 planetae
585 4155 770 4220 verissimam
794 4177 861 4219 esse
885 4158 1002 4239 ellipsin
1027 4159 1129 4240 (quam
1149 4160 1281 4222 Durerus
1305 4159 1407 4222 itidem
1430 4159 1547 4221 ovalem
1571 4157 1663 4232 dixit)

322 4253 375 4305 ant
396 4252 477 4305 certe
500 4243 665 4308 insensibili
689 4245 787 4326 aliquo
812 4248 850 4308 ab
873 4247 971 4328 ellipsi
995 4248 1189 4310 differentem.
1237 4247 1417 4329 Computavi
1448 4248 1516 4310 inde
1547 4267 1658 4329 aequa-

323 4333 420 4394 tioues
433 4333 564 4395 eccentri
577 4332 605 4397 in
622 4335 729 4398 sitibus
753 4334 947 4419 acronychiis,
973 4337 1099 4399 cilicium
1114 4339 1229 4401 iaciunt
1242 4340 1281 4400 ad
1296 4357 1432 4418 unguem,
1457 4338 1494 4398 de
1508 4335 1665 4398 distantiis

323 4421 476 4503 quominus
505 4422 583 4484 idem
611 4425 707 4486 dicam
740 4425 810 4486 iecit
839 4445 941 4488 earum
970 4425 1211 4507 inquirendarum
1249 4427 1406 4490 methodus
1436 4427 1526 4508 paulo
1553 4425 1663 4500 laxior,

322 4529 398 4593 quae
422 4530 538 4591 semper
560 4532 607 4574 me
630 4513 710 4576 circa
731 4511 793 4577 100
811 4515 978 4598 particulae
1000 4515 1028 4576 in
1053 4515 1141 4578 dubio
1161 4516 1313 4597 relinquit,
1339 4517 1430 4579 etiam
1446 4535 1513 4578 eum
1532 4515 1663 4596 optimas

321 4608 392 4663 sunt
413 4599 657 4679 observationem
681 4603 760 4664 nosti
784 4603 876 4679 enim,
909 4603 1038 4684 optimas
1067 4605 1293 4668 observationes
1316 4625 1373 4668 uno
1397 4605 1510 4668 minuto
1534 4623 1663 4686 peccare

321 4709 421 4768 posse.
468 4690 513 4751 At
533 4707 622 4753 unum
645 4693 787 4754 minutum
811 4693 911 4755 variat
933 4693 1107 4756 distantiam
1137 4695 1322 4769 immaniter,
1356 4695 1382 4757 si
1399 4696 1538 4776 planeta
1569 4711 1663 4773 prope

324 4775 363 4856 Θ
388 4787 442 4840 aut
471 4777 625 4858 oppositus
656 4779 695 4857 Θ
730 4781 829 4843 fuerit.
874 4781 939 4844 Hoc
972 4791 1072 4845 tamen
1101 4791 1214 4847 certum
1246 4783 1374 4854 habeas,
1408 4803 1496 4866 quarn
1528 4781 1663 4862 proxime

323 4887 426 4931 verum
454 4867 566 4930 venire.
594 4901 631 4913 -
660 4871 767 4952 ltaque
792 4878 886 4934 totam
911 4873 1089 4954 hypothesin
1113 4873 1169 4936 tibi
1192 4870 1358 4936 delineabo.
1404 4874 1490 4936 Data
1512 4869 1665 4934 anomalia

323 4957 422 5021 media
444 4960 636 5040 (pernotum
661 4957 716 5021 tibi
737 4961 834 5021 locum
857 4961 985 5042 aphelii,
1008 4963 1054 5026 cui
1078 4959 1111 5027 5‘
1133 4963 1247 5026 adimes
1266 4963 1346 5044 jam,
1371 4971 1403 5026 et
1425 4970 1528 5028 notum
1551 4969 1663 5024 motum
