<?xml version="1.0" encoding="UTF-8"?>
<!DOCTYPE html PUBLIC "-//W3C//DTD XHTML 1.0 Transitional//EN"
    "http://www.w3.org/TR/xhtml1/DTD/xhtml1-transitional.dtd">
<html xmlns="http://www.w3.org/1999/xhtml" xml:lang="en" lang="en">
 <head>
  <title>
</title>
<meta http-equiv="Content-Type" content="text/html;charset=utf-8" />
  <meta name='ocr-system' content='tesseract 3.04.00' />
  <meta name='ocr-capabilities' content='ocr_page ocr_carea ocr_par ocr_line ocrx_word'/>
</head>
<body>
  <div class='ocr_page' id='page_1' title='image "./joanniskepleria23frisgoog/joanniskepleria23frisgoog_0211.png"; bbox 0 0 3517 5525; ppageno 0'>
   <div class='ocr_carea' id='block_1_1' title="bbox 742 363 1126 436">
    <p class='ocr_par' dir='ltr' id='par_1_1' title="bbox 742 363 1126 436">
     <span class='ocr_line' id='line_1_1' title="bbox 742 363 1126 436; baseline 0 -15"><span class='ocrx_word' id='word_1_1' title='bbox 742 367 781 421; x_wconf 88' lang='lat' dir='ltr'>De</span> <span class='ocrx_word' id='word_1_2' title='bbox 798 366 908 423; x_wconf 77' lang='lat' dir='ltr'>Motibus</span> <span class='ocrx_word' id='word_1_3' title='bbox 928 363 1020 436; x_wconf 72' lang='lat' dir='ltr'>Stellae</span> <span class='ocrx_word' id='word_1_4' title='bbox 1039 366 1126 421; x_wconf 75' lang='lat' dir='ltr'>Marus</span> 
     </span>
    </p>
   </div>
   <div class='ocr_carea' id='block_1_2' title="bbox 878 546 997 615">
    <p class='ocr_par' dir='ltr' id='par_1_2' title="bbox 878 546 997 615">
     <span class='ocr_line' id='line_1_2' title="bbox 878 546 997 615; baseline -0.008 -16"><span class='ocrx_word' id='word_1_5' title='bbox 878 550 933 615; x_wconf 78' lang='lat' dir='ltr'>rig.</span> <span class='ocrx_word' id='word_1_6' title='bbox 953 546 997 599; x_wconf 80' lang='lat' dir='ltr'>so.</span> 
     </span>
    </p>
   </div>
   <div class='ocr_carea' id='block_1_3' title="bbox 222 2766 1630 4813">
    <p class='ocr_par' dir='ltr' id='par_1_3' title="bbox 263 2766 1630 2924">
     <span class='ocr_line' id='line_1_3' title="bbox 265 2766 1616 2851; baseline -0.005 -16"><span class='ocrx_word' id='word_1_7' title='bbox 265 2793 333 2835; x_wconf 91' lang='lat' dir='ltr'>cum</span> <span class='ocrx_word' id='word_1_8' title='bbox 355 2766 541 2849; x_wconf 78' lang='lat' dir='ltr'><strong>temporibus</strong></span> <span class='ocrx_word' id='word_1_9' title='bbox 563 2767 828 2830; x_wconf 72' lang='lat' dir='ltr'>intercedentibus.</span> <span class='ocrx_word' id='word_1_10' title='bbox 876 2769 1040 2850; x_wconf 82' lang='lat' dir='ltr'>Methodns</span> <span class='ocrx_word' id='word_1_11' title='bbox 1062 2771 1150 2851; x_wconf 92' lang='lat' dir='ltr'>hujus</span> <span class='ocrx_word' id='word_1_12' title='bbox 1173 2771 1289 2851; x_wconf 84' lang='lat' dir='ltr'>negotii</span> <span class='ocrx_word' id='word_1_13' title='bbox 1312 2771 1342 2832; x_wconf 92' lang='lat' dir='ltr'>io</span> <span class='ocrx_word' id='word_1_14' title='bbox 1365 2770 1542 2832; x_wconf 78' lang='lat' dir='ltr'>Ptolemaeo</span> <span class='ocrx_word' id='word_1_15' title='bbox 1566 2767 1616 2828; x_wconf 93' lang='lat' dir='ltr'>in-</span> 
     </span>
     <span class='ocr_line' id='line_1_4' title="bbox 263 2856 1630 2924; baseline -0.018 -1"><span class='ocrx_word' id='word_1_16' title='bbox 263 2861 386 2923; x_wconf 81' lang='lat' dir='ltr'>venitur</span> <span class='ocrx_word' id='word_1_17' title='bbox 408 2859 460 2920; x_wconf 92' lang='lat' dir='ltr'>lib.</span> <span class='ocrx_word' id='word_1_18' title='bbox 485 2856 542 2919; x_wconf 86' lang='lat' dir='ltr'>IX.</span> <span class='ocrx_word' id='word_1_19' title='bbox 1628 2919 1630 2924; x_wconf 17' lang='grc' dir='ltr'>ι</span> 
     </span>
    </p>

    <p class='ocr_par' dir='ltr' id='par_1_4' title="bbox 264 2941 1616 3294">
     <span class='ocr_line' id='line_1_5' title="bbox 352 2941 1616 3030; baseline -0.008 -19"><span class='ocrx_word' id='word_1_20' title='bbox 352 2949 430 3010; x_wconf 85' lang='lat' dir='ltr'>Esto</span> <span class='ocrx_word' id='word_1_21' title='bbox 467 2947 533 3026; x_wconf 88' lang='lat' dir='ltr'>jam</span> <span class='ocrx_word' id='word_1_22' title='bbox 570 2945 710 3006; x_wconf 84' lang='lat' dir='ltr'>confecta</span> <span class='ocrx_word' id='word_1_23' title='bbox 745 2947 916 3027; x_wconf 83' lang='lat' dir='ltr'>pragmatia</span> <span class='ocrx_word' id='word_1_24' title='bbox 953 2957 984 3010; x_wconf 90' lang='lat' dir='ltr'>et</span> <span class='ocrx_word' id='word_1_25' title='bbox 1021 2949 1149 3030; x_wconf 88' lang='lat' dir='ltr'>prodeat</span> <span class='ocrx_word' id='word_1_26' title='bbox 1195 2950 1275 3012; x_wconf 87' lang='lat' dir='ltr'>linea</span> <span class='ocrx_word' id='word_1_27' title='bbox 1311 2947 1449 3030; x_wconf 86' lang='lat' dir='ltr'>apsidum</span> <span class='ocrx_word' id='word_1_28' title='bbox 1486 2941 1616 3009; x_wconf 87' lang='lat' dir='ltr'>eccentri</span> 
     </span>
     <span class='ocr_line' id='line_1_6' title="bbox 264 3036 1613 3116; baseline -0.008 -13"><span class='ocrx_word' id='word_1_29' title='bbox 264 3041 395 3112; x_wconf 85' lang='grc' dir='ltr'><em>ΚΛΛΧ,</em></span> <span class='ocrx_word' id='word_1_30' title='bbox 421 3040 450 3101; x_wconf 88' lang='grc' dir='ltr'><em>Δ</em></span> <span class='ocrx_word' id='word_1_31' title='bbox 471 3041 613 3116; x_wconf 88' lang='lat' dir='ltr'>punctum</span> <span class='ocrx_word' id='word_1_32' title='bbox 635 3036 856 3116; x_wconf 85' lang='lat' dir='ltr'>aequatoriurn‚</span> <span class='ocrx_word' id='word_1_33' title='bbox 890 3046 1025 3102; x_wconf 84' lang='lat' dir='ltr'>centrum</span> <span class='ocrx_word' id='word_1_34' title='bbox 1048 3038 1206 3101; x_wconf 86' lang='lat' dir='ltr'>socentrici</span> <span class='ocrx_word' id='word_1_35' title='bbox 1230 3039 1260 3100; x_wconf 92' lang='lat' dir='ltr'>in</span> <span class='ocrx_word' id='word_1_36' title='bbox 1284 3039 1341 3100; x_wconf 87' lang='lat' dir='ltr'>hoc</span> <span class='ocrx_word' id='word_1_37' title='bbox 1362 3037 1442 3100; x_wconf 86' lang='lat' dir='ltr'>linea</span> <span class='ocrx_word' id='word_1_38' title='bbox 1458 3043 1488 3096; x_wconf 89' lang='lat' dir='ltr'>et</span> <span class='ocrx_word' id='word_1_39' title='bbox 1502 3039 1613 3112; x_wconf 84' lang='lat' dir='ltr'>puncto</span> 
     </span>
     <span class='ocr_line' id='line_1_7' title="bbox 264 3122 1615 3209; baseline -0.008 -16"><span class='ocrx_word' id='word_1_40' title='bbox 264 3132 302 3204; x_wconf 80' lang='lat' dir='ltr'>A,</span> <span class='ocrx_word' id='word_1_41' title='bbox 327 3137 360 3189; x_wconf 94' lang='lat' dir='ltr'>et</span> <span class='ocrx_word' id='word_1_42' title='bbox 382 3125 566 3188; x_wconf 84' lang='lat' dir='ltr'>eccentricus</span> <span class='ocrx_word' id='word_1_43' title='bbox 590 3127 665 3195; x_wconf 87' lang='lat' dir='ltr'>XZ,</span> <span class='ocrx_word' id='word_1_44' title='bbox 688 3131 721 3185; x_wconf 92' lang='lat' dir='ltr'>et</span> <span class='ocrx_word' id='word_1_45' title='bbox 743 3125 925 3203; x_wconf 86' lang='lat' dir='ltr'>respondeat</span> <span class='ocrx_word' id='word_1_46' title='bbox 947 3128 1022 3190; x_wconf 89' lang='lat' dir='ltr'>haec</span> <span class='ocrx_word' id='word_1_47' title='bbox 1045 3127 1222 3209; x_wconf 82' lang='lat' dir='ltr'>hypothesis</span> <span class='ocrx_word' id='word_1_48' title='bbox 1246 3128 1383 3190; x_wconf 90' lang='lat' dir='ltr'>omnibus</span> <span class='ocrx_word' id='word_1_49' title='bbox 1407 3125 1482 3187; x_wconf 93' lang='lat' dir='ltr'>locis</span> <span class='ocrx_word' id='word_1_50' title='bbox 1506 3122 1615 3184; x_wconf 91' lang='lat' dir='ltr'>obser-</span> 
     </span>
     <span class='ocr_line' id='line_1_8' title="bbox 265 3212 1399 3294; baseline -0.002 -16"><span class='ocrx_word' id='word_1_51' title='bbox 265 3218 347 3278; x_wconf 86' lang='lat' dir='ltr'>vatis</span> <span class='ocrx_word' id='word_1_52' title='bbox 370 3217 425 3277; x_wconf 87' lang='lat' dir='ltr'>sub</span> <span class='ocrx_word' id='word_1_53' title='bbox 448 3215 591 3276; x_wconf 77' lang='lat' dir='ltr'>articulos</span> <span class='ocrx_word' id='word_1_54' title='bbox 615 3212 810 3292; x_wconf 86' lang='lat' dir='ltr'>oppositionis</span> <span class='ocrx_word' id='word_1_55' title='bbox 833 3215 974 3294; x_wconf 83' lang='lat' dir='ltr'>planetas</span> <span class='ocrx_word' id='word_1_56' title='bbox 1004 3235 1069 3278; x_wconf 91' lang='lat' dir='ltr'>cum</span> <span class='ocrx_word' id='word_1_57' title='bbox 1093 3215 1173 3278; x_wconf 87' lang='lat' dir='ltr'>Solis</span> <span class='ocrx_word' id='word_1_58' title='bbox 1198 3218 1263 3279; x_wconf 92' lang='lat' dir='ltr'>loco</span> <span class='ocrx_word' id='word_1_59' title='bbox 1288 3216 1399 3278; x_wconf 85' lang='lat' dir='ltr'>medio.</span> 
     </span>
    </p>

    <p class='ocr_par' dir='ltr' id='par_1_5' title="bbox 222 3299 1620 4813">
     <span class='ocr_line' id='line_1_9' title="bbox 339 3299 1614 3388; baseline -0.005 -21"><span class='ocrx_word' id='word_1_60' title='bbox 339 3305 412 3368; x_wconf 76' lang='lat' dir='ltr'>&#39;Hic</span> <span class='ocrx_word' id='word_1_61' title='bbox 444 3324 519 3386; x_wconf 91' lang='lat' dir='ltr'>quae</span> <span class='ocrx_word' id='word_1_62' title='bbox 553 3302 718 3382; x_wconf 85' lang='lat' dir='ltr'>Coperoioo</span> <span class='ocrx_word' id='word_1_63' title='bbox 750 3302 848 3382; x_wconf 86' lang='lat' dir='ltr'>objeci</span> <span class='ocrx_word' id='word_1_64' title='bbox 877 3304 914 3365; x_wconf 91' lang='lat' dir='ltr'>de</span> <span class='ocrx_word' id='word_1_65' title='bbox 945 3305 1147 3366; x_wconf 81' lang='lat' dir='ltr'>concinnitate</span> <span class='ocrx_word' id='word_1_66' title='bbox 1171 3313 1269 3367; x_wconf 90' lang='lat' dir='ltr'>motus</span> <span class='ocrx_word' id='word_1_67' title='bbox 1293 3303 1420 3388; x_wconf 81' lang='lat' dir='ltr'>physici,</span> <span class='ocrx_word' id='word_1_68' title='bbox 1445 3320 1505 3364; x_wconf 93' lang='lat' dir='ltr'>non</span> <span class='ocrx_word' id='word_1_69' title='bbox 1524 3299 1614 3378; x_wconf 87' lang='lat' dir='ltr'>plane</span> 
     </span>
     <span class='ocr_line' id='line_1_10' title="bbox 266 3388 1616 3475; baseline -0.007 -17"><span class='ocrx_word' id='word_1_70' title='bbox 266 3403 298 3458; x_wconf 88' lang='lat' dir='ltr'>et</span> <span class='ocrx_word' id='word_1_71' title='bbox 320 3396 350 3456; x_wconf 90' lang='lat' dir='ltr'>iu</span> <span class='ocrx_word' id='word_1_72' title='bbox 374 3394 580 3456; x_wconf 84' lang='lat' dir='ltr'>Ptolemaeum</span> <span class='ocrx_word' id='word_1_73' title='bbox 604 3391 762 3470; x_wconf 84' lang='lat' dir='ltr'>quadrant.</span> <span class='ocrx_word' id='word_1_74' title='bbox 807 3392 888 3454; x_wconf 88' lang='lat' dir='ltr'>Nam</span> <span class='ocrx_word' id='word_1_75' title='bbox 911 3403 1046 3456; x_wconf 85' lang='lat' dir='ltr'>centrum</span> <span class='ocrx_word' id='word_1_76' title='bbox 1070 3395 1188 3474; x_wconf 90' lang='lat' dir='ltr'>quidem</span> <span class='ocrx_word' id='word_1_77' title='bbox 1217 3395 1359 3475; x_wconf 85' lang='lat' dir='ltr'>epicycli,</span> <span class='ocrx_word' id='word_1_78' title='bbox 1392 3391 1441 3472; x_wconf 92' lang='lat' dir='ltr'>qui</span> <span class='ocrx_word' id='word_1_79' title='bbox 1466 3388 1616 3452; x_wconf 86' lang='lat' dir='ltr'>secundae</span> 
     </span>
     <span class='ocr_line' id='line_1_11' title="bbox 266 3478 1616 3563; baseline -0.015 -6"><span class='ocrx_word' id='word_1_80' title='bbox 266 3485 364 3546; x_wconf 64' lang='lat' dir='ltr'>Servii</span> <span class='ocrx_word' id='word_1_81' title='bbox 391 3478 612 3563; x_wconf 65' lang='lat' dir='ltr'>inaequalitati,</span> <span class='ocrx_word' id='word_1_82' title='bbox 648 3479 696 3540; x_wconf 77' lang='lat' dir='ltr'>bic</span> <span class='ocrx_word' id='word_1_83' title='bbox 720 3498 813 3558; x_wconf 83' lang='lat' dir='ltr'>aeque</span> <span class='ocrx_word' id='word_1_84' title='bbox 837 3501 872 3542; x_wconf 88' lang='lat' dir='ltr'>ac</span> <span class='ocrx_word' id='word_1_85' title='bbox 896 3482 980 3560; x_wconf 90' lang='lat' dir='ltr'>prius</span> <span class='ocrx_word' id='word_1_86' title='bbox 1002 3483 1067 3562; x_wconf 87' lang='lat' dir='ltr'>ipss</span> <span class='ocrx_word' id='word_1_87' title='bbox 1091 3483 1215 3562; x_wconf 76' lang='lat' dir='ltr'>planjeta</span> <span class='ocrx_word' id='word_1_88' title='bbox 1238 3483 1418 3546; x_wconf 85' lang='lat' dir='ltr'>transfertur</span> <span class='ocrx_word' id='word_1_89' title='bbox 1442 3479 1540 3552; x_wconf 84' lang='lat' dir='ltr'>tarde,</span> <span class='ocrx_word' id='word_1_90' title='bbox 1564 3497 1616 3539; x_wconf 90' lang='lat' dir='ltr'>ce-</span> 
     </span>
     <span class='ocr_line' id='line_1_12' title="bbox 267 3567 1618 3652; baseline -0.007 -17"><span class='ocrx_word' id='word_1_91' title='bbox 267 3573 386 3647; x_wconf 90' lang='lat' dir='ltr'>leriter,</span> <span class='ocrx_word' id='word_1_92' title='bbox 417 3590 472 3652; x_wconf 90' lang='lat' dir='ltr'>pro</span> <span class='ocrx_word' id='word_1_93' title='bbox 504 3589 558 3631; x_wconf 88' lang='lat' dir='ltr'>sno</span> <span class='ocrx_word' id='word_1_94' title='bbox 594 3567 632 3628; x_wconf 90' lang='lat' dir='ltr'>ad</span> <span class='ocrx_word' id='word_1_95' title='bbox 655 3567 685 3628; x_wconf 92' lang='lat' dir='ltr'>K</span> <span class='ocrx_word' id='word_1_96' title='bbox 708 3567 831 3628; x_wconf 85' lang='lat' dir='ltr'>Terram</span> <span class='ocrx_word' id='word_1_97' title='bbox 859 3589 983 3631; x_wconf 87' lang='lat' dir='ltr'>accessu</span> <span class='ocrx_word' id='word_1_98' title='bbox 1011 3573 1059 3634; x_wconf 83' lang='lat' dir='ltr'>vel</span> <span class='ocrx_word' id='word_1_99' title='bbox 1083 3585 1203 3634; x_wconf 86' lang='lat' dir='ltr'>recessu</span> <span class='ocrx_word' id='word_1_100' title='bbox 1227 3573 1255 3634; x_wconf 92' lang='lat' dir='ltr'>in</span> <span class='ocrx_word' id='word_1_101' title='bbox 1281 3571 1390 3634; x_wconf 91' lang='lat' dir='ltr'>circulo</span> <span class='ocrx_word' id='word_1_102' title='bbox 1414 3567 1618 3632; x_wconf 75' lang='lat' dir='ltr'>Xzz&#39;inesse</span> 
     </span>
     <span class='ocr_line' id='line_1_13' title="bbox 266 3655 1618 3740; baseline -0.007 -16"><span class='ocrx_word' id='word_1_103' title='bbox 266 3671 370 3724; x_wconf 84' lang='lat' dir='ltr'>autem</span> <span class='ocrx_word' id='word_1_104' title='bbox 402 3661 432 3721; x_wconf 93' lang='lat' dir='ltr'>in</span> <span class='ocrx_word' id='word_1_105' title='bbox 456 3660 486 3721; x_wconf 86' lang='lat' dir='ltr'><strong>K</strong></span> <span class='ocrx_word' id='word_1_106' title='bbox 508 3659 603 3719; x_wconf 83' lang='lat' dir='ltr'>Terra</span> <span class='ocrx_word' id='word_1_107' title='bbox 632 3658 681 3729; x_wconf 85' lang='lat' dir='ltr'>(ut</span> <span class='ocrx_word' id='word_1_108' title='bbox 711 3656 793 3734; x_wconf 87' lang='lat' dir='ltr'>prius</span> <span class='ocrx_word' id='word_1_109' title='bbox 824 3659 903 3738; x_wconf 89' lang='lat' dir='ltr'>apud</span> <span class='ocrx_word' id='word_1_110' title='bbox 941 3657 1139 3740; x_wconf 86' lang='lat' dir='ltr'>Oopernicum</span> <span class='ocrx_word' id='word_1_111' title='bbox 1180 3662 1212 3723; x_wconf 92' lang='lat' dir='ltr'>in</span> <span class='ocrx_word' id='word_1_112' title='bbox 1243 3659 1331 3735; x_wconf 89' lang='lat' dir='ltr'>Sole,</span> <span class='ocrx_word' id='word_1_113' title='bbox 1380 3658 1469 3721; x_wconf 89' lang='lat' dir='ltr'>corde</span> <span class='ocrx_word' id='word_1_114' title='bbox 1502 3655 1618 3727; x_wconf 88' lang='lat' dir='ltr'>mundi)</span> 
     </span>
     <span class='ocr_line' id='line_1_14' title="bbox 268 3736 1618 3832; baseline -0.006 -20"><span class='ocrx_word' id='word_1_115' title='bbox 268 3751 328 3811; x_wconf 85' lang='lat' dir='ltr'>rim</span> <span class='ocrx_word' id='word_1_116' title='bbox 357 3749 528 3820; x_wconf 85' lang='lat' dir='ltr'>motrioem,</span> <span class='ocrx_word' id='word_1_117' title='bbox 575 3763 652 3826; x_wconf 86' lang='lat' dir='ltr'>quae</span> <span class='ocrx_word' id='word_1_118' title='bbox 693 3753 800 3808; x_wconf 78' lang='lat' dir='ltr'>centra</span> <span class='ocrx_word' id='word_1_119' title='bbox 836 3745 1006 3827; x_wconf 88' lang='lat' dir='ltr'>hujusmodi</span> <span class='ocrx_word' id='word_1_120' title='bbox 1054 3749 1256 3832; x_wconf 85' lang='lat' dir='ltr'>epicyolornm</span> <span class='ocrx_word' id='word_1_121' title='bbox 1289 3746 1515 3827; x_wconf 84' lang='lat' dir='ltr'>circumagitet‚</span> <span class='ocrx_word' id='word_1_122' title='bbox 1561 3736 1618 3805; x_wconf 83' lang='lat' dir='ltr'>ab&#39;-</span> 
     </span>
     <span class='ocr_line' id='line_1_15' title="bbox 267 3833 1619 3920; baseline -0.005 -20"><span class='ocrx_word' id='word_1_123' title='bbox 267 3839 388 3900; x_wconf 89' lang='lat' dir='ltr'>surdum</span> <span class='ocrx_word' id='word_1_124' title='bbox 416 3845 448 3899; x_wconf 89' lang='lat' dir='ltr'>et</span> <span class='ocrx_word' id='word_1_125' title='bbox 477 3842 678 3898; x_wconf 89' lang='lat' dir='ltr'>monstrosum</span> <span class='ocrx_word' id='word_1_126' title='bbox 705 3843 754 3898; x_wconf 88' lang='lat' dir='ltr'>est</span> <span class='ocrx_word' id='word_1_127' title='bbox 783 3843 929 3899; x_wconf 87' lang='lat' dir='ltr'>statuere.</span> <span class='ocrx_word' id='word_1_128' title='bbox 976 3838 1049 3901; x_wconf 87' lang='lat' dir='ltr'>Alia</span> <span class='ocrx_word' id='word_1_129' title='bbox 1072 3857 1141 3901; x_wconf 90' lang='lat' dir='ltr'>vero</span> <span class='ocrx_word' id='word_1_130' title='bbox 1168 3839 1218 3902; x_wconf 87' lang='lat' dir='ltr'>via</span> <span class='ocrx_word' id='word_1_131' title='bbox 1240 3837 1409 3920; x_wconf 82' lang='lat' dir='ltr'>impugnari</span> <span class='ocrx_word' id='word_1_132' title='bbox 1433 3853 1471 3896; x_wconf 85' lang='lat' dir='ltr'>ex</span> <span class='ocrx_word' id='word_1_133' title='bbox 1492 3833 1619 3915; x_wconf 84' lang='lat' dir='ltr'>physica</span> 
     </span>
     <span class='ocr_line' id='line_1_16' title="bbox 266 3922 1617 4010; baseline -0.006 -21"><span class='ocrx_word' id='word_1_134' title='bbox 266 3934 370 4006; x_wconf 91' lang='lat' dir='ltr'>potest</span> <span class='ocrx_word' id='word_1_135' title='bbox 393 3927 469 3988; x_wconf 81' lang='lat' dir='ltr'>haec</span> <span class='ocrx_word' id='word_1_136' title='bbox 500 3922 686 4006; x_wconf 87' lang='lat' dir='ltr'>hypothesis.</span> <span class='ocrx_word' id='word_1_137' title='bbox 732 3923 791 3986; x_wconf 90' lang='lat' dir='ltr'>Est</span> <span class='ocrx_word' id='word_1_138' title='bbox 820 3926 898 3987; x_wconf 91' lang='lat' dir='ltr'>enim</span> <span class='ocrx_word' id='word_1_139' title='bbox 922 3927 989 3989; x_wconf 91' lang='lat' dir='ltr'>huic</span> <span class='ocrx_word' id='word_1_140' title='bbox 1014 3929 1127 3990; x_wconf 83' lang='lat' dir='ltr'>formae</span> <span class='ocrx_word' id='word_1_141' title='bbox 1152 3927 1372 4010; x_wconf 87' lang='lat' dir='ltr'>quodammodo</span> <span class='ocrx_word' id='word_1_142' title='bbox 1397 3923 1519 4005; x_wconf 88' lang='lat' dir='ltr'>propria</span> <span class='ocrx_word' id='word_1_143' title='bbox 1541 3922 1617 3985; x_wconf 90' lang='lat' dir='ltr'>soll-</span> 
     </span>
     <span class='ocr_line' id='line_1_17' title="bbox 268 4012 1618 4095; baseline -0.004 -18"><span class='ocrx_word' id='word_1_144' title='bbox 268 4016 348 4078; x_wconf 85' lang='lat' dir='ltr'>ditas</span> <span class='ocrx_word' id='word_1_145' title='bbox 371 4015 495 4090; x_wconf 90' lang='lat' dir='ltr'>orbium,</span> <span class='ocrx_word' id='word_1_146' title='bbox 519 4031 579 4094; x_wconf 86' lang='lat' dir='ltr'>qua</span> <span class='ocrx_word' id='word_1_147' title='bbox 603 4016 670 4090; x_wconf 87' lang='lat' dir='ltr'>(per</span> <span class='ocrx_word' id='word_1_148' title='bbox 689 4012 838 4095; x_wconf 86' lang='lat' dir='ltr'>Tychonis</span> <span class='ocrx_word' id='word_1_149' title='bbox 857 4016 959 4078; x_wconf 89' lang='lat' dir='ltr'>Brahe</span> <span class='ocrx_word' id='word_1_150' title='bbox 974 4017 1202 4080; x_wconf 87' lang='lat' dir='ltr'>observationes</span> <span class='ocrx_word' id='word_1_151' title='bbox 1228 4015 1427 4089; x_wconf 89' lang='lat' dir='ltr'>cometarum)</span> <span class='ocrx_word' id='word_1_152' title='bbox 1452 4013 1618 4084; x_wconf 81' lang='lat' dir='ltr'>destructa,</span> 
     </span>
     <span class='ocr_line' id='line_1_18' title="bbox 268 4101 1618 4190; baseline -0.004 -23"><span class='ocrx_word' id='word_1_153' title='bbox 268 4106 343 4167; x_wconf 75' lang='lat' dir='ltr'>liaeo</span> <span class='ocrx_word' id='word_1_154' title='bbox 375 4123 428 4183; x_wconf 88' lang='lat' dir='ltr'>per</span> <span class='ocrx_word' id='word_1_155' title='bbox 460 4123 528 4166; x_wconf 90' lang='lat' dir='ltr'>sese</span> <span class='ocrx_word' id='word_1_156' title='bbox 559 4102 775 4183; x_wconf 83' lang='lat' dir='ltr'>quodammodo</span> <span class='ocrx_word' id='word_1_157' title='bbox 808 4105 916 4167; x_wconf 87' lang='lat' dir='ltr'>cadere</span> <span class='ocrx_word' id='word_1_158' title='bbox 951 4105 1069 4169; x_wconf 88' lang='lat' dir='ltr'>ridetur</span> <span class='ocrx_word' id='word_1_159' title='bbox 1103 4107 1299 4190; x_wconf 88' lang='lat' dir='ltr'>hypothesis;</span> <span class='ocrx_word' id='word_1_160' title='bbox 1333 4109 1518 4172; x_wconf 83' lang='lat' dir='ltr'>statueretur</span> <span class='ocrx_word' id='word_1_161' title='bbox 1542 4101 1618 4162; x_wconf 88' lang='lat' dir='ltr'>enim</span> 
     </span>
     <span class='ocr_line' id='line_1_19' title="bbox 268 4190 1619 4277; baseline -0.001 -24"><span class='ocrx_word' id='word_1_162' title='bbox 268 4193 315 4254; x_wconf 87' lang='lat' dir='ltr'>vis</span> <span class='ocrx_word' id='word_1_163' title='bbox 338 4193 447 4256; x_wconf 82' lang='lat' dir='ltr'>motrix</span> <span class='ocrx_word' id='word_1_164' title='bbox 470 4193 499 4254; x_wconf 93' lang='lat' dir='ltr'>in</span> <span class='ocrx_word' id='word_1_165' title='bbox 523 4200 625 4254; x_wconf 90' lang='lat' dir='ltr'>centro</span> <span class='ocrx_word' id='word_1_166' title='bbox 653 4190 778 4274; x_wconf 88' lang='lat' dir='ltr'>epicycli</span> <span class='ocrx_word' id='word_1_167' title='bbox 806 4194 850 4267; x_wconf 88' lang='lat' dir='ltr'>(in</span> <span class='ocrx_word' id='word_1_168' title='bbox 874 4215 933 4258; x_wconf 92' lang='lat' dir='ltr'>oon</span> <span class='ocrx_word' id='word_1_169' title='bbox 957 4213 1079 4275; x_wconf 91' lang='lat' dir='ltr'>corpore</span> <span class='ocrx_word' id='word_1_170' title='bbox 1105 4197 1158 4258; x_wconf 86' lang='lat' dir='ltr'>sed</span> <span class='ocrx_word' id='word_1_171' title='bbox 1182 4206 1291 4277; x_wconf 92' lang='lat' dir='ltr'>puncto</span> <span class='ocrx_word' id='word_1_172' title='bbox 1313 4191 1544 4264; x_wconf 86' lang='lat' dir='ltr'>mathematico)</span> <span class='ocrx_word' id='word_1_173' title='bbox 1568 4209 1619 4253; x_wconf 92' lang='lat' dir='ltr'>re·</span> 
     </span>
     <span class='ocr_line' id='line_1_20' title="bbox 269 4278 1620 4364; baseline -0.003 -20"><span class='ocrx_word' id='word_1_174' title='bbox 269 4282 367 4344; x_wconf 89' lang='lat' dir='ltr'>sidere</span> <span class='ocrx_word' id='word_1_175' title='bbox 398 4291 430 4344; x_wconf 92' lang='lat' dir='ltr'>et</span> <span class='ocrx_word' id='word_1_176' title='bbox 461 4281 577 4362; x_wconf 80' lang='lat' dir='ltr'>agitare</span> <span class='ocrx_word' id='word_1_177' title='bbox 607 4300 640 4340; x_wconf 87' lang='lat' dir='ltr'>se</span> <span class='ocrx_word' id='word_1_178' title='bbox 664 4278 760 4358; x_wconf 83' lang='lat' dir='ltr'>ipsam</span> <span class='ocrx_word' id='word_1_179' title='bbox 784 4283 821 4345; x_wconf 91' lang='lat' dir='ltr'>de</span> <span class='ocrx_word' id='word_1_180' title='bbox 844 4284 910 4346; x_wconf 89' lang='lat' dir='ltr'>loco</span> <span class='ocrx_word' id='word_1_181' title='bbox 933 4285 963 4346; x_wconf 95' lang='lat' dir='ltr'>in</span> <span class='ocrx_word' id='word_1_182' title='bbox 988 4285 1084 4348; x_wconf 90' lang='lat' dir='ltr'>locum</span> <span class='ocrx_word' id='word_1_183' title='bbox 1108 4286 1306 4360; x_wconf 88' lang='lat' dir='ltr'>transeundo,</span> <span class='ocrx_word' id='word_1_184' title='bbox 1330 4284 1419 4364; x_wconf 91' lang='lat' dir='ltr'>idque</span> <span class='ocrx_word' id='word_1_185' title='bbox 1444 4279 1620 4360; x_wconf 86' lang='lat' dir='ltr'>aequalibus</span> 
     </span>
     <span class='ocr_line' id='line_1_21' title="bbox 270 4369 1619 4453; baseline -0.004 -19"><span class='ocrx_word' id='word_1_186' title='bbox 270 4372 453 4452; x_wconf 87' lang='lat' dir='ltr'>temporibus</span> <span class='ocrx_word' id='word_1_187' title='bbox 476 4369 694 4452; x_wconf 86' lang='lat' dir='ltr'>inaequaliter;</span> <span class='ocrx_word' id='word_1_188' title='bbox 725 4369 814 4434; x_wconf 86' lang='lat' dir='ltr'>simul</span> <span class='ocrx_word' id='word_1_189' title='bbox 838 4392 908 4434; x_wconf 89' lang='lat' dir='ltr'>vero</span> <span class='ocrx_word' id='word_1_190' title='bbox 933 4381 965 4434; x_wconf 89' lang='lat' dir='ltr'>et</span> <span class='ocrx_word' id='word_1_191' title='bbox 990 4393 1091 4438; x_wconf 87' lang='lat' dir='ltr'>secum</span> <span class='ocrx_word' id='word_1_192' title='bbox 1114 4375 1284 4438; x_wconf 84' lang='lat' dir='ltr'>attraheret</span> <span class='ocrx_word' id='word_1_193' title='bbox 1307 4373 1459 4453; x_wconf 85' lang='lat' dir='ltr'>planetam</span> <span class='ocrx_word' id='word_1_194' title='bbox 1483 4369 1522 4430; x_wconf 87' lang='lat' dir='ltr'>nd</span> <span class='ocrx_word' id='word_1_195' title='bbox 1546 4387 1619 4447; x_wconf 87' lang='lat' dir='ltr'>pro-</span> 
     </span>
     <span class='ocr_line' id='line_1_22' title="bbox 270 4457 1619 4546; baseline -0.004 -23"><span class='ocrx_word' id='word_1_196' title='bbox 270 4461 472 4542; x_wconf 84' lang='lat' dir='ltr'>pinquitatem</span> <span class='ocrx_word' id='word_1_197' title='bbox 504 4460 643 4522; x_wconf 87' lang='lat' dir='ltr'>diametri</span> <span class='ocrx_word' id='word_1_198' title='bbox 671 4458 797 4538; x_wconf 88' lang='lat' dir='ltr'>epicycli</span> <span class='ocrx_word' id='word_1_199' title='bbox 825 4461 964 4544; x_wconf 91' lang='lat' dir='ltr'>illumque</span> <span class='ocrx_word' id='word_1_200' title='bbox 988 4463 1077 4526; x_wconf 90' lang='lat' dir='ltr'>simul</span> <span class='ocrx_word' id='word_1_201' title='bbox 1100 4463 1180 4526; x_wconf 86' lang='lat' dir='ltr'>circa</span> <span class='ocrx_word' id='word_1_202' title='bbox 1203 4481 1271 4526; x_wconf 91' lang='lat' dir='ltr'>sese</span> <span class='ocrx_word' id='word_1_203' title='bbox 1296 4467 1421 4546; x_wconf 84' lang='lat' dir='ltr'>gyraret</span> <span class='ocrx_word' id='word_1_204' title='bbox 1443 4457 1619 4540; x_wconf 79' lang='lat' dir='ltr'>aequalibus</span> 
     </span>
     <span class='ocr_line' id='line_1_23' title="bbox 222 4549 1618 4630; baseline -0.004 -17"><span class='ocrx_word' id='word_1_205' title='bbox 222 4588 232 4603; x_wconf 77' lang='lat'>.,</span> <span class='ocrx_word' id='word_1_206' title='bbox 271 4549 455 4630; x_wconf 89' lang='lat' dir='ltr'>temporibus</span> <span class='ocrx_word' id='word_1_207' title='bbox 497 4549 670 4630; x_wconf 86' lang='lat' dir='ltr'>aequaliter.</span> <span class='ocrx_word' id='word_1_208' title='bbox 734 4549 818 4610; x_wconf 87' lang='lat' dir='ltr'>Haec</span> <span class='ocrx_word' id='word_1_209' title='bbox 854 4557 943 4613; x_wconf 88' lang='lat' dir='ltr'>tanta</span> <span class='ocrx_word' id='word_1_210' title='bbox 969 4551 1103 4614; x_wconf 85' lang='lat' dir='ltr'>varietas</span> <span class='ocrx_word' id='word_1_211' title='bbox 1133 4552 1164 4614; x_wconf 92' lang='lat' dir='ltr'>in</span> <span class='ocrx_word' id='word_1_212' title='bbox 1197 4571 1284 4614; x_wconf 87' lang='lat' dir='ltr'>unam</span> <span class='ocrx_word' id='word_1_213' title='bbox 1307 4550 1466 4614; x_wconf 90' lang='lat' dir='ltr'>motrioem</span> <span class='ocrx_word' id='word_1_214' title='bbox 1488 4553 1618 4611; x_wconf 90' lang='lat' dir='ltr'>mentem</span> 
     </span>
     <span class='ocr_line' id='line_1_24' title="bbox 271 4635 1618 4722; baseline -0.003 -20"><span class='ocrx_word' id='word_1_215' title='bbox 271 4641 381 4703; x_wconf 85' lang='lat' dir='ltr'>cadere</span> <span class='ocrx_word' id='word_1_216' title='bbox 412 4658 472 4699; x_wconf 93' lang='lat' dir='ltr'>non</span> <span class='ocrx_word' id='word_1_217' title='bbox 494 4645 611 4715; x_wconf 90' lang='lat' dir='ltr'>potest,</span> <span class='ocrx_word' id='word_1_218' title='bbox 639 4635 697 4700; x_wconf 90' lang='lat' dir='ltr'>nisi</span> <span class='ocrx_word' id='word_1_219' title='bbox 719 4636 802 4700; x_wconf 89' lang='lat' dir='ltr'>Deus</span> <span class='ocrx_word' id='word_1_220' title='bbox 826 4639 883 4716; x_wconf 90' lang='lat' dir='ltr'>sit,</span> <span class='ocrx_word' id='word_1_221' title='bbox 908 4641 1091 4722; x_wconf 80' lang='lat' dir='ltr'>suffragante</span> <span class='ocrx_word' id='word_1_222' title='bbox 1115 4640 1282 4704; x_wconf 88' lang='lat' dir='ltr'>Aristotele</span> <span class='ocrx_word' id='word_1_223' title='bbox 1305 4641 1356 4704; x_wconf 93' lang='lat' dir='ltr'>lib.</span> <span class='ocrx_word' id='word_1_224' title='bbox 1381 4641 1404 4704; x_wconf 91' lang='lat' dir='ltr'>I.</span> <span class='ocrx_word' id='word_1_225' title='bbox 1426 4635 1618 4718; x_wconf 87' lang='lat' dir='ltr'>Metaphysi·</span> 
     </span>
     <span class='ocr_line' id='line_1_25' title="bbox 271 4721 1618 4813; baseline -0.004 -21"><span class='ocrx_word' id='word_1_226' title='bbox 271 4748 373 4792; x_wconf 88' lang='lat' dir='ltr'>corum</span> <span class='ocrx_word' id='word_1_227' title='bbox 402 4748 469 4808; x_wconf 90' lang='lat' dir='ltr'>cap.</span> <span class='ocrx_word' id='word_1_228' title='bbox 494 4724 534 4801; x_wconf 83' lang='lat'>8,</span> <span class='ocrx_word' id='word_1_229' title='bbox 567 4726 614 4788; x_wconf 90' lang='lat' dir='ltr'>cni</span> <span class='ocrx_word' id='word_1_230' title='bbox 640 4727 752 4807; x_wconf 80' lang='lat' dir='ltr'>placet,</span> <span class='ocrx_word' id='word_1_231' title='bbox 777 4728 902 4808; x_wconf 79' lang='lat' dir='ltr'>singulis</span> <span class='ocrx_word' id='word_1_232' title='bbox 933 4731 1064 4794; x_wconf 88' lang='lat' dir='ltr'>motibus</span> <span class='ocrx_word' id='word_1_233' title='bbox 1094 4721 1313 4813; x_wconf 86' lang='lat' dir='ltr'>aequalissimis</span> <span class='ocrx_word' id='word_1_234' title='bbox 1344 4736 1375 4790; x_wconf 92' lang='lat' dir='ltr'>et</span> <span class='ocrx_word' id='word_1_235' title='bbox 1399 4724 1618 4808; x_wconf 87' lang='lat' dir='ltr'>simplicissime</span> 
     </span>
    </p>
   </div>
   <div class='ocr_carea' id='block_1_4' title="bbox 272 4813 1736 4900">
    <p class='ocr_par' dir='ltr' id='par_1_6' title="bbox 272 4813 1736 4900">
     <span class='ocr_line' id='line_1_26' title="bbox 272 4813 1736 4900; baseline -0.004 -21"><span class='ocrx_word' id='word_1_236' title='bbox 272 4818 468 4880; x_wconf 85' lang='lat' dir='ltr'>circularibus</span> <span class='ocrx_word' id='word_1_237' title='bbox 492 4816 626 4894; x_wconf 84' lang='lat' dir='ltr'>singulas</span> <span class='ocrx_word' id='word_1_238' title='bbox 649 4817 823 4895; x_wconf 87' lang='lat' dir='ltr'>praesidere</span> <span class='ocrx_word' id='word_1_239' title='bbox 845 4827 978 4887; x_wconf 87' lang='lat' dir='ltr'>mentes:</span> <span class='ocrx_word' id='word_1_240' title='bbox 1003 4828 1172 4900; x_wconf 89' lang='lat' dir='ltr'>praeterea,</span> <span class='ocrx_word' id='word_1_241' title='bbox 1197 4819 1246 4900; x_wconf 91' lang='lat' dir='ltr'>qui</span> <span class='ocrx_word' id='word_1_242' title='bbox 1268 4819 1365 4882; x_wconf 88' lang='lat' dir='ltr'>virtus</span> <span class='ocrx_word' id='word_1_243' title='bbox 1384 4815 1485 4897; x_wconf 86' lang='lat' dir='ltr'>alique</span> <span class='ocrx_word' id='word_1_244' title='bbox 1501 4813 1619 4878; x_wconf 91' lang='lat' dir='ltr'>sedebit</span> <span class='ocrx_word' id='word_1_245' title='bbox 1731 4887 1736 4893; x_wconf 22' lang='grc' dir='ltr'>ι</span> 
     </span>
    </p>
   </div>
   <div class='ocr_carea' id='block_1_5' title="bbox 271 4900 1618 4994">
    <p class='ocr_par' dir='ltr' id='par_1_7' title="bbox 271 4900 1618 4994">
     <span class='ocr_line' id='line_1_27' title="bbox 271 4900 1618 4994; baseline -0.004 -22"><span class='ocrx_word' id='word_1_246' title='bbox 271 4907 306 4972; x_wconf 90' lang='lat' dir='ltr'>in</span> <span class='ocrx_word' id='word_1_247' title='bbox 337 4927 395 4970; x_wconf 92' lang='lat' dir='ltr'>non</span> <span class='ocrx_word' id='word_1_248' title='bbox 424 4923 561 4987; x_wconf 85' lang='lat' dir='ltr'>corpore,</span> <span class='ocrx_word' id='word_1_249' title='bbox 595 4905 698 4967; x_wconf 78' lang='lat' dir='ltr'>effluet</span> <span class='ocrx_word' id='word_1_250' title='bbox 726 4926 765 4970; x_wconf 83' lang='lat' dir='ltr'>ex</span> <span class='ocrx_word' id='word_1_251' title='bbox 792 4927 849 4970; x_wconf 93' lang='lat' dir='ltr'>non</span> <span class='ocrx_word' id='word_1_252' title='bbox 872 4927 996 4994; x_wconf 89' lang='lat' dir='ltr'>corpore</span> <span class='ocrx_word' id='word_1_253' title='bbox 1020 4910 1049 4972; x_wconf 92' lang='lat' dir='ltr'>io</span> <span class='ocrx_word' id='word_1_254' title='bbox 1073 4908 1254 4991; x_wconf 83' lang='lat' dir='ltr'>planetam?</span> <span class='ocrx_word' id='word_1_255' title='bbox 1299 4905 1416 4980; x_wconf 83' lang='lat' dir='ltr'>Quodsi</span> <span class='ocrx_word' id='word_1_256' title='bbox 1445 4905 1538 4968; x_wconf 88' lang='lat' dir='ltr'>etiam</span> <span class='ocrx_word' id='word_1_257' title='bbox 1570 4900 1618 4966; x_wconf 92' lang='lat' dir='ltr'>di·</span> 
     </span>
    </p>
   </div>
   <div class='ocr_carea' id='block_1_6' title="bbox 0 0 1784 5525">
    <p class='ocr_par' dir='ltr' id='par_1_8' title="bbox 0 0 1784 5525">
     <span class='ocr_line' id='line_1_28' title="bbox 0 0 1784 5525; baseline 0 0"><span class='ocrx_word' id='word_1_258' title='bbox 0 0 1784 5525; x_wconf 95' lang='lat' dir='ltr'> </span> 
     </span>
    </p>
   </div>
  </div>
 </body>
</html>
