3517 5525
771 369 814 452 De
826 393 940 452 'Moutur
958 397 1051 452 Stellas
1068 399 1158 452 Martis

786 631 942 732 Caput
970 631 1109 707 XLIX.

294 793 455 862 utuntur
482 792 603 875 prioris
634 791 771 856 methodi
799 793 1037 875 sequanorum,
1065 800 1095 856 et
1115 795 1278 883 methodqer
1300 795 1500 869 concinnior,
1523 796 1638 857 imino

351 882 640 968 principibusiam
662 879 781 1018 oqolem
803 901 842 944 ece
864 884 1019 945 sennodio
1041 883 1156 965 eapitis
1178 864 1290 948 XLV.
1313 883 1570 968 omnpoaeatiboe

384 1025 426 1088 Ut
457 1024 547 1102 igitur
579 987 700 1085 cauam
731 1020 864 1103 ἀιεχιιας
885 1023 1005 1103 hujus
992 1041 1057 1102 Jam
1081 1008 1237 1085 absolutae
1260 1023 1393 1094 metffodi
1416 1025 1535 1098 videas,
1566 1044 1638 1104 per-

294 1117 394 1196 pende
423 1104 527 1193 quibu's
557 1111 758 1174 fundamentis
781 1111 936 1175 innitatur
982 1112 1128 1184 Ponitur
1153 1113 1277 1192 planeta
1305 1115 1337 1176 in
1371 1115 1504 1196 epicyclo
1526 1113 1639 1176 moveri

294 1203 467 1284 aequaliter,
493 1199 605 1263 aSole
629 1202 694 1282 rapi
715 1201 913 1280 inaequaliter
934 1220 987 1280 pro
1010 1201 1126 1264 ratione
1150 1201 1368 1267 distantiarum
1416 1203 1463 1265 Ex
1490 1203 1538 1270 bis
1561 1203 1639 1264 duo-

293 1294 349 1355 bus
379 1299 478 1353 motns
509 1288 663 1369 principiis
695 1289 828 1379 naicitqr
857 1291 908 1350 via
940 1291 1046 1352 uvalis
1095 1291 1160 1352 At
1168 1291 1271 1372 nequit
1300 1292 1357 1353 hac
1386 1291 1525 1353 methodo
1558 1292 1639 1366 sciri,

294 1389 407 1463 quanta
427 1379 525 1461 portio
550 1379 586 1440 de
609 1379 659 1440 ma
682 1374 761 1442 ovat
785 1363 890 1457 cuiqqe
913 1379 984 1440 dato
1008 1381 1134 1459 tempori
1157 1381 1354 1458 respoudeat,
1379 1381 1437 1442 etsi
1456 1380 1569 1443 sciatur
1590 1380 1639 1442 di-

295 1471 408 1532 stantia
437 1468 519 1530 illius
547 1476 616 1546 port
603 1467 710 1543 tionis,
741 1467 797 1528 uisi
826 1468 863 1528 ab
888 1460 972 1529 initio
996 1468 1109 1529 sciatur
1131 1468 1285 1550 longitudo
1308 1469 1402 1532 totins
1420 1470 1527 1533 uvalis.
1573 1470 1640 1531 Ne-

296 1560 361 1641 quit
383 1565 482 1620 antem
507 1557 576 1618 sciri
600 1517 753 1634 longitudo
778 1556 889 1632 ousiis,
913 1558 971 1618 nisi
994 1575 1032 1617 ex
1055 1557 1204 1619 modulo
1196 1573 1350 1637 regressus
1372 1560 1514 1638 planetae
1537 1579 1557 1619 a
1578 1559 1640 1619 cir-

295 1646 469 1712 cumfereut'
461 1667 492 1707 ra
524 1645 626 1707 circuli
658 1647 697 1708 ad
729 1646 837 1707 latera.
894 1644 956 1708 Sed
983 1665 1077 1724 neque
1106 1646 1242 1708 modulus
1269 1648 1397 1727 hujus
1388 1665 1543 1726 ingressus
1567 1657 1639 1709 aute

295 1737 442 1811 noscitur,
468 1753 556 1813 quam
580 1741 734 1808 noscatur,
768 1742 882 1814 quanta
913 1735 1010 1814 portio
1043 1733 1080 1794 de
1113 1735 1162 1794 via
1189 1736 1269 1796 ovali
1292 1737 1347 1814 so
1371 1755 1544 1818 quocunque
1567 1737 1641 1798 dato

296 1835 429 1905 tempore
454 1823 634 1884 conficiatur.
692 1824 750 1884 Hie
781 1823 865 1884 vides
895 1824 960 1903 peti
989 1822 1179 1903 principium:
1210 1833 1243 1886 et
1275 1826 1307 1886 in
1340 1825 1513 1904 operatione
1537 1836 1642 1887 nustm

293 1915 377 1996 prius
401 1931 637 1974 assumseramus
662 1914 738 1990 quod
763 1913 976 1992 quaerebatur,
1010 1912 1127 1973 scilieet
1150 1913 1364 1991 longitudinem
1388 1914 1493 1975 ovalis.
1533 1915 1640 1993 Neque

297 2006 355 2066 boc
377 2003 481 2063 uitium
505 2002 613 2062 saltem
638 2012 684 2062 est
708 2001 919 2062 intellectionis
942 2013 1080 2074 nostrae,
1112 2002 1165 2062 sed
1190 2003 1228 2062 ab
1250 2003 1317 2081 ipso
1338 2004 1490 2083 primaevo
1518 2003 1642 2065 ordina-

296 2102 362 2155 tore
385 2090 618 2172 planetariorum
642 2109 780 2151 cursuum
805 2090 1035 2152 alienissimum:
1060 2091 1178 2169 qualem
1206 2089 1424 2169 dysenttpqror
1447 2092 1642 2171 anticipatio-

214 2175 219 2196 '
296 2199 363 2244 nem
385 2182 416 2242 in
438 2179 548 2241 ceteris
572 2179 636 2259 ejus
660 2179 797 2257 operibus
821 2179 966 2240 hactenns
993 2198 1052 2240 non
1075 2180 1249 2241 invenimus.
1302 2181 1409 2260 Itaque
1433 2189 1486 2241 aut
1508 2180 1570 2242 alia
1592 2188 1643 2242 est

296 2269 426 2332 ineunda
448 2267 545 2342 ratio,
576 2267 743 2347 opinionem
775 2268 885 2347 capitis
907 2268 1007 2330 XLV.
1032 2268 1070 2328 ad
1094 2268 1227 2330 calculos
1250 2269 1393 2343 vocandi,
1427 2278 1498 2343 aut-3
1536 2270 1563 2331 si
1585 2270 1643 2332 hoc

296 2359 360 2422 fieri
390 2358 509 2437 nequit,
549 2357 647 2436 opinio
676 2358 758 2436 ipsa,
792 2364 897 2437 utpote
921 2357 958 2416 de
980 2357 1036 2417 bac
1059 2358 1196 2437 principii
1220 2360 1363 2438 petitione
1386 2364 1546 2439 stspecta,
1584 2377 1643 2420 ra-

297 2447 423 2510 sillabit.

386 2533 555 2614 Implicatio
579 2533 665 2594 nobis
689 2533 756 2594 hinc
780 2540 829 2594 est
850 2541 937 2607 nata,
969 2534 1048 2615 quod
1071 2535 1188 2596 evalem
1210 2536 1406 2614 compositam
1428 2536 1524 2608 viam,
1553 2555 1642 2598 men-

301 2645 371 2688 sura
401 2622 548 2703 aequabili
578 2623 720 2703 temporis
743 2623 803 2695 usi,
828 2623 869 2684 ‘in
898 2631 1002 2702 partes
1034 2623 1182 2685 secbimus
1210 2625 1399 2705 inaequalem
1430 2633 1462 2686 et
1485 2624 1528 2686 sic
1547 2625 1641 2704 bnjus

297 2713 392 2777 ovalis
416 2711 599 2792 compositae
622 2718 724 2791 partes
748 2712 931 2793 inaequales,
955 2712 1009 2773 sed
1032 2713 1242 2775 distantiarum
1265 2715 1508 2796 compensatione
1522 2731 1641 2777 rursum

297 2810 455 2885 aequatas,
484 2802 576 2863 moris
599 2802 742 2880 planetae
766 2801 941 2882 aequalibus
965 2802 1157 2864 circumcirca
1180 2804 1315 2864 admensi
1338 2797 1450 2865 sumus.
1496 2805 1591 2884 Atqui
1609 2804 1641 2866 in

297 2890 540 2975 praesuppositis
568 2890 772 2963 habebamus,
803 2892 931 2951 alteram
964 2891 1072 2953 saltem
1095 2892 1253 2965 uirtutem,
1291 2912 1357 2954 eam
1380 2912 1457 2975 quae
1480 2910 1519 2953 ex
1541 2890 1639 2966 Sole,

297 2980 412 3045 intendi
436 2998 490 3059 pru
510 2978 719 3041 distantiarum
738 2980 864 3054 ratione,
888 2979 1029 3040 virtutem
1050 2981 1222 3058 planetae
1244 2982 1395 3061 propriam
1416 2980 1554 3042 minime:
1574 2982 1641 3061 jam

296 3072 345 3132 hic
368 3069 397 3130 in
421 3086 511 3147 opere
535 3075 689 3150 utramque
712 3068 772 3131 vim
795 3068 1011 3151 quodammodo
1035 3070 1194 3132 obnoxiam
1218 3070 1342 3132 facimus
1365 3070 1433 3132 huie
1455 3070 1641 3151 proportioni

297 3158 528 3231 distantiarum,
557 3158 802 3239 quia‘utriusqne
827 3176 980 3218 commune
1002 3175 1087 3238 opus,
1111 3158 1243 3233 evalem,
1279 3159 1421 3239 planetae
1454 3159 1576 3234 damus,
1600 3160 1640 3221 ad

296 3247 449 3310 modulum
486 3247 697 3308 distantiarum
729 3248 971 3326 percurrendam·
1022 3246 1093 3309 Etsi
1120 3248 1212 3326 igitur
1229 3248 1396 3329 propinque
1420 3248 1576 3310 admodum
1600 3248 1640 3309 ad

298 3338 459 3399 veritatem
491 3336 673 3399 accessimus
696 3334 726 3395 iu
751 3337 860 3399 effectu
882 3335 969 3413 bujus
991 3336 1140 3403 methodi,
1173 3334 1246 3399 nihil
1269 3345 1368 3397 nmen
1391 3336 1554 3406 habemus,
1583 3356 1640 3418 quo

298 3427 467 3506 gloriemur,
492 3443 666 3505 expressam
690 3443 756 3485 esse
781 3444 818 3483 ea
841 3423 1008 3502 opinionem
1031 3442 1097 3504 cap.
1110 3424 1209 3499 XLV,
1234 3426 1260 3485 si
1275 3425 1422 3487 aratione
1439 3425 1635 3488 destituimur.

296 3514 423 3579 Rectius
447 3512 541 3593 igitur
563 3512 739 3574 videbamur
762 3512 874 3586 acturi,
899 3512 926 3572 si
948 3512 1040 3573 missa
1059 3514 1109 3575 uia
1128 3514 1208 3575 ovali
1229 3534 1264 3575 co
1317 3514 1396 3575 osita
1417 3514 1538 3596 ejusque
1556 3513 1640 3594 plani

430 3632 562 3703 Fig.103.
693 3600 885 3702 quadratura,
900 3600 1030 3681 capitum
1044 3600 1161 3665 XLVI.
1184 3600 1318 3665 XLV
1339 3600 1485 3666 XLVHI
1492 3603 1640 3681 materia,

695 3690 759 3751 ad'
752 3709 820 3769 upsa
834 3690 928 3752 uvalis
943 3691 1011 3751 viae
1028 3691 1182 3771 principia,
1204 3710 1270 3772 cap.
1286 3692 1386 3755 XLV
1402 3702 1549 3767 assumta,
1571 3694 1637 3753 cal-

694 3780 790 3840 culum
805 3788 1054 3841 converteremus
1085 3779 1251 3859 Relegatur
1268 3788 1359 3861 caput
1371 3778 1470 3855 XLV,
1491 3788 1522 3842 et
1537 3788 1640 3843 centm

638 3850 658 3909 V
694 3868 725 3930 A
747 3886 870 3946 corpore
894 3868 987 3941 Solis,
1011 3868 1188 3931 diastemate
1211 3870 1284 3944 AD,
1309 3869 1437 3931 circulus
1459 3868 1521 3931 DG
1543 3870 1640 3934 centri

565 3954 569 3959 ’
694 3957 819 4039 epicycli
842 3957 1006 4031 scribarum
1030 3966 1062 4019 et
1084 3957 1161 4019 alius
1185 3967 1288 4020 tantm
1309 3958 1350 4027 A,
1374 3958 1553 4020 diastemate
1570 3959 1637 4033 AB,

696 4046 822 4107 circulus
851 4044 1020 4123 aphelii‚
1012 4066 1042 4108 un
1065 4065 1122 4127 quo
1146 4044 1189 4107 sit
1209 4046 1296 4110 AGB
1320 4047 1401 4109 linea
1422 4046 1577 4129 apsidum3
1609 4055 1642 4109 et

693 4134 831 4214 planeta,
867 4135 984 4214 quando
1017 4143 1065 4197 est
1096 4133 1229 4214 dorisco,
1262 4136 1303 4197 sit
1328 4136 1360 4198 in
1380 4136 1417 4197 B.
1462 4136 1512 4199 Sit
1540 4142 1639 4199 autem

694 4230 810 4303 tempus
834 4221 954 4303 aliquod
978 4224 1114 4302 elapsum
1131 4225 1169 4287 ab
1188 4243 1235 4299 eo,
1259 4245 1316 4307 qno
1335 4225 1459 4306 planeta
1481 4224 1539 4287 fnit
1553 4225 1583 4287 iu
1600 4224 1639 4300 B,

694 4312 777 4391 cujus
808 4330 949 4373 mensura
978 4313 1019 4375 sit
1042 4310 1124 4375 ODE
1157 4313 1284 4394 angulus
1306 4314 1337 4375 in
1365 4312 1512 4395 epicyclo,
1546 4321 1579 4375 ut
1599 4314 1638 4388 B,

694 4400 811 4481 aphelio
835 4399 971 4483 epieycli,
993 4401 1024 4462 in
1048 4399 1072 4463 0
1095 4403 1255 4477 translato,
1278 4408 1309 4463 et
1332 4400 1362 4465 G
1385 4410 1489 4465 centro
1512 4402 1640 4484 epieycli

693 4490 724 4551 in
745 4489 784 4563 D,
806 4491 930 4569 planeta
951 4488 983 4553 in
1005 4490 1137 4572 epicyclo
1161 4513 1181 4552 a
1200 4488 1224 4553 O
1247 4491 1280 4553 iu
1300 4488 1327 4552 Ε
1349 4490 1447 4553 iverit.
1493 4490 1575 4573 Ergo
1599 4490 1639 4553 ad

693 4577 932 4657 cognoscendum
953 4578 1039 4643 DAB
1063 4580 1212 4682 augnlnm,
1237 4581 1292 4641 sub
1309 4577 1392 4643 CDE
1414 4587 1543 4661 tempus,
1561 4599 1638 4682 per-

692 4667 798 4747 pende,
822 4666 977 4748 planetam
999 4690 1018 4731 a
1039 4668 1098 4729 B'
1089 4688 1119 4730 m
1141 4668 1169 4730 Ε
1191 4669 1364 4748 pervenisse
1398 4669 1512 4732 duabus
1540 4669 1638 4731 virtu-

691 4754 792 4830 tibos;
817 4754 929 4831 altera,
952 4776 1028 4838 quae
1051 4757 1149 4850 ipsum
1171 4757 1244 4819 feeit
1266 4756 1331 4820 Soli
1353 4758 1537 4861 propiorem,
1561 4777 1638 4839 qnae

693 4844 780 4907 simul
804 4843 898 4907 etiam
919 4846 1023 4908 eduxit
1045 4865 1111 4908 enm
1133 4864 1150 4907 e
1173 4846 1254 4907 linea
1276 4845 1332 4910 Ac
1355 4847 1405 4909 vel
1426 4848 1500 4923 AD,
1525 4847 1556 4909 iu
1579 4865 1639 4930 qua

691 4934 773 5014 prius
794 4934 905 5010 inerat,
930 4953 995 4997 cum
1008 4934 1065 4998 AO
1080 4941 1163 5001 esset
1179 4926 1300 5013 inAB'3
1323 4935 1430 5011 altera,
1449 4955 1526 5021 quae
1540 4937 1639 5018 ipsum
