3517 5525
310 395 372 467 150
669 394 699 445 Iu
717 394 901 445 Commentarla
918 393 949 445 de
967 392 1071 442 molibus
1091 390 1178 442 stellae
1195 388 1283 442 Moru:

305 596 357 652 per
375 579 428 634 boo
447 574 566 633 maxime
585 575 617 628 tt
636 572 781 636 versimile,
801 571 868 643 quia
887 572 916 627 in
935 590 968 627 eo
988 573 1048 631 fone
1070 576 1114 626 est
1133 576 1223 626 mutus
1243 571 1279 625 ad
1297 570 1433 626 minimum
1452 570 1570 643 quinque
1584 572 1645 643 pla·

287 667 441 716 ,netarum
480 656 544 712 Sive
568 648 643 710 'enim
669 652 892 724 Gopernioum
922 653 1046 725 sequaris
1071 652 1129 706 sire
1152 650 1334 715 Braheum,
1364 651 1492 724 utrinque
1520 652 1549 707 in
1567 653 1647 709 Sole

307 746 353 795 est
370 741 431 794 lons
452 745 542 792 motus
562 734 736 805 planetarum
756 733 882 805 quinque,
903 733 931 787 in
953 732 1167 808 coperuieo
1188 730 1272 787 etiam
1292 732 1375 796 sexti,
1397 732 1503 787 soilioet
1515 732 1644 791 Telluris.

306 822 421 876 Fontem
441 824 535 872 sutem
554 815 639 869 omnis
660 820 749 869 motus
769 813 943 868 verisimilius
963 819 1008 868 est
1026 830 1076 868 suo
1096 813 1156 867 loeo
1176 827 1287 867 manere
1307 828 1388 889 quam
1408 812 1519 868 moveri.

384 904 424 954 At
442 897 467 951 si
479 896 583 951 Brahei
603 894 756 965 opinionem
776 910 931 965 sequamur,
953 901 982 950 et
1001 893 1123 949 Solem
1143 892 1263 947 dieamus
1283 893 1399 947 moveri:
1420 892 1534 965 primum
1553 900 1648 949 manet

308 982 361 1036 boe
380 982 610 1041 demonstratum,
631 975 724 1031 Solem
743 974 851 1029 tardum
871 974 997 1029 inoedere
1018 992 1077 1029 oum
1098 990 1117 1029 a
1136 973 1222 1027 Terra
1241 972 1325 1045 longe
1345 970 1417 1041 abit,
1443 975 1566 1029 relooen
1586 990 1647 1029 oum

306 1059 525 1133 appropinquat,
546 1057 627 1128 idque
646 1073 701 1110 non
721 1057 757 1110 ad
776 1054 863 1110 risum
885 1060 1006 1119 tanturn,
1039 1056 1086 1109 eetl
1114 1052 1199 1108 etiam
1227 1052 1256 1107 iu
1283 1068 1315 1107 re
1340 1053 1417 1123 ipsa:
1447 1054 1492 1109 bio
1512 1054 1583 1109 enlm
1603 1060 1649 1109 est
1713 1050 1716 1061 '

305 1142 418 1195 effoetus
448 1136 592 1209 aequantia
622 1134 735 1204 oiruuli,
763 1152 844 1206 quem
868 1152 919 1206 per
945 1134 1204 1191 demonstrationem
1231 1134 1416 1188 neeessariam
1448 1134 1476 1189 in
1496 1134 1648 1191 theoriam

304 1220 376 1277 Solis
396 1220 566 1275 induxeram.

384 1300 473 1371 Super
492 1298 546 1353 bao
565 1296 653 1369 igitur
672 1294 824 1350 uertissima
843 1295 1015 1351 oonolusione
1035 1311 1086 1365 per
1105 1294 1291 1365 ooqjeoturam
1303 1292 1447 1366 physieenr
1464 1310 1550 1365 supra
1570 1310 1648 1350 usur-

305 1387 401 1452 patam
420 1379 616 1433 exstruendum
642 1382 718 1431 esset
736 1377 789 1431 hoo
808 1375 953 1446 physicum
979 1375 1196 1446 philosophema,
1223 1374 1316 1429 Solem
1341 1391 1399 1429 una
1425 1392 1485 1430 unm
1512 1380 1571 1430 totu
1599 1376 1648 1431 illo

306 1460 479 1531 maximoque
500 1458 618 1529 quinque
638 1457 850 1515 eooentrieorum
870 1472 953 1511 onere
974 1452 1019 1525 (nt
1039 1472 1130 1511 orasse
1151 1449 1263 1527 loquar)
1283 1471 1303 1510 ι
1322 1454 1432 1511 Tellure
1450 1456 1567 1519 moveri.
1598 1474 1649 1511 seu

307 1542 410 1597 mutem
428 1545 519 1595 motus
538 1538 611 1593 Solis
630 1544 660 1609 et
680 1538 825 1591 affixerum
845 1536 903 1591 Soli
924 1536 1041 1607 quinque
1062 1535 1273 1591 eeoentriuornm
1292 1534 1383 1590 inesse
1404 1535 1432 1591 in
1452 1536 1573 1591 Tellure.

384 1620 470 1693 Atqui
490 1634 606 1688 eorpora
624 1624 742 1688 utraque
762 1616 834 1671 Sulis
853 1623 884 1670 et
904 1618 1023 1671 Telluris
1043 1616 1223 1686 inspicimus
1241 1617 1344 1687 fiatque
1360 1608 1493 1685 judicium
1516 1618 1550 1671 de
1570 1624 1647 1672 ntro-

306 1719 368 1773 que,
391 1700 444 1755 utri
463 1698 552 1771 magis
573 1704 713 1767 oompetat
731 1698 792 1752 fons
812 1703 902 1751 motus
923 1698 1043 1768 eorporis
1063 1696 1178 1766 reliqui:
1207 1696 1290 1753 Solne
1310 1696 1423 1751 Terram
1446 1703 1572 1760 moreat.
1601 1698 1648 1768 qui

306 1788 413 1835 eeteros
425 1786 518 1834 movet
529 1779 669 1849 planetas,
687 1794 724 1833 an
743 1778 829 1832 Terra
836 1777 936 1842 Solem,
960 1784 1089 1833 notorem
1104 1782 1263 1841 oeternum,
1278 1782 1322 1831 tot
1334 1776 1439 1855 rioibus
1452 1794 1487 1831 se
1496 1776 1648 1847 mqjureml

306 1863 348 1917 Ne
368 1860 457 1933 igitur
475 1875 607 1930 ungamur
627 1860 782 1922 eeneedere.
804 1858 896 1913 Solem
916 1874 935 1913 a
955 1858 1041 1915 Terra
1060 1858 1174 1923 moveri,
1196 1859 1267 1930 quod
1287 1858 1450 1913 absumlum:
1476 1857 1534 1912 Soli
1554 1856 1648 1913 imme·

305 1941 408 2005 bilitas.
429 1940 533 1995 Telluri
552 1944 641 1994 mutus
661 1945 706 1993 est
724 1940 919 1994 coneedendus.

387 2019 456 2083 Quid
476 2020 564 2073 diuam
584 2021 618 2074 de
638 2026 762 2089 tempure
781 2019 919 2089 periodioo
940 2025 1028 2075 metum
1049 2018 1152 2073 dierum
1173 2016 1239 2082 365,
1262 2019 1333 2089 quud
1354 2033 1413 2074 uum
1433 2017 1476 2073 sit·
1490 2016 1649 2088 quantitate

261 2124 264 2128 ·
308 2099 495 2157 intermedium
523 2099 596 2154 inter
623 2099 788 2169 periodioum
817 2106 925 2169 tempus
945 2100 1043 2154 Martie
1067 2100 1170 2153 dierum
1190 2098 1247 2155 687
1269 2105 1299 2152 et
1318 2096 1432 2153 Veneris
1453 2097 1556 2153 diemm
1576 2092 1648 2154 225:

307 2198 345 2237 ιιι
364 2198 418 2235 nun
438 2181 501 2236 alta
519 2196 587 2233 reue
607 2180 749 2233 exclamat
768 2196 858 2235 rerum
876 2186 991 2244 natura,
1013 2180 1168 2243 otrentum.
1190 2179 1218 2234 in
1238 2194 1291 2250 que
1312 2185 1505 2235 eonsumuntur
1525 2178 1571 2233 iau
1591 2179 1651 2233 dies

308 2256 375 2325 365,
396 2262 457 2317 looo
477 2259 562 2315 etiam
580 2258 698 2315 medium
717 2276 778 2314 esse
798 2260 871 2314 inter
891 2260 1018 2315 oirouitus
1039 2260 1137 2315 Martis
1157 2266 1187 2314 et
1206 2258 1323 2315 Veneris
1344 2258 1416 2313 eirea
1435 2258 1541 2323 Solem,
1562 2258 1653 2315 etsie

307 2342 397 2413 ipsum
416 2356 524 2412 quoque
544 2338 618 2394 eirea
630 2339 730 2405 Solem,
751 2341 853 2394 Terrae
873 2340 960 2411 igitur
979 2358 1041 2395 esse
1059 2341 1131 2397 buno
1144 2341 1285 2395 omeuitnm
1304 2338 1378 2393 eirea
1390 2338 1489 2404 Solem,
1510 2354 1565 2393 nen
1577 2338 1651 2395 Solis

307 2422 380 2476 oiroa
393 2414 524 2474 Terram?
557 2419 702 2475 Sedbaeo
721 2421 888 2491 suntmagis
902 2421 1015 2491 propria
1027 2412 1192 2493 Hysterii
1212 2420 1265 2476 mei
1279 2418 1576 2491 cosmo-graphiui,
1598 2437 1651 2474 neu

306 2507 388 2557 erant
407 2501 639 2555 commensuranda
658 2500 703 2555 hie
722 2501 781 2555 alia
800 2507 979 2573 argumenta.
1008 2518 1089 2572 quam
1116 2518 1187 2573 quae
1208 2504 1415 2572 pertreotantur
1435 2500 1463 2555 in
1482 2500 1535 2553 boo
1548 2514 1648 2569 opere.

386 2588 476 2661 Igitur
495 2596 590 2644 eetera
608 2588 801 2660 metaphysica
819 2597 993 2661 argumenta
1015 2606 1085 2662 quae
1105 2606 1156 2661 pro
1179 2590 1250 2645 Solis
1265 2590 1292 2643 iu
1310 2592 1408 2645 munde
1427 2590 1496 2653 loeo,
1518 2590 1564 2662 qui
1584 2606 1648 2645 een·

308 2676 382 2724 trum
395 2674 453 2734 est,
474 2685 494 2724 ι
512 2668 649 2743 dignitate
669 2669 765 2724 sideris
784 2670 830 2723 vel
850 2686 869 2725 a
888 2671 990 2725 lumine
1011 2671 1070 2741 ipso
1091 2672 1234 2735 duouutur,
1255 2666 1317 2724 vlde
1337 2670 1365 2724 in
1385 2670 1457 2724 dieto
1470 2685 1531 2725 meo
1551 2670 1649 2725 libello

308 2755 341 2804 et
361 2749 435 2820 apud
455 2749 646 2821 Cupernieum3
673 2769 725 2804 neo
750 2750 819 2805 nibil
846 2752 919 2821 apud
947 2750 1125 2807 Aristotelem
1144 2751 1247 2807 llb.·11.
1274 2752 1307 2806 de
1331 2750 1432 2815 Coelo,
1460 2752 1512 2806 sub
1540 2750 1649 2806 nemine

306 2830 582 2902 Pythagoraeurunr,
611 2831 657 2902 qui
683 2831 756 2902 ignis
781 2831 890 2886 nomine
910 2831 1000 2888 Solem
1019 2833 1225 2889 intellexerunt
1266 2831 1358 2902 Tetigi
1382 2831 1477 2903 aliqua
1496 2832 1530 2886 in
1546 2831 1649 2902 Optiea

305 2917 388 2981 parte
401 2911 593 2966 astronomiae
606 2911 674 2981 Cap.
689 2913 710 2966 1.
722 2911 770 2967 l’ul.
784 2911 811 2966 7.
838 2913 916 2967 Adde
930 2919 960 2968 et
973 2919 1058 2983 eaput
1071 2913 1116 2970 VL
1133 2912 1280 2984 praeeipue
1301 2911 1349 2967 fol.
1363 2905 1430 2967 225.
1449 2917 1494 2978 (ΙΙ,
1503 2915 1562 2968 sel.
1573 2915 1649 2978 272.)

385 2989 429 3044 De
449 3008 482 3045 eu
502 3008 580 3055 veru,
609 2993 680 3062 quod
700 2992 812 3045 Terram
834 3009 886 3062 par
912 2992 949 3048 sit
975 3001 1058 3048 extra
1084 2993 1198 3048 medium
1225 2991 1316 3048 mundi
1344 2990 1498 3055 eiruumire.
1524 2991 1647 3048 invenies

306 3086 367 3141 oap.
386 3069 435 3127 lx
455 3070 522 3124 lolio
543 3067 599 3126 322
621 3076 666 3139 (ll.
685 3075 759 3137 ³32.)
776 3071 850 3126 illius
870 3072 934 3127 libri
955 3073 1145 3145 argumentum
1165 3071 1390 3144 metaphysioum.

384 3149 500 3205 Veniam
520 3157 614 3206 tamen
633 3152 670 3207 ab
689 3151 908 3223 lettere-spero,
934 3153 958 3208 si
978 3161 1074 3209 eontra
1093 3155 1239 3210 nonnullas
1256 3152 1435 3223 objectiones.
1456 3167 1527 3223 quae
1541 3151 1647 3206 aalma

307 3239 444 3302 ooeopant
462 3231 560 3304 hisque
580 3232 749 3304 argumentis
768 3232 822 3286 hue
842 3239 924 3303 poeto
944 3234 1032 3290 luoem
1052 3235 1180 3306 eripiunt,
1201 3233 1321 3290 remedia
1334 3233 1469 3304 quaedam
1487 3231 1571 3288 etiarn
1591 3231 1646 3286 huo

305 3311 365 3365 looo
386 3310 507 3367 indioem.
547 3312 643 3382 Neque
663 3313 734 3366 enim
753 3313 835 3368 valde
854 3315 1031 3370 alienarunt
1051 3318 1087 3370 ab
1107 3316 1155 3380 iis,
1186 3331 1256 3386 quae
1281 3314 1309 3367 iu
1331 3330 1413 3384 opere
1434 3313 1542 3383 disputo
1563 3328 1648 3382 super

306 3390 396 3446 oausis
416 3391 537 3462 physiois
557 3399 647 3446 mutus
667 3393 850 3462 planetarum,
872 3396 1036 3464 praesertim
1056 3396 1141 3452 tertis
1160 3402 1191 3450 et
1211 3400 1313 3466 quarta
1332 3401 1421 3464 parte.

383 3471 487 3526 Multos
507 3472 620 3543 impedit
638 3480 728 3527 mutus
742 3473 876 3543 gravium,
899 3492 952 3546 quo
970 3476 1057 3530 minus
1072 3477 1182 3530 eredere
1195 3475 1309 3546 possint.
1331 3476 1442 3529 Terram
1456 3471 1558 3528 mareri
1570 3479 1648 3530 noto

307 3551 419 3606 animali
439 3568 489 3605 seu
508 3553 600 3621 potius
621 3551 784 3623 magnetieo.
825 3553 847 3606 li
866 3556 1041 3624 perpendant
1060 3555 1259 3627 propositiones
1279 3561 1441 3628 sequentes:

384 3632 520 3686 Puuetum
538 3632 760 3688 mathematicum
780 3632 837 3686 sive
858 3643 980 3689 oestrum
1000 3637 1089 3690 muudi
1110 3637 1147 3690 eit
1159 3635 1216 3690 sire
1230 3653 1292 3700 non,
1315 3635 1410 3706 nequit
1422 3649 1531 3688 morere
1544 3632 1648 3704 gravia

304 3727 393 3783 neque
414 3710 539 3766 effective
558 3729 647 3781 neque
667 3712 818 3780 objectiva,
841 3721 873 3768 ut
893 3716 927 3768 ed
948 3732 978 3769 se
999 3719 1139 3772 nonedam.
1179 3717 1300 3772 Probent
1328 3715 1451 3786 phyrioi,
1481 3714 1553 3768 hano
1583 3730 1646 3768 esse

304 3792 358 3846 rim
376 3799 495 3861 puneto,
517 3793 586 3864 qnod
607 3810 695 3864 neque
716 3811 814 3864 eorpus
834 3801 879 3848 est
899 3811 987 3866 neque
1007 3795 1089 3852 aliter
1109 3796 1213 3852 nisiex
1233 3797 1295 3851 sula
1314 3796 1450 3851 relatione
1470 3793 1645 3866 intelligitur.

382 3878 554 3950 Impossibile
573 3888 625 3946 est,
645 3888 678 3935 ut
697 3881 785 3937 forma
804 3883 903 3954 lapidis
917 3886 1046 3940 movendo
1060 3903 1157 3956 corpus
1172 3903 1250 3942 sunm
1264 3891 1381 3958 quaerat
1394 3889 1524 3955 punctum
1537 3883 1645 3940 mathe-

304 3961 432 4017 matiuum
452 3961 613 4015 entmundi
634 3962 765 4027 medium,
781 3962 866 4019 'oltra
893 3973 1048 4036 respeetum
1077 3968 1196 4038 eorporis
1224 3957 1263 4022 iu¹
1278 3981 1331 4038 quo
1352 3971 1395 4020 eet
1414 3963 1482 4019 illud
1503 3970 1644 4035 puuotum.

304 4042 426 4096 Probent
444 4040 561 4110 physioi
582 4059 627 4096 res
648 4044 791 4097 naturales
811 4045 915 4099 babere
937 4047 1119 4118 sympathiam
1140 4048 1221 4103 adid
1241 4049 1311 4120 quod
1331 4045 1401 4100 nibil
1421 4052 1471 4101 est
1691 4035 1696 4042 ’

381 4122 436 4176 Sed
455 4137 544 4192 neque
564 4122 617 4176 boo
636 4129 718 4192 paeto
738 4124 838 4194 gravia
857 4127 973 4181 tendum
993 4128 1028 4180 ad
1048 4133 1170 4182 oentrum
1191 4128 1295 4192 mnudi,
1327 4127 1398 4199 qued
1419 4123 1530 4198 lugiunt
1549 4129 1644 4180 extre·

304 4202 415 4256 mitutes
434 4199 526 4255 mundi
546 4202 663 4258 rotundi.
703 4203 774 4258 Nam
793 4205 948 4276 proportio,
970 4221 1025 4278 qua
1044 4208 1146 4262 absunt
1166 4224 1185 4262 a
1203 4208 1289 4264 medio
1310 4205 1414 4271 mundi,
1436 4203 1579 4260 invisibilis
1601 4211 1647 4260 est

304 4289 334 4336 et
353 4282 421 4336 nibil
441 4281 527 4335 efficit
545 4282 574 4336 in
593 4283 798 4353 eomparatiune
817 4288 852 4340 ed
872 4285 1031 4341 distentiam
1051 4289 1086 4342 ab
1105 4289 1283 4344 extremitate
1296 4287 1395 4342 mundi.
1423 4286 1461 4340 Et
1474 4300 1545 4356 quae
1558 4301 1645 4340 eausa

304 4368 379 4416 esset
397 4361 481 4431 hqius
502 4362 575 4416 odiit
605 4369 711 4434 quanta
730 4364 773 4427 vi.
804 4373 910 4436 questa
929 4367 1069 4436 sapientia
1088 4373 1230 4438 oporteret
1248 4384 1310 4424 ease
1330 4366 1458 4437 praedita
1478 4365 1590 4439 gravia,
1610 4371 1646 4420 ut

305 4450 362 4498 tam
382 4446 510 4496 somate
529 4442 627 4516 lugere
643 4451 760 4514 possent
772 4445 809 4498 ab
823 4446 902 4499 hoste
916 4447 1033 4518 undique
1048 4449 1237 4520 oireunqjeeto?
1258 4455 1395 4519 quantave
1410 4445 1537 4501 sollertia
1549 4453 1643 4500 extre·

304 4522 431 4578 usitatum
450 4521 541 4576 mundi
561 4526 596 4577 ad
616 4526 832 4597 persequendum
852 4526 960 4581 bostem
980 4544 1058 4583 euum
1079 4535 1136 4583 tam
1155 4529 1296 4584 minutim?

381 4616 422 4667 nt
440 4627 527 4681 neque
547 4614 685 4684 vertigiue
705 4614 805 4684 rapida
823 4616 902 4686 primi
923 4618 1029 4674 mobilis
1050 4619 1227 4675 excutiuntur
1246 4617 1345 4689 grevia
1363 4616 1392 4670 in
1411 4617 1542 4680 medium,
1563 4616 1644 4670 1¹01ss

300 4693 382 4751 ,undis
402 4690 511 4748 rotatis.
536 4691 607 4746 Nam
621 4704 711 4750 motus
730 4695 787 4758 ille,
809 4695 833 4749 si
853 4713 985 4766 ponamus
1000 4716 1069 4764 esse,
1091 4695 1145 4754 noir
1165 4704 1208 4753 est
1223 4697 1396 4752 continuatus
1411 4713 1496 4768 usque
1517 4697 1552 4752 ad
1572 4697 1644 4752 baeu

304 4773 447 4828 inferiora:
469 4769 539 4825 alias
560 4773 722 4829 sentiremus
742 4775 831 4844 ipsum
851 4783 880 4830 et
901 4793 1061 4848 raperemur
1079 4795 1137 4834 una
1156 4778 1292 4849 etiamque
1307 4777 1445 4831 nobiseum
1459 4777 1521 4848 ipsa
1533 4777 1642 4831 Tellus:

264 4853 269 4864 ’
303 4853 357 4908 imo
376 4851 595 4924 praeriperemur
614 4870 678 4921 nus,
700 4857 786 4910 Terra
815 4865 988 4927 sequeretur:
1019 4875 1090 4930 quae
1120 4859 1210 4914 omnia
1238 4857 1387 4928 opponenti
1418 4858 1539 4913 absurda
1568 4865 1641 4912 sunt.

303 4937 432 5004 Apparet
451 4932 539 5010 igitur
557 4933 707 4992 deotriuam
726 4937 871 5010 vulgarem
891 4940 925 4993 de
944 4939 1086 5010 gravitate
1106 4957 1168 4996 esse
1188 4951 1339 4998 erroneam.
