<?xml version="1.0" encoding="UTF-8"?>
<!DOCTYPE html PUBLIC "-//W3C//DTD XHTML 1.0 Transitional//EN"
    "http://www.w3.org/TR/xhtml1/DTD/xhtml1-transitional.dtd">
<html xmlns="http://www.w3.org/1999/xhtml" xml:lang="en" lang="en">
 <head>
  <title>
</title>
<meta http-equiv="Content-Type" content="text/html;charset=utf-8" />
  <meta name='ocr-system' content='tesseract 3.04.00' />
  <meta name='ocr-capabilities' content='ocr_page ocr_carea ocr_par ocr_line ocrx_word'/>
</head>
<body>
  <div class='ocr_page' id='page_1' title='image "./joanniskepleria23frisgoog/joanniskepleria23frisgoog_0281.png"; bbox 0 0 3517 5525; ppageno 0'>
   <div class='ocr_carea' id='block_1_1' title="bbox 257 327 1125 437">
    <p class='ocr_par' dir='ltr' id='par_1_1' title="bbox 257 327 1125 437">
     <span class='ocr_line' id='line_1_1' title="bbox 257 327 1125 437; baseline -0.003 -1"><span class='ocrx_word' id='word_1_1' title='bbox 257 367 324 437; x_wconf 79' lang='lat'><strong>270</strong></span> <span class='ocrx_word' id='word_1_2' title='bbox 738 327 783 431; x_wconf 82' lang='lat' dir='ltr'><strong>m</strong></span> <span class='ocrx_word' id='word_1_3' title='bbox 796 374 906 435; x_wconf 71' lang='lat' dir='ltr'><strong>mosea</strong></span> <span class='ocrx_word' id='word_1_4' title='bbox 924 375 1125 433; x_wconf 70' lang='lat' dir='ltr'><strong>sensuum</strong></span> 
     </span>
    </p>
   </div>
   <div class='ocr_carea' id='block_1_2' title="bbox 204 548 1652 2245">
    <p class='ocr_par' dir='ltr' id='par_1_2' title="bbox 204 548 1652 2245">
     <span class='ocr_line' id='line_1_2' title="bbox 255 548 1609 641; baseline 0.004 -26"><span class='ocrx_word' id='word_1_5' title='bbox 255 548 299 615; x_wconf 86' lang='lat' dir='ltr'><strong>ibi</strong></span> <span class='ocrx_word' id='word_1_6' title='bbox 320 551 422 617; x_wconf 89' lang='lat' dir='ltr'><strong>brevis</strong></span> <span class='ocrx_word' id='word_1_7' title='bbox 444 555 479 619; x_wconf 87' lang='lat' dir='ltr'><strong>lit</strong></span> <span class='ocrx_word' id='word_1_8' title='bbox 494 553 551 622; x_wconf 81' lang='grc'><strong>011</strong></span> <span class='ocrx_word' id='word_1_9' title='bbox 565 554 711 619; x_wconf 80' lang='lat' dir='ltr'><strong>distantia</strong></span> <span class='ocrx_word' id='word_1_10' title='bbox 732 556 828 621; x_wconf 83' lang='lat' dir='ltr'><strong>centri</strong></span> <span class='ocrx_word' id='word_1_11' title='bbox 850 557 1027 641; x_wconf 80' lang='lat' dir='ltr'><strong>systematis</strong></span> <span class='ocrx_word' id='word_1_12' title='bbox 1050 578 1070 621; x_wconf 92' lang='lat' dir='ltr'><strong>a</strong></span> <span class='ocrx_word' id='word_1_13' title='bbox 1091 558 1195 635; x_wconf 86' lang='lat' dir='ltr'><strong>Terra,</strong></span> <span class='ocrx_word' id='word_1_14' title='bbox 1217 556 1270 621; x_wconf 91' lang='lat' dir='ltr'><strong>ubi</strong></span> <span class='ocrx_word' id='word_1_15' title='bbox 1292 554 1384 639; x_wconf 85' lang='lat' dir='ltr'><strong>longa</strong></span> <span class='ocrx_word' id='word_1_16' title='bbox 1405 557 1442 623; x_wconf 83' lang='lat' dir='ltr'><strong>ot</strong></span> <span class='ocrx_word' id='word_1_17' title='bbox 1463 554 1518 623; x_wconf 79' lang='lat' dir='ltr'><strong>GE</strong></span> <span class='ocrx_word' id='word_1_18' title='bbox 1541 554 1609 621; x_wconf 78' lang='lat' dir='ltr'><strong>dis·</strong></span> 
     </span>
     <span class='ocr_line' id='line_1_3' title="bbox 255 640 1652 729; baseline 0.006 -27"><span class='ocrx_word' id='word_1_19' title='bbox 255 640 356 706; x_wconf 87' lang='lat' dir='ltr'><strong>tantia</strong></span> <span class='ocrx_word' id='word_1_20' title='bbox 377 641 462 707; x_wconf 88' lang='lat' dir='ltr'><strong>Solis</strong></span> <span class='ocrx_word' id='word_1_21' title='bbox 484 666 504 707; x_wconf 90' lang='lat' dir='ltr'><strong>a</strong></span> <span class='ocrx_word' id='word_1_22' title='bbox 526 646 630 721; x_wconf 85' lang='lat' dir='ltr'><strong>Terra,</strong></span> <span class='ocrx_word' id='word_1_23' title='bbox 655 653 686 709; x_wconf 90' lang='lat' dir='ltr'><strong>et</strong></span> <span class='ocrx_word' id='word_1_24' title='bbox 708 654 824 720; x_wconf 91' lang='lat' dir='ltr'><strong>contra,</strong></span> <span class='ocrx_word' id='word_1_25' title='bbox 846 645 901 710; x_wconf 86' lang='lat' dir='ltr'><strong>illa</strong></span> <span class='ocrx_word' id='word_1_26' title='bbox 924 647 978 713; x_wconf 82' lang='lat' dir='ltr'><strong>uL</strong></span> <span class='ocrx_word' id='word_1_27' title='bbox 999 646 1103 729; x_wconf 82' lang='lat' dir='ltr'><strong>longa,</strong></span> <span class='ocrx_word' id='word_1_28' title='bbox 1125 646 1176 709; x_wconf 92' lang='lat' dir='ltr'><strong>ubi</strong></span> <span class='ocrx_word' id='word_1_29' title='bbox 1198 647 1274 711; x_wconf 88' lang='lat' dir='ltr'><strong>baec</strong></span> <span class='ocrx_word' id='word_1_30' title='bbox 1297 645 1353 713; x_wconf 85' lang='grc'><strong>01)</strong></span> <span class='ocrx_word' id='word_1_31' title='bbox 1374 646 1487 710; x_wconf 86' lang='lat' dir='ltr'><strong>brevis.</strong></span> <span class='ocrx_word' id='word_1_32' title='bbox 1635 670 1652 689; x_wconf 89' lang='lat'><strong>·</strong></span> 
     </span>
     <span class='ocr_line' id='line_1_4' title="bbox 346 727 1611 819; baseline 0.001 -23"><span class='ocrx_word' id='word_1_33' title='bbox 346 727 448 797; x_wconf 81' lang='lat' dir='ltr'><strong>Causa</strong></span> <span class='ocrx_word' id='word_1_34' title='bbox 478 753 689 799; x_wconf 79' lang='lat' dir='ltr'><strong>conversarum</strong></span> <span class='ocrx_word' id='word_1_35' title='bbox 711 735 743 799; x_wconf 90' lang='lat' dir='ltr'><strong>iu</strong></span> <span class='ocrx_word' id='word_1_36' title='bbox 764 736 844 801; x_wconf 87' lang='lat' dir='ltr'><strong>huuc</strong></span> <span class='ocrx_word' id='word_1_37' title='bbox 864 736 986 799; x_wconf 89' lang='lat' dir='ltr'><strong>modum</strong></span> <span class='ocrx_word' id='word_1_38' title='bbox 1015 736 1153 819; x_wconf 91' lang='lat' dir='ltr'><strong>apsidum</strong></span> <span class='ocrx_word' id='word_1_39' title='bbox 1176 735 1251 799; x_wconf 87' lang='lat' dir='ltr'><strong>baec</strong></span> <span class='ocrx_word' id='word_1_40' title='bbox 1278 742 1336 797; x_wconf 86' lang='lat' dir='ltr'><strong>est</strong></span> <span class='ocrx_word' id='word_1_41' title='bbox 1382 736 1502 800; x_wconf 80' lang='lat' dir='ltr'><strong>Terra</strong></span> <span class='ocrx_word' id='word_1_42' title='bbox 1530 732 1611 797; x_wconf 90' lang='lat' dir='ltr'><strong>enim</strong></span> 
     </span>
     <span class='ocr_line' id='line_1_5' title="bbox 257 816 1610 909; baseline 0.004 -28"><span class='ocrx_word' id='word_1_43' title='bbox 257 816 467 901; x_wconf 83' lang='lat' dir='ltr'><strong>Ooperuico</strong></span> <span class='ocrx_word' id='word_1_44' title='bbox 498 824 688 905; x_wconf 74' lang='lat' dir='ltr'>perambulat</span> <span class='ocrx_word' id='word_1_45' title='bbox 717 826 887 889; x_wconf 89' lang='lat' dir='ltr'><strong>contrarias</strong></span> <span class='ocrx_word' id='word_1_46' title='bbox 919 833 1024 907; x_wconf 86' lang='lat' dir='ltr'><strong>partes</strong></span> <span class='ocrx_word' id='word_1_47' title='bbox 1053 824 1135 889; x_wconf 87' lang='lat' dir='ltr'><strong>Soli</strong></span> <span class='ocrx_word' id='word_1_48' title='bbox 1166 823 1379 909; x_wconf 81' lang='lat' dir='ltr'><strong>Tycbonico</strong></span> <span class='ocrx_word' id='word_1_49' title='bbox 1411 832 1444 891; x_wconf 90' lang='lat' dir='ltr'><strong>et</strong></span> <span class='ocrx_word' id='word_1_50' title='bbox 1474 822 1610 907; x_wconf 77' lang='lat' dir='ltr'><strong>epicyclo</strong></span> 
     </span>
     <span class='ocr_line' id='line_1_6' title="bbox 256 908 1610 991; baseline 0.004 -20"><span class='ocrx_word' id='word_1_51' title='bbox 256 908 509 975; x_wconf 86' lang='lat' dir='ltr'><strong>Ptolemaiou:</strong></span> <span class='ocrx_word' id='word_1_52' title='bbox 533 920 659 977; x_wconf 86' lang='lat' dir='ltr'><strong>atvero</strong></span> <span class='ocrx_word' id='word_1_53' title='bbox 681 914 753 989; x_wconf 87' lang='lat' dir='ltr'><strong>DC,</strong></span> <span class='ocrx_word' id='word_1_54' title='bbox 777 912 846 991; x_wconf 82' lang='lat' dir='ltr'><strong>GE,</strong></span> <span class='ocrx_word' id='word_1_55' title='bbox 869 916 1034 979; x_wconf 74' lang='lat' dir='ltr'><strong>distantiae</strong></span> <span class='ocrx_word' id='word_1_56' title='bbox 1057 916 1170 978; x_wconf 88' lang='lat' dir='ltr'><strong>Terrae</strong></span> <span class='ocrx_word' id='word_1_57' title='bbox 1193 935 1213 977; x_wconf 87' lang='lat' dir='ltr'><strong>a</strong></span> <span class='ocrx_word' id='word_1_58' title='bbox 1235 914 1325 989; x_wconf 84' lang='lat' dir='ltr'><strong>Sole,</strong></span> <span class='ocrx_word' id='word_1_59' title='bbox 1354 912 1439 977; x_wconf 87' lang='lat' dir='ltr'><strong>Solis</strong></span> <span class='ocrx_word' id='word_1_60' title='bbox 1462 934 1482 977; x_wconf 86' lang='lat' dir='ltr'><strong>a</strong></span> <span class='ocrx_word' id='word_1_61' title='bbox 1503 914 1610 989; x_wconf 86' lang='lat' dir='ltr'><strong>Terra,</strong></span> 
     </span>
     <span class='ocr_line' id='line_1_7' title="bbox 260 997 1612 1087; baseline 0.004 -27"><span class='ocrx_word' id='word_1_62' title='bbox 260 1004 292 1060; x_wconf 92' lang='lat' dir='ltr'><strong>et</strong></span> <span class='ocrx_word' id='word_1_63' title='bbox 313 997 424 1063; x_wconf 87' lang='lat' dir='ltr'><strong>Martis</strong></span> <span class='ocrx_word' id='word_1_64' title='bbox 446 1002 477 1065; x_wconf 93' lang='lat' dir='ltr'>H</span> <span class='ocrx_word' id='word_1_65' title='bbox 498 1002 548 1063; x_wconf 92' lang='lat' dir='ltr'><strong>vel</strong></span> <span class='ocrx_word' id='word_1_66' title='bbox 569 1003 586 1066; x_wconf 94' lang='lat'>1</span> <span class='ocrx_word' id='word_1_67' title='bbox 607 1023 627 1064; x_wconf 88' lang='lat' dir='ltr'><strong>a</strong></span> <span class='ocrx_word' id='word_1_68' title='bbox 649 1010 752 1066; x_wconf 91' lang='lat' dir='ltr'><strong>centro</strong></span> <span class='ocrx_word' id='word_1_69' title='bbox 774 1006 801 1067; x_wconf 86' lang='lat' dir='ltr'><strong>F</strong></span> <span class='ocrx_word' id='word_1_70' title='bbox 822 1004 1018 1087; x_wconf 75' lang='lat' dir='ltr'><strong>aequalitatis</strong></span> <span class='ocrx_word' id='word_1_71' title='bbox 1041 1002 1177 1087; x_wconf 87' lang='lat' dir='ltr'><strong>epicyeli‚</strong></span> <span class='ocrx_word' id='word_1_72' title='bbox 1202 1002 1385 1068; x_wconf 90' lang='lat' dir='ltr'><strong>subtendunt</strong></span> <span class='ocrx_word' id='word_1_73' title='bbox 1406 1003 1534 1084; x_wconf 84' lang='lat' dir='ltr'><strong>angulos</strong></span> <span class='ocrx_word' id='word_1_74' title='bbox 1555 1020 1612 1085; x_wconf 91' lang='lat' dir='ltr'><strong>per</strong></span> 
     </span>
     <span class='ocr_line' id='line_1_8' title="bbox 259 1090 1610 1175; baseline 0.002 -25"><span class='ocrx_word' id='word_1_75' title='bbox 259 1106 364 1151; x_wconf 89' lang='lat' dir='ltr'><strong>omnes</strong></span> <span class='ocrx_word' id='word_1_76' title='bbox 386 1096 450 1155; x_wconf 91' lang='lat' dir='ltr'><strong>tres</strong></span> <span class='ocrx_word' id='word_1_77' title='bbox 472 1091 586 1155; x_wconf 87' lang='lat' dir='ltr'><strong>formas</strong></span> <span class='ocrx_word' id='word_1_78' title='bbox 609 1091 745 1171; x_wconf 89' lang='lat' dir='ltr'><strong>ejusdem</strong></span> <span class='ocrx_word' id='word_1_79' title='bbox 766 1093 961 1175; x_wconf 80' lang='lat' dir='ltr'><strong>quantitatis:</strong></span> <span class='ocrx_word' id='word_1_80' title='bbox 995 1111 1067 1175; x_wconf 86' lang='lat' dir='ltr'><strong>ergo</strong></span> <span class='ocrx_word' id='word_1_81' title='bbox 1078 1110 1082 1115; x_wconf 45' lang='lat'><strong>‘¹</strong></span> <span class='ocrx_word' id='word_1_82' title='bbox 1092 1101 1123 1156; x_wconf 86' lang='lat' dir='ltr'><strong>et</strong></span> <span class='ocrx_word' id='word_1_83' title='bbox 1144 1090 1309 1157; x_wconf 78' lang='lat' dir='ltr'><strong>distantiae</strong></span> <span class='ocrx_word' id='word_1_84' title='bbox 1331 1090 1415 1157; x_wconf 85' lang='lat' dir='ltr'><strong>Solis</strong></span> <span class='ocrx_word' id='word_1_85' title='bbox 1439 1100 1471 1156; x_wconf 91' lang='lat' dir='ltr'><strong>et</strong></span> <span class='ocrx_word' id='word_1_86' title='bbox 1496 1093 1610 1155; x_wconf 86' lang='lat' dir='ltr'><strong>Terrae</strong></span> 
     </span>
     <span class='ocr_line' id='line_1_9' title="bbox 256 1174 1610 1265; baseline 0.003 -26"><span class='ocrx_word' id='word_1_87' title='bbox 256 1174 481 1258; x_wconf 85' lang='lat' dir='ltr'><strong>Cepernieanae</strong></span> <span class='ocrx_word' id='word_1_88' title='bbox 512 1180 544 1243; x_wconf 91' lang='lat' dir='ltr'><strong>iu</strong></span> <span class='ocrx_word' id='word_1_89' title='bbox 564 1182 733 1245; x_wconf 84' lang='lat' dir='ltr'><strong>contrarias</strong></span> <span class='ocrx_word' id='word_1_90' title='bbox 771 1183 880 1265; x_wconf 78' lang='lat' dir='ltr'><strong>plagas</strong></span> <span class='ocrx_word' id='word_1_91' title='bbox 915 1183 1137 1247; x_wconf 83' lang='lat' dir='ltr'><strong>transferentur</strong></span> <span class='ocrx_word' id='word_1_92' title='bbox 1164 1202 1183 1245; x_wconf 91' lang='lat' dir='ltr'><strong>a</strong></span> <span class='ocrx_word' id='word_1_93' title='bbox 1206 1183 1326 1247; x_wconf 89' lang='lat' dir='ltr'><strong>Braheo</strong></span> <span class='ocrx_word' id='word_1_94' title='bbox 1363 1190 1394 1245; x_wconf 92' lang='lat' dir='ltr'><strong>et</strong></span> <span class='ocrx_word' id='word_1_95' title='bbox 1422 1180 1610 1257; x_wconf 78' lang='lat' dir='ltr'><strong>Ptolemaeo,</strong></span> 
     </span>
     <span class='ocr_line' id='line_1_10' title="bbox 258 1264 1178 1347; baseline 0.007 -17"><span class='ocrx_word' id='word_1_96' title='bbox 258 1264 399 1330; x_wconf 90' lang='lat' dir='ltr'><strong>nimirum</strong></span> <span class='ocrx_word' id='word_1_97' title='bbox 416 1266 476 1333; x_wconf 72' lang='lat' dir='ltr'><strong>GE</strong></span> <span class='ocrx_word' id='word_1_98' title='bbox 498 1270 530 1333; x_wconf 91' lang='lat' dir='ltr'><strong>in</strong></span> <span class='ocrx_word' id='word_1_99' title='bbox 553 1267 607 1333; x_wconf 83' lang='lat' dir='ltr'><strong>GL</strong></span> <span class='ocrx_word' id='word_1_100' title='bbox 628 1271 679 1333; x_wconf 89' lang='lat' dir='ltr'><strong>vel</strong></span> <span class='ocrx_word' id='word_1_101' title='bbox 700 1272 765 1347; x_wconf 84' lang='grc'><strong>111,</strong></span> <span class='ocrx_word' id='word_1_102' title='bbox 788 1281 821 1336; x_wconf 90' lang='lat' dir='ltr'><strong>et</strong></span> <span class='ocrx_word' id='word_1_103' title='bbox 844 1271 900 1336; x_wconf 86' lang='grc'><strong>01)</strong></span> <span class='ocrx_word' id='word_1_104' title='bbox 922 1272 954 1335; x_wconf 89' lang='lat' dir='ltr'><strong>in</strong></span> <span class='ocrx_word' id='word_1_105' title='bbox 977 1270 1034 1335; x_wconf 89' lang='lat' dir='ltr'><strong>CK</strong></span> <span class='ocrx_word' id='word_1_106' title='bbox 1055 1272 1105 1335; x_wconf 91' lang='lat' dir='ltr'><strong>vel</strong></span> <span class='ocrx_word' id='word_1_107' title='bbox 1126 1272 1178 1336; x_wconf 87' lang='lat' dir='ltr'><strong>FI.</strong></span> 
     </span>
     <span class='ocr_line' id='line_1_11' title="bbox 204 1356 1611 1441; baseline -0.001 -20"><span class='ocrx_word' id='word_1_108' title='bbox 204 1415 210 1429; x_wconf 78' lang='grc'><strong>,</strong></span> <span class='ocrx_word' id='word_1_109' title='bbox 343 1357 387 1421; x_wconf 88' lang='lat' dir='ltr'><strong>Ut</strong></span> <span class='ocrx_word' id='word_1_110' title='bbox 400 1358 492 1438; x_wconf 91' lang='lat' dir='ltr'><strong>igitur</strong></span> <span class='ocrx_word' id='word_1_111' title='bbox 505 1359 583 1422; x_wconf 87' lang='lat' dir='ltr'><strong>hano</strong></span> <span class='ocrx_word' id='word_1_112' title='bbox 597 1359 834 1441; x_wconf 78' lang='lat' dir='ltr'><strong>speculationem</strong></span> <span class='ocrx_word' id='word_1_113' title='bbox 849 1361 1110 1425; x_wconf 88' lang='lat' dir='ltr'><strong>observationibus</strong></span> <span class='ocrx_word' id='word_1_114' title='bbox 1125 1361 1175 1423; x_wconf 89' lang='lat' dir='ltr'><strong>vel</strong></span> <span class='ocrx_word' id='word_1_115' title='bbox 1189 1362 1399 1425; x_wconf 82' lang='lat' dir='ltr'><strong>confirmarem</strong></span> <span class='ocrx_word' id='word_1_116' title='bbox 1419 1358 1469 1421; x_wconf 93' lang='lat' dir='ltr'><strong>vel</strong></span> <span class='ocrx_word' id='word_1_117' title='bbox 1485 1356 1611 1423; x_wconf 90' lang='lat' dir='ltr'><strong>convel-</strong></span> 
     </span>
     <span class='ocr_line' id='line_1_12' title="bbox 254 1444 1611 1536; baseline 0.003 -29"><span class='ocrx_word' id='word_1_118' title='bbox 254 1444 358 1521; x_wconf 89' lang='lat' dir='ltr'><strong>lerem,</strong></span> <span class='ocrx_word' id='word_1_119' title='bbox 371 1444 450 1511; x_wconf 91' lang='lat' dir='ltr'><strong>hanc</strong></span> <span class='ocrx_word' id='word_1_120' title='bbox 463 1448 545 1510; x_wconf 91' lang='lat' dir='ltr'><strong>viam</strong></span> <span class='ocrx_word' id='word_1_121' title='bbox 561 1447 762 1536; x_wconf 41' lang='lat' dir='ltr'><strong>insistebam..</strong></span> <span class='ocrx_word' id='word_1_122' title='bbox 775 1448 853 1515; x_wconf 88' lang='lat' dir='ltr'><strong>Cum</strong></span> <span class='ocrx_word' id='word_1_123' title='bbox 867 1469 1034 1533; x_wconf 82' lang='lat' dir='ltr'><strong>apogaeum</strong></span> <span class='ocrx_word' id='word_1_124' title='bbox 1048 1450 1131 1515; x_wconf 88' lang='lat' dir='ltr'><strong>Solis</strong></span> <span class='ocrx_word' id='word_1_125' title='bbox 1147 1450 1188 1512; x_wconf 91' lang='lat' dir='ltr'><strong>sit</strong></span> <span class='ocrx_word' id='word_1_126' title='bbox 1203 1450 1234 1513; x_wconf 92' lang='lat' dir='ltr'><strong>in</strong></span> <span class='ocrx_word' id='word_1_127' title='bbox 1250 1444 1333 1533; x_wconf 60' lang='lat'><strong>572⁰</strong></span> <span class='ocrx_word' id='word_1_128' title='bbox 1347 1463 1391 1525; x_wconf 73' lang='lat' dir='ltr'><strong>e),</strong></span> <span class='ocrx_word' id='word_1_129' title='bbox 1407 1446 1555 1532; x_wconf 86' lang='lat' dir='ltr'><strong>quaesivi,</strong></span> <span class='ocrx_word' id='word_1_130' title='bbox 1570 1466 1611 1511; x_wconf 89' lang='lat' dir='ltr'><strong>au</strong></span> 
     </span>
     <span class='ocr_line' id='line_1_13' title="bbox 254 1528 1609 1623; baseline 0.004 -26"><span class='ocrx_word' id='word_1_131' title='bbox 254 1541 391 1597; x_wconf 80' lang='lat' dir='ltr'><strong>exstaret</strong></span> <span class='ocrx_word' id='word_1_132' title='bbox 405 1537 588 1613; x_wconf 88' lang='lat' dir='ltr'><strong>observatio,</strong></span> <span class='ocrx_word' id='word_1_133' title='bbox 611 1554 678 1601; x_wconf 88' lang='lat' dir='ltr'><strong>cum</strong></span> <span class='ocrx_word' id='word_1_134' title='bbox 692 1548 718 1611; x_wconf 74' lang='lat' dir='ltr'><strong>d</strong></span> <span class='ocrx_word' id='word_1_135' title='bbox 732 1539 849 1603; x_wconf 90' lang='lat' dir='ltr'><strong>ratione</strong></span> <span class='ocrx_word' id='word_1_136' title='bbox 871 1540 987 1621; x_wconf 86' lang='lat' dir='ltr'><strong>primae</strong></span> <span class='ocrx_word' id='word_1_137' title='bbox 1010 1539 1235 1623; x_wconf 84' lang='lat' dir='ltr'><strong>inaequalitatis</strong></span> <span class='ocrx_word' id='word_1_138' title='bbox 1250 1546 1334 1603; x_wconf 85' lang='lat' dir='ltr'><strong>esset</strong></span> <span class='ocrx_word' id='word_1_139' title='bbox 1345 1538 1395 1601; x_wconf 89' lang='lat' dir='ltr'><strong>bis</strong></span> <span class='ocrx_word' id='word_1_140' title='bbox 1408 1538 1440 1601; x_wconf 93' lang='lat' dir='ltr'><strong>in</strong></span> <span class='ocrx_word' id='word_1_141' title='bbox 1458 1528 1542 1619; x_wconf 71' lang='lat' dir='ltr'><strong>5¹l2⁰</strong></span> <span class='ocrx_word' id='word_1_142' title='bbox 1560 1546 1609 1602; x_wconf 51' lang='grc' dir='ltr'><strong>ἐξ</strong></span> 
     </span>
     <span class='ocr_line' id='line_1_14' title="bbox 254 1620 1610 1711; baseline 0.002 -26"><span class='ocrx_word' id='word_1_143' title='bbox 254 1623 304 1685; x_wconf 91' lang='lat' dir='ltr'><strong>vel</strong></span> <span class='ocrx_word' id='word_1_144' title='bbox 318 1622 368 1701; x_wconf 76' lang='grc' dir='ltr'><strong>Υε</strong></span> <span class='ocrx_word' id='word_1_145' title='bbox 387 1622 427 1704; x_wconf 81' lang='grc' dir='ltr'>Θ</span> <span class='ocrx_word' id='word_1_146' title='bbox 442 1646 514 1689; x_wconf 91' lang='lat' dir='ltr'><strong>vero</strong></span> <span class='ocrx_word' id='word_1_147' title='bbox 529 1624 697 1709; x_wconf 88' lang='lat' dir='ltr'><strong>altrobique</strong></span> <span class='ocrx_word' id='word_1_148' title='bbox 720 1627 751 1691; x_wconf 93' lang='lat' dir='ltr'><strong>iu</strong></span> <span class='ocrx_word' id='word_1_149' title='bbox 766 1620 825 1711; x_wconf 63' lang='lat'><strong>5¹),</strong></span> <span class='ocrx_word' id='word_1_150' title='bbox 837 1624 850 1659; x_wconf 87' lang='lat'>⁰</span> <span class='ocrx_word' id='word_1_151' title='bbox 863 1644 908 1705; x_wconf 72' lang='lat' dir='ltr'><strong>es,</strong></span> <span class='ocrx_word' id='word_1_152' title='bbox 932 1628 1039 1693; x_wconf 88' lang='lat' dir='ltr'><strong>deinde</strong></span> <span class='ocrx_word' id='word_1_153' title='bbox 1062 1629 1094 1690; x_wconf 92' lang='lat' dir='ltr'><strong>in</strong></span> <span class='ocrx_word' id='word_1_154' title='bbox 1108 1620 1170 1711; x_wconf 70' lang='lat' dir='ltr'><strong>5¹l2</strong></span> <span class='ocrx_word' id='word_1_155' title='bbox 1180 1623 1193 1659; x_wconf 86' lang='lat'>⁰</span> <span class='ocrx_word' id='word_1_156' title='bbox 1205 1633 1249 1707; x_wconf 58' lang='grc' dir='ltr'><strong>ὅ.</strong></span> <span class='ocrx_word' id='word_1_157' title='bbox 1287 1627 1382 1711; x_wconf 88' lang='lat' dir='ltr'><strong>Atqui</strong></span> <span class='ocrx_word' id='word_1_158' title='bbox 1403 1627 1463 1691; x_wconf 89' lang='lat' dir='ltr'><strong>hoc</strong></span> <span class='ocrx_word' id='word_1_159' title='bbox 1484 1644 1545 1689; x_wconf 92' lang='lat' dir='ltr'><strong>nou</strong></span> <span class='ocrx_word' id='word_1_160' title='bbox 1560 1634 1610 1689; x_wconf 84' lang='lat' dir='ltr'><strong>eet</strong></span> 
     </span>
     <span class='ocr_line' id='line_1_15' title="bbox 255 1712 1611 1797; baseline 0.001 -23"><span class='ocrx_word' id='word_1_161' title='bbox 255 1712 416 1794; x_wconf 88' lang='lat' dir='ltr'><strong>possibile,</strong></span> <span class='ocrx_word' id='word_1_162' title='bbox 449 1723 484 1778; x_wconf 91' lang='lat' dir='ltr'><strong>ut</strong></span> <span class='ocrx_word' id='word_1_163' title='bbox 510 1716 565 1779; x_wconf 86' lang='lat' dir='ltr'><strong>fiat</strong></span> <span class='ocrx_word' id='word_1_164' title='bbox 592 1715 673 1779; x_wconf 90' lang='lat' dir='ltr'><strong>intra</strong></span> <span class='ocrx_word' id='word_1_165' title='bbox 699 1725 762 1781; x_wconf 89' lang='lat' dir='ltr'><strong>tam</strong></span> <span class='ocrx_word' id='word_1_166' title='bbox 792 1718 885 1781; x_wconf 90' lang='lat' dir='ltr'><strong>breve</strong></span> <span class='ocrx_word' id='word_1_167' title='bbox 909 1715 967 1793; x_wconf 96' lang='grc'><strong>(20</strong></span> <span class='ocrx_word' id='word_1_168' title='bbox 991 1718 1040 1780; x_wconf 90' lang='lat' dir='ltr'><strong>vel</strong></span> <span class='ocrx_word' id='word_1_169' title='bbox 1063 1714 1107 1781; x_wconf 87' lang='grc'><strong>30</strong></span> <span class='ocrx_word' id='word_1_170' title='bbox 1129 1720 1288 1793; x_wconf 88' lang='lat' dir='ltr'><strong>annorum)</strong></span> <span class='ocrx_word' id='word_1_171' title='bbox 1317 1716 1458 1797; x_wconf 90' lang='lat' dir='ltr'><strong>spatium.</strong></span> <span class='ocrx_word' id='word_1_172' title='bbox 1504 1712 1611 1777; x_wconf 88' lang='lat' dir='ltr'><strong>Motus</strong></span> 
     </span>
     <span class='ocr_line' id='line_1_16' title="bbox 253 1802 1611 1888; baseline 0.002 -24"><span class='ocrx_word' id='word_1_173' title='bbox 253 1802 332 1865; x_wconf 90' lang='lat' dir='ltr'><strong>enirn</strong></span> <span class='ocrx_word' id='word_1_174' title='bbox 354 1804 502 1885; x_wconf 91' lang='lat' dir='ltr'><strong>periodici</strong></span> <span class='ocrx_word' id='word_1_175' title='bbox 523 1805 635 1869; x_wconf 84' lang='lat' dir='ltr'><strong>Martie</strong></span> <span class='ocrx_word' id='word_1_176' title='bbox 658 1813 690 1868; x_wconf 91' lang='lat' dir='ltr'><strong>et</strong></span> <span class='ocrx_word' id='word_1_177' title='bbox 711 1806 796 1873; x_wconf 87' lang='lat' dir='ltr'><strong>Solis</strong></span> <span class='ocrx_word' id='word_1_178' title='bbox 826 1815 898 1870; x_wconf 91' lang='lat' dir='ltr'><strong>sunt</strong></span> <span class='ocrx_word' id='word_1_179' title='bbox 919 1806 1252 1882; x_wconf 80' lang='lat' dir='ltr'><strong>incommensurabiles,</strong></span> <span class='ocrx_word' id='word_1_180' title='bbox 1284 1824 1340 1869; x_wconf 90' lang='lat' dir='ltr'><strong>nec</strong></span> <span class='ocrx_word' id='word_1_181' title='bbox 1366 1822 1496 1888; x_wconf 90' lang='lat' dir='ltr'><strong>uuquam</strong></span> <span class='ocrx_word' id='word_1_182' title='bbox 1520 1802 1611 1867; x_wconf 90' lang='lat' dir='ltr'><strong>simul</strong></span> 
     </span>
     <span class='ocr_line' id='line_1_17' title="bbox 254 1890 1610 1979; baseline 0.001 -26"><span class='ocrx_word' id='word_1_183' title='bbox 254 1890 287 1953; x_wconf 90' lang='lat' dir='ltr'><strong>iu</strong></span> <span class='ocrx_word' id='word_1_184' title='bbox 318 1910 390 1955; x_wconf 89' lang='lat' dir='ltr'><strong>suas</strong></span> <span class='ocrx_word' id='word_1_185' title='bbox 413 1900 539 1977; x_wconf 90' lang='lat' dir='ltr'><strong>quartas</strong></span> <span class='ocrx_word' id='word_1_186' title='bbox 569 1894 619 1956; x_wconf 91' lang='lat' dir='ltr'><strong>vel</strong></span> <span class='ocrx_word' id='word_1_187' title='bbox 650 1896 791 1977; x_wconf 88' lang='lat' dir='ltr'><strong>opposita</strong></span> <span class='ocrx_word' id='word_1_188' title='bbox 818 1895 954 1960; x_wconf 90' lang='lat' dir='ltr'><strong>incidunt</strong></span> <span class='ocrx_word' id='word_1_189' title='bbox 984 1904 1056 1978; x_wconf 89' lang='lat' dir='ltr'><strong>post</strong></span> <span class='ocrx_word' id='word_1_190' title='bbox 1085 1903 1227 1979; x_wconf 87' lang='lat' dir='ltr'><strong>peractos</strong></span> <span class='ocrx_word' id='word_1_191' title='bbox 1259 1894 1435 1959; x_wconf 86' lang='lat' dir='ltr'><strong>alterutrius</strong></span> <span class='ocrx_word' id='word_1_192' title='bbox 1466 1892 1610 1957; x_wconf 85' lang='lat' dir='ltr'><strong>circuitus</strong></span> 
     </span>
     <span class='ocr_line' id='line_1_18' title="bbox 253 1978 1612 2069; baseline 0.002 -27"><span class='ocrx_word' id='word_1_193' title='bbox 253 1978 403 2061; x_wconf 89' lang='lat' dir='ltr'><strong>integros,</strong></span> <span class='ocrx_word' id='word_1_194' title='bbox 437 2002 597 2065; x_wconf 89' lang='lat' dir='ltr'><strong>eorumque</strong></span> <span class='ocrx_word' id='word_1_195' title='bbox 619 1984 745 2048; x_wconf 90' lang='lat' dir='ltr'><strong>dimidia</strong></span> <span class='ocrx_word' id='word_1_196' title='bbox 766 1994 799 2049; x_wconf 90' lang='lat' dir='ltr'><strong>et</strong></span> <span class='ocrx_word' id='word_1_197' title='bbox 824 1994 959 2069; x_wconf 85' lang='lat' dir='ltr'><strong>quartas.</strong></span> <span class='ocrx_word' id='word_1_198' title='bbox 1007 1986 1150 2068; x_wconf 84' lang='lat' dir='ltr'><strong>Opurtuit</strong></span> <span class='ocrx_word' id='word_1_199' title='bbox 1177 1984 1270 2066; x_wconf 89' lang='lat' dir='ltr'><strong>igitur</strong></span> <span class='ocrx_word' id='word_1_200' title='bbox 1294 1984 1420 2065; x_wconf 86' lang='lat' dir='ltr'><strong>eligere,</strong></span> <span class='ocrx_word' id='word_1_201' title='bbox 1451 1983 1530 2065; x_wconf 92' lang='lat' dir='ltr'><strong>quod</strong></span> <span class='ocrx_word' id='word_1_202' title='bbox 1553 1980 1612 2045; x_wconf 85' lang='lat' dir='ltr'><strong>fuit</strong></span> 
     </span>
     <span class='ocr_line' id='line_1_19' title="bbox 255 2068 1610 2157; baseline 0.001 -24"><span class='ocrx_word' id='word_1_203' title='bbox 255 2071 394 2151; x_wconf 89' lang='lat' dir='ltr'><strong>quaesito</strong></span> <span class='ocrx_word' id='word_1_204' title='bbox 416 2072 600 2153; x_wconf 86' lang='lat' dir='ltr'><strong>proximum,</strong></span> <span class='ocrx_word' id='word_1_205' title='bbox 632 2081 666 2136; x_wconf 93' lang='lat' dir='ltr'><strong>et</strong></span> <span class='ocrx_word' id='word_1_206' title='bbox 692 2075 805 2139; x_wconf 89' lang='lat' dir='ltr'><strong>multos</strong></span> <span class='ocrx_word' id='word_1_207' title='bbox 827 2074 1012 2139; x_wconf 88' lang='lat' dir='ltr'><strong>constituere</strong></span> <span class='ocrx_word' id='word_1_208' title='bbox 1036 2075 1102 2137; x_wconf 89' lang='lat' dir='ltr'><strong>dies</strong></span> <span class='ocrx_word' id='word_1_209' title='bbox 1131 2094 1185 2157; x_wconf 90' lang='lat' dir='ltr'><strong>per</strong></span> <span class='ocrx_word' id='word_1_210' title='bbox 1211 2074 1269 2138; x_wconf 86' lang='lat' dir='ltr'><strong>lros</strong></span> <span class='ocrx_word' id='word_1_211' title='bbox 1292 2068 1335 2137; x_wconf 91' lang='grc'><strong>20</strong></span> <span class='ocrx_word' id='word_1_212' title='bbox 1357 2092 1469 2149; x_wconf 89' lang='lat' dir='ltr'><strong>anuos,</strong></span> <span class='ocrx_word' id='word_1_213' title='bbox 1501 2070 1610 2154; x_wconf 88' lang='lat' dir='ltr'><strong>quibus</strong></span> 
     </span>
     <span class='ocr_line' id='line_1_20' title="bbox 254 2158 1612 2245; baseline 0.001 -24"><span class='ocrx_word' id='word_1_214' title='bbox 254 2158 380 2239; x_wconf 90' lang='lat' dir='ltr'><strong>planeta</strong></span> <span class='ocrx_word' id='word_1_215' title='bbox 401 2170 451 2223; x_wconf 92' lang='lat' dir='ltr'><strong>est</strong></span> <span class='ocrx_word' id='word_1_216' title='bbox 468 2162 661 2237; x_wconf 89' lang='lat' dir='ltr'><strong>observatus,</strong></span> <span class='ocrx_word' id='word_1_217' title='bbox 685 2163 716 2226; x_wconf 92' lang='lat' dir='ltr'><strong>iu</strong></span> <span class='ocrx_word' id='word_1_218' title='bbox 743 2165 851 2245; x_wconf 90' lang='lat' dir='ltr'><strong>quibus</strong></span> <span class='ocrx_word' id='word_1_219' title='bbox 873 2165 1027 2229; x_wconf 70' lang='lat' dir='ltr'><strong>menualia</strong></span> <span class='ocrx_word' id='word_1_220' title='bbox 1049 2162 1291 2227; x_wconf 86' lang='lat' dir='ltr'><strong>commutationis</strong></span> <span class='ocrx_word' id='word_1_221' title='bbox 1314 2169 1498 2243; x_wconf 86' lang='lat' dir='ltr'><strong>coaequatae</strong></span> <span class='ocrx_word' id='word_1_222' title='bbox 1526 2166 1612 2223; x_wconf 89' lang='lat' dir='ltr'><strong>esset</strong></span> 
     </span>
    </p>
   </div>
   <div class='ocr_carea' id='block_1_3' title="bbox 255 2243 1729 2332">
    <p class='ocr_par' dir='ltr' id='par_1_3' title="bbox 255 2243 1729 2332">
     <span class='ocr_line' id='line_1_21' title="bbox 255 2243 1729 2332; baseline 0 -21"><span class='ocrx_word' id='word_1_223' title='bbox 255 2243 316 2311; x_wconf 94' lang='grc'><strong>900</strong></span> <span class='ocrx_word' id='word_1_224' title='bbox 337 2250 386 2312; x_wconf 90' lang='lat' dir='ltr'><strong>vel</strong></span> <span class='ocrx_word' id='word_1_225' title='bbox 405 2248 488 2315; x_wconf 91' lang='grc'><strong>2700</strong></span> <span class='ocrx_word' id='word_1_226' title='bbox 511 2252 560 2313; x_wconf 91' lang='lat' dir='ltr'><strong>vel</strong></span> <span class='ocrx_word' id='word_1_227' title='bbox 581 2252 718 2332; x_wconf 83' lang='lat' dir='ltr'><strong>proxime</strong></span> <span class='ocrx_word' id='word_1_228' title='bbox 740 2261 836 2329; x_wconf 86' lang='lat' dir='ltr'><strong>tanta,</strong></span> <span class='ocrx_word' id='word_1_229' title='bbox 860 2253 960 2316; x_wconf 88' lang='lat' dir='ltr'><strong>Marte</strong></span> <span class='ocrx_word' id='word_1_230' title='bbox 976 2250 1235 2332; x_wconf 63' lang='grc' dir='ltr'><strong>1110οΥ116Ιὲ</strong></span> <span class='ocrx_word' id='word_1_231' title='bbox 1251 2252 1314 2327; x_wconf 86' lang='lat' dir='ltr'><strong>(vel</strong></span> <span class='ocrx_word' id='word_1_232' title='bbox 1338 2250 1434 2327; x_wconf 88' lang='lat' dir='ltr'><strong>circa)</strong></span> <span class='ocrx_word' id='word_1_233' title='bbox 1456 2256 1609 2313; x_wconf 83' lang='lat' dir='ltr'><strong>versante.</strong></span> <span class='ocrx_word' id='word_1_234' title='bbox 1724 2265 1729 2273; x_wconf 86' lang='lat'><strong>·</strong></span> 
     </span>
    </p>
   </div>
   <div class='ocr_carea' id='block_1_4' title="bbox 225 2336 1609 4122">
    <p class='ocr_par' dir='ltr' id='par_1_4' title="bbox 225 2336 1609 3214">
     <span class='ocr_line' id='line_1_22' title="bbox 253 2336 1609 2425; baseline 0.001 -24"><span class='ocrx_word' id='word_1_235' title='bbox 253 2336 450 2402; x_wconf 83' lang='lat' dir='ltr'><strong>Postmodum</strong></span> <span class='ocrx_word' id='word_1_236' title='bbox 481 2340 552 2403; x_wconf 91' lang='lat' dir='ltr'><strong>illos</strong></span> <span class='ocrx_word' id='word_1_237' title='bbox 581 2339 647 2403; x_wconf 87' lang='lat' dir='ltr'><strong>dies</strong></span> <span class='ocrx_word' id='word_1_238' title='bbox 676 2362 779 2407; x_wconf 92' lang='lat' dir='ltr'><strong>omues</strong></span> <span class='ocrx_word' id='word_1_239' title='bbox 807 2343 942 2425; x_wconf 91' lang='lat' dir='ltr'><strong>oportuit</strong></span> <span class='ocrx_word' id='word_1_240' title='bbox 971 2343 1001 2407; x_wconf 92' lang='lat' dir='ltr'><strong>in</strong></span> <span class='ocrx_word' id='word_1_241' title='bbox 1030 2343 1203 2423; x_wconf 84' lang='lat' dir='ltr'><strong>catalogum</strong></span> <span class='ocrx_word' id='word_1_242' title='bbox 1229 2340 1474 2405; x_wconf 87' lang='lat' dir='ltr'><strong>observationum</strong></span> <span class='ocrx_word' id='word_1_243' title='bbox 1495 2337 1609 2403; x_wconf 83' lang='lat' dir='ltr'><strong>Martis</strong></span> 
     </span>
     <span class='ocr_line' id='line_1_23' title="bbox 255 2426 1609 2506; baseline 0.001 -17"><span class='ocrx_word' id='word_1_244' title='bbox 255 2426 426 2504; x_wconf 85' lang='lat' dir='ltr'><strong>immittere,</strong></span> <span class='ocrx_word' id='word_1_245' title='bbox 449 2437 484 2491; x_wconf 93' lang='lat' dir='ltr'><strong>ut</strong></span> <span class='ocrx_word' id='word_1_246' title='bbox 504 2428 647 2506; x_wconf 90' lang='lat' dir='ltr'><strong>viderem,</strong></span> <span class='ocrx_word' id='word_1_247' title='bbox 670 2451 711 2493; x_wconf 91' lang='lat' dir='ltr'><strong>an</strong></span> <span class='ocrx_word' id='word_1_248' title='bbox 724 2432 817 2495; x_wconf 90' lang='lat' dir='ltr'><strong>etiam</strong></span> <span class='ocrx_word' id='word_1_249' title='bbox 834 2432 874 2495; x_wconf 90' lang='lat' dir='ltr'><strong>iis</strong></span> <span class='ocrx_word' id='word_1_250' title='bbox 896 2432 1055 2495; x_wconf 88' lang='lat' dir='ltr'><strong>momentis</strong></span> <span class='ocrx_word' id='word_1_251' title='bbox 1078 2432 1189 2495; x_wconf 84' lang='lat' dir='ltr'><strong>fuisset</strong></span> <span class='ocrx_word' id='word_1_252' title='bbox 1209 2430 1396 2494; x_wconf 88' lang='lat' dir='ltr'><strong>observatus.</strong></span> <span class='ocrx_word' id='word_1_253' title='bbox 1433 2428 1533 2503; x_wconf 81' lang='lat' dir='ltr'><strong>Quod,</strong></span> <span class='ocrx_word' id='word_1_254' title='bbox 1548 2426 1609 2491; x_wconf 85' lang='lat' dir='ltr'><strong>nisi</strong></span> 
     </span>
     <span class='ocr_line' id='line_1_24' title="bbox 257 2515 1608 2602; baseline 0.003 -25"><span class='ocrx_word' id='word_1_255' title='bbox 257 2515 498 2598; x_wconf 77' lang='lat' dir='ltr'><strong>frequentissime</strong></span> <span class='ocrx_word' id='word_1_256' title='bbox 520 2517 630 2581; x_wconf 86' lang='lat' dir='ltr'><strong>fuisset</strong></span> <span class='ocrx_word' id='word_1_257' title='bbox 650 2520 738 2584; x_wconf 87' lang='lat' dir='ltr'><strong>Mars</strong></span> <span class='ocrx_word' id='word_1_258' title='bbox 760 2522 940 2585; x_wconf 86' lang='lat' dir='ltr'><strong>observatus</strong></span> <span class='ocrx_word' id='word_1_259' title='bbox 962 2542 981 2583; x_wconf 89' lang='lat' dir='ltr'><strong>a</strong></span> <span class='ocrx_word' id='word_1_260' title='bbox 1004 2520 1236 2602; x_wconf 86' lang='lat' dir='ltr'><strong>diligentissimo</strong></span> <span class='ocrx_word' id='word_1_261' title='bbox 1250 2519 1392 2601; x_wconf 85' lang='lat' dir='ltr'><strong>Tyehone</strong></span> <span class='ocrx_word' id='word_1_262' title='bbox 1406 2517 1519 2594; x_wconf 87' lang='lat' dir='ltr'><strong>Brabe,</strong></span> <span class='ocrx_word' id='word_1_263' title='bbox 1543 2524 1608 2581; x_wconf 88' lang='lat' dir='ltr'><strong>tam</strong></span> 
     </span>
     <span class='ocr_line' id='line_1_25' title="bbox 225 2604 1608 2693; baseline 0.001 -25"><span class='ocrx_word' id='word_1_264' title='bbox 225 2605 230 2621; x_wconf 64' lang='lat'>⁸</span> <span class='ocrx_word' id='word_1_265' title='bbox 257 2606 409 2687; x_wconf 82' lang='lat' dir='ltr'><strong>exquisita</strong></span> <span class='ocrx_word' id='word_1_266' title='bbox 433 2607 491 2670; x_wconf 86' lang='lat' dir='ltr'><strong>fuit</strong></span> <span class='ocrx_word' id='word_1_267' title='bbox 512 2606 588 2669; x_wconf 91' lang='lat' dir='ltr'><strong>haec</strong></span> <span class='ocrx_word' id='word_1_268' title='bbox 611 2608 731 2686; x_wconf 88' lang='lat' dir='ltr'><strong>electio,</strong></span> <span class='ocrx_word' id='word_1_269' title='bbox 754 2618 789 2673; x_wconf 90' lang='lat' dir='ltr'><strong>nt</strong></span> <span class='ocrx_word' id='word_1_270' title='bbox 809 2609 874 2674; x_wconf 88' lang='lat' dir='ltr'><strong>voti</strong></span> <span class='ocrx_word' id='word_1_271' title='bbox 888 2630 1010 2693; x_wconf 88' lang='lat' dir='ltr'><strong>compos</strong></span> <span class='ocrx_word' id='word_1_272' title='bbox 1032 2611 1097 2674; x_wconf 88' lang='lat' dir='ltr'><strong>fieri</strong></span> <span class='ocrx_word' id='word_1_273' title='bbox 1114 2629 1174 2673; x_wconf 91' lang='lat' dir='ltr'><strong>uon</strong></span> <span class='ocrx_word' id='word_1_274' title='bbox 1196 2608 1373 2691; x_wconf 88' lang='lat' dir='ltr'><strong>potuissem.</strong></span> <span class='ocrx_word' id='word_1_275' title='bbox 1411 2604 1488 2671; x_wconf 83' lang='lat' dir='ltr'><strong>Cum</strong></span> <span class='ocrx_word' id='word_1_276' title='bbox 1506 2612 1608 2669; x_wconf 87' lang='lat' dir='ltr'><strong>autem</strong></span> 
     </span>
     <span class='ocr_line' id='line_1_26' title="bbox 258 2692 1608 2784; baseline 0.001 -26"><span class='ocrx_word' id='word_1_277' title='bbox 258 2694 362 2778; x_wconf 84' lang='lat' dir='ltr'><strong>Tycha</strong></span> <span class='ocrx_word' id='word_1_278' title='bbox 390 2696 544 2776; x_wconf 88' lang='lat' dir='ltr'><strong>posuisset</strong></span> <span class='ocrx_word' id='word_1_279' title='bbox 570 2716 736 2780; x_wconf 87' lang='lat' dir='ltr'><strong>apogaeum</strong></span> <span class='ocrx_word' id='word_1_280' title='bbox 764 2709 789 2772; x_wconf 75' lang='lat' dir='ltr'><strong>d</strong></span> <span class='ocrx_word' id='word_1_281' title='bbox 816 2700 848 2763; x_wconf 92' lang='lat' dir='ltr'><strong>iu</strong></span> <span class='ocrx_word' id='word_1_282' title='bbox 874 2696 918 2767; x_wconf 88' lang='grc'><strong>23</strong></span> <span class='ocrx_word' id='word_1_283' title='bbox 927 2692 982 2784; x_wconf 62' lang='grc'><strong>040</strong></span> <span class='ocrx_word' id='word_1_284' title='bbox 1005 2704 1039 2777; x_wconf 73' lang='grc'><strong>0,</strong></span> <span class='ocrx_word' id='word_1_285' title='bbox 1062 2701 1263 2783; x_wconf 87' lang='lat' dir='ltr'><strong>requireretur</strong></span> <span class='ocrx_word' id='word_1_286' title='bbox 1284 2716 1356 2762; x_wconf 88' lang='lat' dir='ltr'><strong>vero</strong></span> <span class='ocrx_word' id='word_1_287' title='bbox 1388 2696 1474 2760; x_wconf 88' lang='lat' dir='ltr'><strong>loeus</strong></span> <span class='ocrx_word' id='word_1_288' title='bbox 1496 2693 1608 2762; x_wconf 86' lang='lat' dir='ltr'><strong>Martis</strong></span> 
     </span>
     <span class='ocr_line' id='line_1_27' title="bbox 255 2783 1608 2874; baseline 0.001 -27"><span class='ocrx_word' id='word_1_289' title='bbox 255 2803 313 2868; x_wconf 91' lang='lat' dir='ltr'><strong>per</strong></span> <span class='ocrx_word' id='word_1_290' title='bbox 343 2787 553 2867; x_wconf 87' lang='lat' dir='ltr'><strong>aequationem</strong></span> <span class='ocrx_word' id='word_1_291' title='bbox 585 2789 717 2854; x_wconf 87' lang='lat' dir='ltr'><strong>eeceutri</strong></span> <span class='ocrx_word' id='word_1_292' title='bbox 747 2798 903 2874; x_wconf 73' lang='lat' dir='ltr'><strong>senectus</strong></span> <span class='ocrx_word' id='word_1_293' title='bbox 935 2783 1018 2874; x_wconf 74' lang='lat' dir='ltr'><strong>5¹l,⁰</strong></span> <span class='ocrx_word' id='word_1_294' title='bbox 1051 2800 1117 2858; x_wconf 48' lang='lat' dir='ltr'><strong>Q:</strong></span> <span class='ocrx_word' id='word_1_295' title='bbox 1152 2807 1224 2870; x_wconf 90' lang='lat' dir='ltr'><strong>erge</strong></span> <span class='ocrx_word' id='word_1_296' title='bbox 1256 2786 1408 2852; x_wconf 91' lang='lat' dir='ltr'><strong>anomalia</strong></span> <span class='ocrx_word' id='word_1_297' title='bbox 1439 2793 1608 2868; x_wconf 86' lang='lat' dir='ltr'><strong>coaequata</strong></span> 
     </span>
     <span class='ocr_line' id='line_1_28' title="bbox 256 2871 1608 2962; baseline 0 -24"><span class='ocrx_word' id='word_1_298' title='bbox 256 2874 465 2956; x_wconf 84' lang='lat' dir='ltr'><strong>requirebatur</strong></span> <span class='ocrx_word' id='word_1_299' title='bbox 495 2871 566 2940; x_wconf 90' lang='grc'><strong>420.</strong></span> <span class='ocrx_word' id='word_1_300' title='bbox 611 2878 655 2940; x_wconf 86' lang='lat' dir='ltr'><strong>Et</strong></span> <span class='ocrx_word' id='word_1_301' title='bbox 685 2898 752 2944; x_wconf 91' lang='lat' dir='ltr'><strong>eum</strong></span> <span class='ocrx_word' id='word_1_302' title='bbox 784 2879 940 2962; x_wconf 83' lang='lat' dir='ltr'><strong>exipsius</strong></span> <span class='ocrx_word' id='word_1_303' title='bbox 970 2880 1075 2943; x_wconf 88' lang='lat' dir='ltr'><strong>tabula</strong></span> <span class='ocrx_word' id='word_1_304' title='bbox 1104 2885 1287 2961; x_wconf 88' lang='lat' dir='ltr'><strong>coaequatae</strong></span> <span class='ocrx_word' id='word_1_305' title='bbox 1319 2873 1380 2942; x_wconf 90' lang='grc'><strong>420</strong></span> <span class='ocrx_word' id='word_1_306' title='bbox 1409 2874 1608 2958; x_wconf 88' lang='lat' dir='ltr'><strong>responderet</strong></span> 
     </span>
     <span class='ocr_line' id='line_1_29' title="bbox 255 2958 1604 3051; baseline 0.001 -25"><span class='ocrx_word' id='word_1_307' title='bbox 255 2964 397 3046; x_wconf 82' lang='lat' dir='ltr'><strong>aequatio</strong></span> <span class='ocrx_word' id='word_1_308' title='bbox 427 2962 467 3030; x_wconf 83' lang='lat'><strong>8⁰</strong></span> <span class='ocrx_word' id='word_1_309' title='bbox 499 2958 611 3049; x_wconf 64' lang='grc' dir='ltr'><strong>1501,οε</strong></span> <span class='ocrx_word' id='word_1_310' title='bbox 643 2985 716 3049; x_wconf 84' lang='lat' dir='ltr'><strong>ergo</strong></span> <span class='ocrx_word' id='word_1_311' title='bbox 747 2968 954 3051; x_wconf 87' lang='lat' dir='ltr'><strong>requirebatur</strong></span> <span class='ocrx_word' id='word_1_312' title='bbox 985 2970 1137 3032; x_wconf 88' lang='lat' dir='ltr'><strong>anomalia</strong></span> <span class='ocrx_word' id='word_1_313' title='bbox 1167 2968 1267 3030; x_wconf 86' lang='lat' dir='ltr'><strong>media</strong></span> <span class='ocrx_word' id='word_1_314' title='bbox 1297 2958 1604 3031; x_wconf 82' lang='lat' dir='ltr'><strong>eccentri50⁰16‘:</strong></span> 
     </span>
     <span class='ocr_line' id='line_1_30' title="bbox 255 3051 1606 3214; baseline 0.003 -100"><span class='ocrx_word' id='word_1_315' title='bbox 255 3070 420 3214; x_wconf 48' lang='lat' dir='ltr'><strong>pehqrbam</strong></span> <span class='ocrx_word' id='word_1_316' title='bbox 444 3053 679 3207; x_wconf 49' lang='lat' dir='ltr'><strong>opgeggebautur</strong></span> <span class='ocrx_word' id='word_1_317' title='bbox 701 3057 775 3121; x_wconf 91' lang='lat' dir='ltr'><strong>mihi</strong></span> <span class='ocrx_word' id='word_1_318' title='bbox 798 3058 956 3122; x_wconf 82' lang='lat' dir='ltr'><strong>duodecim</strong></span> <span class='ocrx_word' id='word_1_319' title='bbox 971 3058 1092 3122; x_wconf 87' lang='lat' dir='ltr'><strong>articuli</strong></span> <span class='ocrx_word' id='word_1_320' title='bbox 1114 3065 1280 3138; x_wconf 90' lang='lat' dir='ltr'><strong>temporum</strong></span> <span class='ocrx_word' id='word_1_321' title='bbox 1301 3075 1356 3137; x_wconf 90' lang='lat' dir='ltr'><strong>per</strong></span> <span class='ocrx_word' id='word_1_322' title='bbox 1378 3073 1475 3120; x_wconf 88' lang='lat' dir='ltr'><strong>annos</strong></span> <span class='ocrx_word' id='word_1_323' title='bbox 1497 3051 1606 3136; x_wconf 81' lang='lat' dir='ltr'><strong>viginti</strong></span> 
     </span>
     <span class='ocr_line' id='line_1_31' title="bbox 253 3163 555 3206; baseline -0.007 0"><span class='ocrx_word' id='word_1_324' title='bbox 253 3163 273 3206; x_wconf 91' lang='lat' dir='ltr'><strong>a</strong></span> <span class='ocrx_word' id='word_1_325' title='bbox 404 3163 436 3206; x_wconf 91' lang='lat' dir='ltr'><strong>m</strong></span> <span class='ocrx_word' id='word_1_326' title='bbox 549 3189 555 3204; x_wconf 94' lang='lat'>.</span> 
     </span>
    </p>

    <p class='ocr_par' dir='ltr' id='par_1_5' title="bbox 251 3233 1606 4122">
     <span class='ocr_line' id='line_1_32' title="bbox 339 3233 1606 3318; baseline -0.002 -19"><span class='ocrx_word' id='word_1_327' title='bbox 339 3233 391 3299; x_wconf 78' lang='lat' dir='ltr'><strong>An</strong></span> <span class='ocrx_word' id='word_1_328' title='bbox 412 3240 515 3296; x_wconf 88' lang='lat' dir='ltr'><strong>autem</strong></span> <span class='ocrx_word' id='word_1_329' title='bbox 537 3251 576 3295; x_wconf 85' lang='lat' dir='ltr'><strong>ex</strong></span> <span class='ocrx_word' id='word_1_330' title='bbox 597 3234 646 3299; x_wconf 88' lang='lat' dir='ltr'><strong>his</strong></span> <span class='ocrx_word' id='word_1_331' title='bbox 668 3235 854 3318; x_wconf 82' lang='lat' dir='ltr'><strong>temporibus</strong></span> <span class='ocrx_word' id='word_1_332' title='bbox 884 3235 975 3299; x_wconf 87' lang='lat' dir='ltr'><strong>alicui</strong></span> <span class='ocrx_word' id='word_1_333' title='bbox 998 3243 1082 3299; x_wconf 89' lang='lat' dir='ltr'><strong>esset</strong></span> <span class='ocrx_word' id='word_1_334' title='bbox 1109 3233 1260 3298; x_wconf 87' lang='lat' dir='ltr'><strong>anomalia</strong></span> <span class='ocrx_word' id='word_1_335' title='bbox 1282 3239 1448 3315; x_wconf 83' lang='lat' dir='ltr'><strong>coaequata</strong></span> <span class='ocrx_word' id='word_1_336' title='bbox 1470 3251 1606 3298; x_wconf 88' lang='lat' dir='ltr'><strong>eommu-</strong></span> 
     </span>
     <span class='ocr_line' id='line_1_33' title="bbox 252 3317 1606 3408; baseline 0.002 -23"><span class='ocrx_word' id='word_1_337' title='bbox 252 3322 380 3386; x_wconf 85' lang='lat' dir='ltr'><strong>tationis</strong></span> <span class='ocrx_word' id='word_1_338' title='bbox 402 3323 497 3386; x_wconf 89' lang='lat' dir='ltr'><strong>semel</strong></span> <span class='ocrx_word' id='word_1_339' title='bbox 520 3317 591 3400; x_wconf 88' lang='grc'><strong>900,</strong></span> <span class='ocrx_word' id='word_1_340' title='bbox 613 3324 721 3388; x_wconf 86' lang='lat' dir='ltr'><strong>iterum</strong></span> <span class='ocrx_word' id='word_1_341' title='bbox 737 3322 835 3401; x_wconf 94' lang='grc'><strong>2700,</strong></span> <span class='ocrx_word' id='word_1_342' title='bbox 860 3326 910 3388; x_wconf 86' lang='lat' dir='ltr'><strong>vel</strong></span> <span class='ocrx_word' id='word_1_343' title='bbox 933 3333 1044 3408; x_wconf 91' lang='lat' dir='ltr'><strong>quanto</strong></span> <span class='ocrx_word' id='word_1_344' title='bbox 1067 3324 1122 3388; x_wconf 91' lang='lat' dir='ltr'><strong>illa</strong></span> <span class='ocrx_word' id='word_1_345' title='bbox 1144 3325 1240 3406; x_wconf 74' lang='lat' dir='ltr'><strong>major</strong></span> <span class='ocrx_word' id='word_1_346' title='bbox 1261 3323 1407 3397; x_wconf 86' lang='lat' dir='ltr'><strong>minorve,</strong></span> <span class='ocrx_word' id='word_1_347' title='bbox 1429 3327 1516 3386; x_wconf 89' lang='lat' dir='ltr'><strong>tanto</strong></span> <span class='ocrx_word' id='word_1_348' title='bbox 1529 3321 1606 3388; x_wconf 83' lang='lat' dir='ltr'><strong>haec</strong></span> 
     </span>
     <span class='ocr_line' id='line_1_34' title="bbox 255 3409 1605 3496; baseline 0 -20"><span class='ocrx_word' id='word_1_349' title='bbox 255 3409 354 3476; x_wconf 92' lang='lat' dir='ltr'><strong>minor</strong></span> <span class='ocrx_word' id='word_1_350' title='bbox 382 3413 532 3493; x_wconf 74' lang='lat' dir='ltr'><strong>maiorve,</strong></span> <span class='ocrx_word' id='word_1_351' title='bbox 560 3413 605 3476; x_wconf 91' lang='lat' dir='ltr'><strong>sic</strong></span> <span class='ocrx_word' id='word_1_352' title='bbox 634 3413 796 3478; x_wconf 83' lang='lat' dir='ltr'><strong>artificiose</strong></span> <span class='ocrx_word' id='word_1_353' title='bbox 818 3414 875 3478; x_wconf 86' lang='lat' dir='ltr'><strong>fuit</strong></span> <span class='ocrx_word' id='word_1_354' title='bbox 903 3415 1086 3496; x_wconf 88' lang='lat' dir='ltr'><strong>indagatum.</strong></span> <span class='ocrx_word' id='word_1_355' title='bbox 1132 3415 1202 3478; x_wconf 90' lang='lat' dir='ltr'><strong>Una</strong></span> <span class='ocrx_word' id='word_1_356' title='bbox 1222 3411 1333 3477; x_wconf 87' lang='lat' dir='ltr'><strong>Martis</strong></span> <span class='ocrx_word' id='word_1_357' title='bbox 1361 3411 1509 3476; x_wconf 89' lang='lat' dir='ltr'><strong>revolutio</strong></span> <span class='ocrx_word' id='word_1_358' title='bbox 1539 3411 1605 3476; x_wconf 87' lang='lat' dir='ltr'><strong>dies</strong></span> 
     </span>
     <span class='ocr_line' id='line_1_35' title="bbox 256 3493 1603 3584; baseline 0 -20"><span class='ocrx_word' id='word_1_359' title='bbox 256 3502 348 3565; x_wconf 86' lang='lat' dir='ltr'><strong>habet</strong></span> <span class='ocrx_word' id='word_1_360' title='bbox 371 3495 452 3578; x_wconf 86' lang='grc'><strong>687,</strong></span> <span class='ocrx_word' id='word_1_361' title='bbox 484 3501 561 3564; x_wconf 89' lang='lat' dir='ltr'><strong>duae</strong></span> <span class='ocrx_word' id='word_1_362' title='bbox 584 3502 667 3568; x_wconf 86' lang='lat' dir='ltr'><strong>Solis</strong></span> <span class='ocrx_word' id='word_1_363' title='bbox 690 3502 804 3566; x_wconf 90' lang='lat' dir='ltr'><strong>babent</strong></span> <span class='ocrx_word' id='word_1_364' title='bbox 826 3499 952 3584; x_wconf 81' lang='lat' dir='ltr'><strong>73⁰¹i23</strong></span> <span class='ocrx_word' id='word_1_365' title='bbox 977 3502 1146 3568; x_wconf 86' lang='lat' dir='ltr'><strong>differentia</strong></span> <span class='ocrx_word' id='word_1_366' title='bbox 1169 3502 1283 3566; x_wconf 85' lang='lat' dir='ltr'><strong>diemm</strong></span> <span class='ocrx_word' id='word_1_367' title='bbox 1306 3497 1349 3567; x_wconf 90' lang='grc'><strong>43</strong></span> <span class='ocrx_word' id='word_1_368' title='bbox 1358 3493 1411 3584; x_wconf 71' lang='grc'><strong>9,,</strong></span> <span class='ocrx_word' id='word_1_369' title='bbox 1435 3500 1542 3584; x_wconf 90' lang='lat' dir='ltr'><strong>quibus</strong></span> <span class='ocrx_word' id='word_1_370' title='bbox 1566 3501 1603 3564; x_wconf 90' lang='lat' dir='ltr'><strong>de</strong></span> 
     </span>
     <span class='ocr_line' id='line_1_36' title="bbox 251 3586 1606 3673; baseline 0 -19"><span class='ocrx_word' id='word_1_371' title='bbox 251 3599 335 3656; x_wconf 87' lang='lat' dir='ltr'><strong>motu</strong></span> <span class='ocrx_word' id='word_1_372' title='bbox 356 3591 456 3654; x_wconf 91' lang='lat' dir='ltr'><strong>medio</strong></span> <span class='ocrx_word' id='word_1_373' title='bbox 471 3589 556 3656; x_wconf 90' lang='lat' dir='ltr'><strong>Solis</strong></span> <span class='ocrx_word' id='word_1_374' title='bbox 578 3592 763 3673; x_wconf 88' lang='lat' dir='ltr'><strong>respondent</strong></span> <span class='ocrx_word' id='word_1_375' title='bbox 784 3586 846 3655; x_wconf 85' lang='grc'><strong>420</strong></span> <span class='ocrx_word' id='word_1_376' title='bbox 868 3588 924 3656; x_wconf 85' lang='grc'><strong>540</strong></span> <span class='ocrx_word' id='word_1_377' title='bbox 947 3587 1021 3656; x_wconf 89' lang='grc'><strong>2300.</strong></span> <span class='ocrx_word' id='word_1_378' title='bbox 1060 3594 1159 3656; x_wconf 89' lang='lat' dir='ltr'><strong>Tanto</strong></span> <span class='ocrx_word' id='word_1_379' title='bbox 1182 3592 1275 3673; x_wconf 88' lang='lat' dir='ltr'><strong>igitur</strong></span> <span class='ocrx_word' id='word_1_380' title='bbox 1296 3590 1431 3654; x_wconf 89' lang='lat' dir='ltr'><strong>variatur</strong></span> <span class='ocrx_word' id='word_1_381' title='bbox 1454 3591 1606 3654; x_wconf 90' lang='lat' dir='ltr'><strong>anomalia</strong></span> 
     </span>
     <span class='ocr_line' id='line_1_37' title="bbox 252 3679 1605 3762; baseline -0.001 -18"><span class='ocrx_word' id='word_1_382' title='bbox 252 3679 494 3746; x_wconf 88' lang='lat' dir='ltr'><strong>commutationis</strong></span> <span class='ocrx_word' id='word_1_383' title='bbox 516 3681 556 3743; x_wconf 86' lang='lat' dir='ltr'><strong>ad</strong></span> <span class='ocrx_word' id='word_1_384' title='bbox 577 3681 666 3744; x_wconf 88' lang='lat' dir='ltr'><strong>tinem</strong></span> <span class='ocrx_word' id='word_1_385' title='bbox 689 3679 851 3762; x_wconf 80' lang='lat' dir='ltr'><strong>cuiuslibet</strong></span> <span class='ocrx_word' id='word_1_386' title='bbox 872 3681 1069 3746; x_wconf 90' lang='lat' dir='ltr'><strong>revolutionis</strong></span> <span class='ocrx_word' id='word_1_387' title='bbox 1091 3680 1212 3745; x_wconf 88' lang='lat' dir='ltr'><strong>Martis.</strong></span> <span class='ocrx_word' id='word_1_388' title='bbox 1259 3679 1388 3754; x_wconf 83' lang='lat' dir='ltr'><strong>Quando</strong></span> <span class='ocrx_word' id='word_1_389' title='bbox 1411 3679 1502 3762; x_wconf 85' lang='lat' dir='ltr'><strong>igitur</strong></span> <span class='ocrx_word' id='word_1_390' title='bbox 1523 3680 1605 3744; x_wconf 91' lang='lat' dir='ltr'><strong>intra</strong></span> 
     </span>
     <span class='ocr_line' id='line_1_38' title="bbox 251 3768 1603 3855; baseline -0.001 -21"><span class='ocrx_word' id='word_1_391' title='bbox 251 3791 343 3834; x_wconf 91' lang='lat' dir='ltr'><strong>uuum</strong></span> <span class='ocrx_word' id='word_1_392' title='bbox 364 3769 516 3833; x_wconf 89' lang='lat' dir='ltr'><strong>biennium</strong></span> <span class='ocrx_word' id='word_1_393' title='bbox 538 3777 722 3852; x_wconf 88' lang='lat' dir='ltr'><strong>quaeruntur</strong></span> <span class='ocrx_word' id='word_1_394' title='bbox 738 3771 815 3855; x_wconf 87' lang='lat' dir='ltr'><strong>duae</strong></span> <span class='ocrx_word' id='word_1_395' title='bbox 843 3771 1085 3835; x_wconf 84' lang='lat' dir='ltr'><strong>commutationis</strong></span> <span class='ocrx_word' id='word_1_396' title='bbox 1108 3768 1276 3834; x_wconf 90' lang='lat' dir='ltr'><strong>anomaliae</strong></span> <span class='ocrx_word' id='word_1_397' title='bbox 1299 3768 1441 3852; x_wconf 86' lang='lat' dir='ltr'><strong>aequales</strong></span> <span class='ocrx_word' id='word_1_398' title='bbox 1464 3768 1603 3848; x_wconf 87' lang='lat' dir='ltr'><strong>invicem,</strong></span> 
     </span>
     <span class='ocr_line' id='line_1_39' title="bbox 252 3859 1603 3941; baseline -0.002 -16"><span class='ocrx_word' id='word_1_399' title='bbox 252 3864 353 3925; x_wconf 90' lang='lat' dir='ltr'><strong>Marte</strong></span> <span class='ocrx_word' id='word_1_400' title='bbox 369 3860 475 3923; x_wconf 91' lang='lat' dir='ltr'><strong>eodem</strong></span> <span class='ocrx_word' id='word_1_401' title='bbox 497 3859 636 3941; x_wconf 87' lang='lat' dir='ltr'><strong>utrinque</strong></span> <span class='ocrx_word' id='word_1_402' title='bbox 658 3860 818 3924; x_wconf 90' lang='lat' dir='ltr'><strong>eecentrioi</strong></span> <span class='ocrx_word' id='word_1_403' title='bbox 839 3862 906 3924; x_wconf 87' lang='lat' dir='ltr'><strong>loeo</strong></span> <span class='ocrx_word' id='word_1_404' title='bbox 930 3867 1082 3936; x_wconf 89' lang='lat' dir='ltr'><strong>versante,</strong></span> <span class='ocrx_word' id='word_1_405' title='bbox 1106 3865 1226 3941; x_wconf 89' lang='lat' dir='ltr'><strong>oportet</strong></span> <span class='ocrx_word' id='word_1_406' title='bbox 1247 3867 1281 3924; x_wconf 86' lang='lat' dir='ltr'><strong>ut</strong></span> <span class='ocrx_word' id='word_1_407' title='bbox 1302 3859 1354 3922; x_wconf 92' lang='lat' dir='ltr'><strong>ille</strong></span> <span class='ocrx_word' id='word_1_408' title='bbox 1377 3866 1445 3922; x_wconf 90' lang='lat' dir='ltr'><strong>uter</strong></span> <span class='ocrx_word' id='word_1_409' title='bbox 1464 3877 1502 3922; x_wconf 91' lang='lat' dir='ltr'><strong>ue</strong></span> <span class='ocrx_word' id='word_1_410' title='bbox 1518 3879 1603 3923; x_wconf 90' lang='lat' dir='ltr'><strong>com-</strong></span> 
     </span>
     <span class='ocr_line' id='line_1_40' title="bbox 254 3877 1604 4030; baseline 0 -16"><span class='ocrx_word' id='word_1_411' title='bbox 254 3948 430 4014; x_wconf 87' lang='lat' dir='ltr'><strong>mutationis</strong></span> <span class='ocrx_word' id='word_1_412' title='bbox 453 3947 582 4028; x_wconf 89' lang='lat' dir='ltr'><strong>angulus</strong></span> <span class='ocrx_word' id='word_1_413' title='bbox 612 3947 655 4010; x_wconf 90' lang='lat' dir='ltr'><strong>sit</strong></span> <span class='ocrx_word' id='word_1_414' title='bbox 676 3946 737 4011; x_wconf 92' lang='grc'><strong>210</strong></span> <span class='ocrx_word' id='word_1_415' title='bbox 759 3946 823 4014; x_wconf 93' lang='grc'><strong>270.</strong></span> <span class='ocrx_word' id='word_1_416' title='bbox 868 3951 955 4013; x_wconf 90' lang='lat' dir='ltr'><strong>Intra</strong></span> <span class='ocrx_word' id='word_1_417' title='bbox 982 3944 1003 4013; x_wconf 92' lang='grc'><strong>4</strong></span> <span class='ocrx_word' id='word_1_418' title='bbox 1030 3969 1126 4014; x_wconf 91' lang='lat' dir='ltr'><strong>annos</strong></span> <span class='ocrx_word' id='word_1_419' title='bbox 1153 3948 1313 4030; x_wconf 88' lang='lat' dir='ltr'><strong>requiritur</strong></span> <span class='ocrx_word' id='word_1_420' title='bbox 1335 3943 1397 4014; x_wconf 87' lang='grc'><strong>420</strong></span> <span class='ocrx_word' id='word_1_421' title='bbox 1419 3877 1489 4012; x_wconf 79' lang='grc' dir='ltr'><strong>54οε</strong></span> <span class='ocrx_word' id='word_1_422' title='bbox 1522 3947 1604 4014; x_wconf 89' lang='lat' dir='ltr'><strong>iutra</strong></span> 
     </span>
     <span class='ocr_line' id='line_1_41' title="bbox 254 4033 1603 4122; baseline 0 -20"><span class='ocrx_word' id='word_1_423' title='bbox 254 4057 426 4102; x_wconf 85' lang='lat' dir='ltr'><strong>sexauuos</strong></span> <span class='ocrx_word' id='word_1_424' title='bbox 451 4033 605 4102; x_wconf 85' lang='grc' dir='ltr'><strong>04022οε</strong></span> <span class='ocrx_word' id='word_1_425' title='bbox 640 4037 720 4099; x_wconf 88' lang='lat' dir='ltr'><strong>intra</strong></span> <span class='ocrx_word' id='word_1_426' title='bbox 744 4046 812 4101; x_wconf 87' lang='lat' dir='ltr'><strong>octo</strong></span> <span class='ocrx_word' id='word_1_427' title='bbox 836 4058 931 4102; x_wconf 89' lang='lat' dir='ltr'><strong>annes</strong></span> <span class='ocrx_word' id='word_1_428' title='bbox 954 4035 1015 4104; x_wconf 87' lang='grc'><strong>850</strong></span> <span class='ocrx_word' id='word_1_429' title='bbox 1036 4034 1102 4102; x_wconf 85' lang='grc'><strong>490.</strong></span> <span class='ocrx_word' id='word_1_430' title='bbox 1147 4040 1189 4102; x_wconf 83' lang='lat' dir='ltr'><strong>Et</strong></span> <span class='ocrx_word' id='word_1_431' title='bbox 1215 4057 1271 4102; x_wconf 88' lang='lat' dir='ltr'><strong>uos</strong></span> <span class='ocrx_word' id='word_1_432' title='bbox 1299 4037 1543 4122; x_wconf 87' lang='lat' dir='ltr'><strong>postulabamus,</strong></span> <span class='ocrx_word' id='word_1_433' title='bbox 1575 4038 1603 4102; x_wconf 89' lang='lat' dir='ltr'><strong>si</strong></span> 
     </span>
    </p>
   </div>
   <div class='ocr_carea' id='block_1_5' title="bbox 138 4123 1604 4211">
    <p class='ocr_par' dir='ltr' id='par_1_6' title="bbox 138 4123 1604 4211">
     <span class='ocr_line' id='line_1_42' title="bbox 138 4123 1604 4211; baseline -0.001 -19"><span class='ocrx_word' id='word_1_434' title='bbox 138 4163 147 4182; x_wconf 92' lang='lat'><strong>·</strong></span> <span class='ocrx_word' id='word_1_435' title='bbox 253 4126 319 4192; x_wconf 88' lang='lat' dir='ltr'><strong>lieri</strong></span> <span class='ocrx_word' id='word_1_436' title='bbox 350 4127 501 4208; x_wconf 91' lang='lat' dir='ltr'><strong>potuisset</strong></span> <span class='ocrx_word' id='word_1_437' title='bbox 531 4123 600 4192; x_wconf 85' lang='grc'><strong>900.</strong></span> <span class='ocrx_word' id='word_1_438' title='bbox 646 4127 729 4206; x_wconf 87' lang='lat' dir='ltr'><strong>Ergo</strong></span> <span class='ocrx_word' id='word_1_439' title='bbox 752 4127 839 4192; x_wconf 88' lang='lat' dir='ltr'><strong>binas</strong></span> <span class='ocrx_word' id='word_1_440' title='bbox 866 4136 989 4192; x_wconf 89' lang='lat' dir='ltr'><strong>nostras</strong></span> <span class='ocrx_word' id='word_1_441' title='bbox 1017 4127 1246 4193; x_wconf 85' lang='lat' dir='ltr'><strong>observationes</strong></span> <span class='ocrx_word' id='word_1_442' title='bbox 1272 4145 1416 4211; x_wconf 90' lang='lat' dir='ltr'><strong>quaerere</strong></span> <span class='ocrx_word' id='word_1_443' title='bbox 1444 4127 1604 4209; x_wconf 90' lang='lat' dir='ltr'><strong>oportebat</strong></span> 
     </span>
    </p>
   </div>
   <div class='ocr_carea' id='block_1_6' title="bbox 253 4215 1696 5017">
    <p class='ocr_par' dir='ltr' id='par_1_7' title="bbox 253 4215 1602 4384">
     <span class='ocr_line' id='line_1_43' title="bbox 254 4215 1602 4299; baseline 0 -19"><span class='ocrx_word' id='word_1_444' title='bbox 254 4216 406 4280; x_wconf 88' lang='lat' dir='ltr'><strong>distantes</strong></span> <span class='ocrx_word' id='word_1_445' title='bbox 433 4215 521 4281; x_wconf 88' lang='lat' dir='ltr'><strong>anuis</strong></span> <span class='ocrx_word' id='word_1_446' title='bbox 551 4223 628 4280; x_wconf 89' lang='lat' dir='ltr'><strong>octo.</strong></span> <span class='ocrx_word' id='word_1_447' title='bbox 675 4215 761 4280; x_wconf 90' lang='lat' dir='ltr'><strong>Talis</strong></span> <span class='ocrx_word' id='word_1_448' title='bbox 792 4237 863 4282; x_wconf 87' lang='lat' dir='ltr'><strong>vero</strong></span> <span class='ocrx_word' id='word_1_449' title='bbox 888 4217 1131 4284; x_wconf 89' lang='lat' dir='ltr'><strong>observationum</strong></span> <span class='ocrx_word' id='word_1_450' title='bbox 1161 4217 1234 4297; x_wconf 89' lang='lat' dir='ltr'><strong>biga</strong></span> <span class='ocrx_word' id='word_1_451' title='bbox 1255 4237 1314 4281; x_wconf 91' lang='lat' dir='ltr'><strong>uon</strong></span> <span class='ocrx_word' id='word_1_452' title='bbox 1336 4216 1541 4299; x_wconf 89' lang='lat' dir='ltr'><strong>reperiebatur</strong></span> <span class='ocrx_word' id='word_1_453' title='bbox 1571 4217 1602 4280; x_wconf 92' lang='lat' dir='ltr'><strong>iu</strong></span> 
     </span>
     <span class='ocr_line' id='line_1_44' title="bbox 253 4304 860 4384; baseline -0.002 -14"><span class='ocrx_word' id='word_1_454' title='bbox 253 4305 393 4384; x_wconf 85' lang='lat' dir='ltr'><strong>catalogo</strong></span> <span class='ocrx_word' id='word_1_455' title='bbox 415 4304 586 4369; x_wconf 88' lang='lat' dir='ltr'><strong>habitarum</strong></span> <span class='ocrx_word' id='word_1_456' title='bbox 608 4305 860 4371; x_wconf 89' lang='lat' dir='ltr'><strong>observationum.</strong></span> 
     </span>
    </p>

    <p class='ocr_par' dir='ltr' id='par_1_8' title="bbox 253 4391 1696 5017">
     <span class='ocr_line' id='line_1_45' title="bbox 342 4391 1696 4478; baseline 0.003 -21"><span class='ocrx_word' id='word_1_457' title='bbox 342 4393 515 4457; x_wconf 86' lang='lat' dir='ltr'><strong>Conversus</strong></span> <span class='ocrx_word' id='word_1_458' title='bbox 546 4394 639 4478; x_wconf 88' lang='lat' dir='ltr'><strong>igitur</strong></span> <span class='ocrx_word' id='word_1_459' title='bbox 666 4414 732 4459; x_wconf 89' lang='lat' dir='ltr'><strong>sum</strong></span> <span class='ocrx_word' id='word_1_460' title='bbox 759 4395 798 4457; x_wconf 90' lang='lat' dir='ltr'><strong>ad</strong></span> <span class='ocrx_word' id='word_1_461' title='bbox 824 4396 1001 4460; x_wconf 89' lang='lat' dir='ltr'><strong>distantiam</strong></span> <span class='ocrx_word' id='word_1_462' title='bbox 1031 4413 1085 4458; x_wconf 84' lang='lat' dir='ltr'><strong>sex</strong></span> <span class='ocrx_word' id='word_1_463' title='bbox 1113 4413 1257 4459; x_wconf 90' lang='lat' dir='ltr'><strong>annorum</strong></span> <span class='ocrx_word' id='word_1_464' title='bbox 1284 4393 1441 4476; x_wconf 89' lang='lat' dir='ltr'><strong>iuvenique</strong></span> <span class='ocrx_word' id='word_1_465' title='bbox 1468 4391 1601 4470; x_wconf 89' lang='lat' dir='ltr'><strong>tandem,</strong></span> <span class='ocrx_word' id='word_1_466' title='bbox 1686 4449 1696 4461; x_wconf 90' lang='lat'><em>.</em></span> 
     </span>
     <span class='ocr_line' id='line_1_46' title="bbox 255 4478 1600 4568; baseline -0.001 -20"><span class='ocrx_word' id='word_1_467' title='bbox 255 4485 334 4568; x_wconf 90' lang='lat' dir='ltr'><strong>quod</strong></span> <span class='ocrx_word' id='word_1_468' title='bbox 357 4503 435 4546; x_wconf 89' lang='lat' dir='ltr'><strong>anno</strong></span> <span class='ocrx_word' id='word_1_469' title='bbox 461 4478 554 4547; x_wconf 87' lang='grc'><strong>1585.</strong></span> <span class='ocrx_word' id='word_1_470' title='bbox 571 4484 599 4547; x_wconf 91' lang='lat' dir='ltr'><strong>d.</strong></span> <span class='ocrx_word' id='word_1_471' title='bbox 618 4480 668 4547; x_wconf 91' lang='grc'><strong>18.</strong></span> <span class='ocrx_word' id='word_1_472' title='bbox 690 4482 768 4564; x_wconf 80' lang='lat' dir='ltr'><strong>maji</strong></span> <span class='ocrx_word' id='word_1_473' title='bbox 782 4494 815 4548; x_wconf 90' lang='lat' dir='ltr'><strong>et</strong></span> <span class='ocrx_word' id='word_1_474' title='bbox 836 4505 915 4548; x_wconf 91' lang='lat' dir='ltr'><strong>anuo</strong></span> <span class='ocrx_word' id='word_1_475' title='bbox 941 4481 1034 4550; x_wconf 90' lang='grc'><strong>1591.</strong></span> <span class='ocrx_word' id='word_1_476' title='bbox 1059 4486 1087 4548; x_wconf 87' lang='lat' dir='ltr'><strong>d.</strong></span> <span class='ocrx_word' id='word_1_477' title='bbox 1113 4481 1166 4548; x_wconf 89' lang='grc'><strong>22.</strong></span> <span class='ocrx_word' id='word_1_478' title='bbox 1190 4486 1258 4549; x_wconf 87' lang='lat' dir='ltr'><strong>Jan.</strong></span> <span class='ocrx_word' id='word_1_479' title='bbox 1284 4490 1440 4546; x_wconf 79' lang='lat' dir='ltr'><strong>exstarent</strong></span> <span class='ocrx_word' id='word_1_480' title='bbox 1454 4481 1600 4547; x_wconf 88' lang='lat' dir='ltr'><strong>observa-</strong></span> 
     </span>
     <span class='ocr_line' id='line_1_47' title="bbox 253 4568 1600 4656; baseline -0.003 -18"><span class='ocrx_word' id='word_1_481' title='bbox 253 4575 353 4638; x_wconf 91' lang='lat' dir='ltr'><strong>tiones</strong></span> <span class='ocrx_word' id='word_1_482' title='bbox 365 4573 503 4636; x_wconf 88' lang='lat' dir='ltr'><strong>idoneae.</strong></span> <span class='ocrx_word' id='word_1_483' title='bbox 541 4573 620 4637; x_wconf 89' lang='lat' dir='ltr'><strong>Nam</strong></span> <span class='ocrx_word' id='word_1_484' title='bbox 637 4574 913 4656; x_wconf 88' lang='lat' dir='ltr'><strong>correspondebant</strong></span> <span class='ocrx_word' id='word_1_485' title='bbox 925 4593 1003 4638; x_wconf 90' lang='lat' dir='ltr'><strong>anuo</strong></span> <span class='ocrx_word' id='word_1_486' title='bbox 1024 4569 1115 4638; x_wconf 89' lang='grc'><strong>1585.</strong></span> <span class='ocrx_word' id='word_1_487' title='bbox 1131 4575 1160 4636; x_wconf 93' lang='lat' dir='ltr'><strong>d.</strong></span> <span class='ocrx_word' id='word_1_488' title='bbox 1186 4570 1238 4638; x_wconf 88' lang='grc'><strong>30.</strong></span> <span class='ocrx_word' id='word_1_489' title='bbox 1261 4573 1340 4652; x_wconf 86' lang='lat' dir='ltr'><strong>Maji</strong></span> <span class='ocrx_word' id='word_1_490' title='bbox 1360 4573 1391 4636; x_wconf 86' lang='lat' dir='ltr'><strong>lr.</strong></span> <span class='ocrx_word' id='word_1_491' title='bbox 1409 4569 1440 4636; x_wconf 90' lang='grc'><strong>5.</strong></span> <span class='ocrx_word' id='word_1_492' title='bbox 1457 4579 1488 4634; x_wconf 91' lang='lat' dir='ltr'><strong>et</strong></span> <span class='ocrx_word' id='word_1_493' title='bbox 1506 4568 1600 4637; x_wconf 95' lang='grc'><strong>1591.</strong></span> 
     </span>
     <span class='ocr_line' id='line_1_48' title="bbox 254 4655 1601 4746; baseline -0.001 -20"><span class='ocrx_word' id='word_1_494' title='bbox 254 4659 353 4728; x_wconf 75' lang='grc'><strong>020.</strong></span> <span class='ocrx_word' id='word_1_495' title='bbox 367 4663 437 4728; x_wconf 85' lang='lat' dir='ltr'><strong>Jau.</strong></span> <span class='ocrx_word' id='word_1_496' title='bbox 458 4661 489 4724; x_wconf 92' lang='lat' dir='ltr'><strong>h.</strong></span> <span class='ocrx_word' id='word_1_497' title='bbox 505 4657 535 4724; x_wconf 93' lang='grc'><strong>0.</strong></span> <span class='ocrx_word' id='word_1_498' title='bbox 571 4661 717 4746; x_wconf 88' lang='lat' dir='ltr'><strong>Utrinque</strong></span> <span class='ocrx_word' id='word_1_499' title='bbox 741 4663 852 4726; x_wconf 88' lang='lat' dir='ltr'><strong>Martis</strong></span> <span class='ocrx_word' id='word_1_500' title='bbox 874 4663 1030 4744; x_wconf 88' lang='lat' dir='ltr'><strong>longitudo</strong></span> <span class='ocrx_word' id='word_1_501' title='bbox 1048 4663 1147 4725; x_wconf 88' lang='lat' dir='ltr'><strong>media</strong></span> <span class='ocrx_word' id='word_1_502' title='bbox 1168 4661 1226 4726; x_wconf 78' lang='lat' dir='ltr'><strong>ruit</strong></span> <span class='ocrx_word' id='word_1_503' title='bbox 1241 4655 1273 4725; x_wconf 88' lang='grc'><strong>6·</strong></span> <span class='ocrx_word' id='word_1_504' title='bbox 1288 4659 1349 4726; x_wconf 89' lang='grc'><strong>220</strong></span> <span class='ocrx_word' id='word_1_505' title='bbox 1371 4658 1436 4738; x_wconf 86' lang='grc'><strong>430,</strong></span> <span class='ocrx_word' id='word_1_506' title='bbox 1460 4661 1601 4744; x_wconf 88' lang='lat' dir='ltr'><strong>aequatio</strong></span> 
     </span>
     <span class='ocr_line' id='line_1_49' title="bbox 256 4746 1599 4836; baseline -0.002 -20"><span class='ocrx_word' id='word_1_507' title='bbox 256 4751 430 4836; x_wconf 83' lang='lat' dir='ltr'><strong>Tychoniea</strong></span> <span class='ocrx_word' id='word_1_508' title='bbox 445 4746 484 4816; x_wconf 93' lang='grc'><strong>90</strong></span> <span class='ocrx_word' id='word_1_509' title='bbox 500 4746 551 4815; x_wconf 92' lang='grc'><strong>140</strong></span> <span class='ocrx_word' id='word_1_510' title='bbox 567 4747 632 4815; x_wconf 89' lang='grc'><strong>5200</strong></span> <span class='ocrx_word' id='word_1_511' title='bbox 646 4751 818 4816; x_wconf 84' lang='lat' dir='ltr'><strong>auferenda</strong></span> <span class='ocrx_word' id='word_1_512' title='bbox 841 4752 925 4835; x_wconf 82' lang='lat' dir='ltr'><strong>Ergo</strong></span> <span class='ocrx_word' id='word_1_513' title='bbox 936 4751 1088 4825; x_wconf 65' lang='lat' dir='ltr'><strong>&amp;ratione</strong></span> <span class='ocrx_word' id='word_1_514' title='bbox 1099 4751 1258 4817; x_wconf 88' lang='lat' dir='ltr'><strong>eccentriei</strong></span> <span class='ocrx_word' id='word_1_515' title='bbox 1270 4751 1302 4814; x_wconf 93' lang='lat' dir='ltr'><strong>in</strong></span> <span class='ocrx_word' id='word_1_516' title='bbox 1320 4747 1448 4817; x_wconf 84' lang='grc'><strong>130280</strong></span> <span class='ocrx_word' id='word_1_517' title='bbox 1465 4747 1599 4818; x_wconf 71' lang='grc' dir='ltr'><strong>01οἭ.</strong></span> 
     </span>
     <span class='ocr_line' id='line_1_50' title="bbox 256 4837 1601 4926; baseline 0 -20"><span class='ocrx_word' id='word_1_518' title='bbox 256 4839 458 4906; x_wconf 84' lang='lat' dir='ltr'><strong>Commutatio</strong></span> <span class='ocrx_word' id='word_1_519' title='bbox 488 4848 654 4923; x_wconf 88' lang='lat' dir='ltr'><strong>coaequata</strong></span> <span class='ocrx_word' id='word_1_520' title='bbox 684 4861 762 4904; x_wconf 87' lang='lat' dir='ltr'><strong>anno</strong></span> <span class='ocrx_word' id='word_1_521' title='bbox 799 4837 883 4906; x_wconf 90' lang='grc'><strong>1585</strong></span> <span class='ocrx_word' id='word_1_522' title='bbox 916 4849 983 4905; x_wconf 91' lang='lat' dir='ltr'><strong>erat</strong></span> <span class='ocrx_word' id='word_1_523' title='bbox 1013 4837 1106 4906; x_wconf 87' lang='grc'><strong>8040</strong></span> <span class='ocrx_word' id='word_1_524' title='bbox 1137 4838 1191 4907; x_wconf 90' lang='grc'><strong>230</strong></span> <span class='ocrx_word' id='word_1_525' title='bbox 1222 4838 1297 4918; x_wconf 88' lang='grc'><strong>3000,</strong></span> <span class='ocrx_word' id='word_1_526' title='bbox 1330 4861 1388 4926; x_wconf 87' lang='lat' dir='ltr'><strong>qua</strong></span> <span class='ocrx_word' id='word_1_527' title='bbox 1419 4841 1601 4922; x_wconf 85' lang='lat' dir='ltr'><strong>arguebatur</strong></span> 
     </span>
     <span class='ocr_line' id='line_1_51' title="bbox 254 4925 1599 5017; baseline -0.003 -21"><span class='ocrx_word' id='word_1_528' title='bbox 254 4949 337 4996; x_wconf 90' lang='lat' dir='ltr'><strong>more</strong></span> <span class='ocrx_word' id='word_1_529' title='bbox 364 4929 568 5010; x_wconf 83' lang='lat' dir='ltr'><strong>Ptolemaiou,</strong></span> <span class='ocrx_word' id='word_1_530' title='bbox 597 4930 751 5014; x_wconf 86' lang='lat' dir='ltr'><strong>planetam</strong></span> <span class='ocrx_word' id='word_1_531' title='bbox 781 4950 850 4996; x_wconf 88' lang='lat' dir='ltr'><strong>esse</strong></span> <span class='ocrx_word' id='word_1_532' title='bbox 878 4932 959 4996; x_wconf 91' lang='lat' dir='ltr'><strong>ultra</strong></span> <span class='ocrx_word' id='word_1_533' title='bbox 988 4933 1161 5016; x_wconf 83' lang='lat' dir='ltr'><strong>perigaeum</strong></span> <span class='ocrx_word' id='word_1_534' title='bbox 1193 4929 1320 5017; x_wconf 79' lang='lat' dir='ltr'><strong>epiepcli</strong></span> <span class='ocrx_word' id='word_1_535' title='bbox 1349 4927 1410 4997; x_wconf 89' lang='grc'><strong>040</strong></span> <span class='ocrx_word' id='word_1_536' title='bbox 1439 4927 1496 4996; x_wconf 89' lang='grc'><strong>230</strong></span> <span class='ocrx_word' id='word_1_537' title='bbox 1523 4925 1599 4994; x_wconf 86' lang='grc'><strong>3000.</strong></span> 
     </span>
    </p>
   </div>
   <div class='ocr_carea' id='block_1_7' title="bbox 0 0 1764 5525">
    <p class='ocr_par' dir='ltr' id='par_1_9' title="bbox 0 0 1764 5525">
     <span class='ocr_line' id='line_1_52' title="bbox 0 0 1764 5525; baseline 0 1"><span class='ocrx_word' id='word_1_538' title='bbox 0 0 1764 5525; x_wconf 95' lang='lat' dir='ltr'><strong> </strong></span> 
     </span>
    </p>
   </div>
  </div>
 </body>
</html>
