3517 5525
268 393 334 462 460
687 394 717 448 ln
735 391 918 448 Commentsrls
935 388 1089 448 demotites
1107 387 1196 450 lintis

269 576 401 633 culariter
420 582 542 640 erectus,
563 575 616 629 hoc
636 581 679 630 est
700 594 752 646 qno
773 576 860 631 minus
882 579 968 632 Terra
988 577 1064 633 illum
1091 577 1164 634 inter
1184 579 1357 637 decidendum
1379 579 1502 652 perlecta
1522 573 1619 642 secum

268 661 297 714 in
317 657 446 737 circulum
467 656 567 726 rapiat.
610 657 652 710 11
667 655 736 724 jam,
758 663 848 712 macte
868 655 994 724 andacia,
1015 659 1135 729 lapidem
1156 659 1282 731 aliquem,
1304 661 1383 716 immo
1403 668 1532 732 montem,
1553 682 1618 721 cum

269 740 381 794 Tellure
401 738 429 790 in
449 738 522 791 libra
542 739 682 807 appende,
714 744 746 790 ut
765 739 968 808 proportionem
991 739 1129 810 explores.
1170 741 1213 794 Sit
1242 741 1313 810 lapis
1342 743 1369 796 in
1389 742 1466 812 pedis
1487 745 1617 801 semidia-

268 826 364 876 metro.
400 817 523 888 Quinque
544 819 627 886 pedes
649 826 771 888 aequant
790 835 902 889 passum
923 819 1132 875 115000111111
1152 837 1259 890 passus,
1281 828 1310 875 et
1326 820 1424 877 20000
1439 823 1563 890 milliare,
1586 832 1619 882 et

271 896 424 954 17200000
446 897 674 952 semidiametrum
687 897 790 953 Terrae
810 905 939 970 aequant.
962 896 1043 955 ‘iam
1064 917 1205 970 corporum
1226 901 1366 972 proportio
1385 912 1430 956 est
1450 905 1535 974 tripla
1555 903 1615 960 dia·

268 987 422 1034 metrorum.
462 978 587 1032 Invenies
608 978 635 1031 in
666 995 771 1032 summa
792 972 829 1032 22
850 982 962 1050 figuras.
1002 982 1078 1051 Ergo
1107 981 1157 1034 tihi
1187 981 1262 1035 mille
1290 997 1390 1051 passus
1412 983 1546 1038 dividendi
1574 986 1617 1040 sic

269 1069 342 1123 sunt,
356 1068 389 1114 ut
401 1059 555 1128 particulae
565 1064 595 1111 et
608 1074 735 1114 numems
749 1061 886 1133 expleant
900 1055 937 1115 22
952 1061 1064 1132 figuras,
1081 1078 1141 1115 cum
1155 1061 1229 1116 mille
1244 1078 1341 1131 passus
1357 1063 1431 1116 solas
1446 1065 1464 1118 1
1479 1071 1615 1135 aequent;

269 1148 327 1196 tres
348 1142 509 1193 deterantur
528 1139 671 1209 utrinque,
703 1157 771 1212 ergo
791 1157 861 1193 unns
884 1157 982 1210 passus
1012 1140 1040 1196 in
1060 1148 1103 1195 tot
1122 1141 1274 1211 particulas
1296 1141 1399 1208 abibit,
1421 1150 1488 1216 quot
1508 1145 1617 1199 nonnisi

271 1221 307 1275 19
328 1220 438 1292 cyphris
458 1225 575 1288 possunt
594 1219 692 1274 efferri.
733 1225 795 1291 Age
812 1220 871 1288 jam
892 1225 923 1274 et
948 1221 1102 1290 hujusmodi
1128 1221 1257 1276 minutias
1278 1223 1393 1294 collige,
1422 1223 1461 1277 sic
1490 1231 1523 1278 ut
1541 1224 1616 1296 lapis

271 1301 321 1355 tibi
343 1318 397 1354 non
418 1315 570 1368 perunum
590 1299 688 1369 pulsus
708 1299 901 1364 intervallum,
923 1303 971 1354 sed
991 1301 1015 1354 si
1035 1302 1114 1358 lubet
1134 1319 1185 1371 per
1204 1302 1299 1356 horam
1320 1305 1408 1356 eundo
1429 1304 1565 1358 redeundo
1588 1305 1617 1360 111

270 1387 335 1435 aere
355 1381 481 1442 haereat,
502 1386 532 1432 et
551 1379 613 1432 vide
633 1387 766 1451 quantam
786 1380 823 1434 sis
843 1382 989 1436 1111111111
1010 1381 1088 1435 unius
1110 1398 1211 1451 passus
1230 1383 1403 1452 particulam,
1426 1400 1497 1453 quae
1517 1385 1616 1439 metia-

270 1469 315 1517 tur
329 1460 478 1532 interstitia
487 1475 617 1530 egressus
626 1468 661 1529 ¹et
674 1460 790 1532 illapsus
804 1461 903 1531 lapidis
917 1461 1157 1532 perpendicularis.
1179 1466 1250 1534 Age,
1276 1463 1431 1535 priusquam
1447 1465 1482 1518 ad
1496 1470 1616 1519 tormen·

270 1549 327 1596 tum
346 1541 462 1602 veniam,
484 1540 671 1594 admirabilem
692 1541 743 1595 tibi
764 1540 863 1594 inciam
883 1541 954 1595 hanc
975 1541 1188 1610 disputationem
1208 1544 1335 1613 exemplo
1349 1543 1454 1598 Lunae.
1492 1545 1557 1598 Cum
1578 1543 1617 1598 sit

268 1623 363 1678 Lunae
384 1637 481 1691 corpus
502 1627 646 1689 terrestre,
675 1621 748 1683 dico,
781 1620 803 1674 si
825 1621 927 1675 adimas
948 1621 1057 1693 utrique
1078 1627 1179 1675 motum
1200 1630 1229 1676 et
1251 1623 1301 1677 rim
1323 1623 1480 1688 animalem,
1508 1624 1618 1678 coitura

269 1717 392 1773 corpora.
433 1706 474 1754 Ac
494 1716 554 1754 cum
573 1699 611 1754 sit
623 1702 703 1755 Luna
725 1706 770 1773 ¹1„
792 1703 825 1754 de
845 1703 933 1756 Terra
952 1701 1075 1766 circiter,
1097 1701 1264 1772 11111141
1288 1705 1356 1756 dant
1380 1699 1418 1758 00
1448 1704 1617 1759 semidiame-

268 1779 653 1858 1111111111111111111111,
686 1783 699 1834 l
731 1781 807 1835 dabit
841 1783 901 1850 1¹1„
941 1783 1039 1854 'Itaque
1072 1784 1120 1852 1¹l,
1144 1783 1348 1837 semidiametris
1378 1799 1463 1853 supra
1493 1792 1618 1839 centrum

267 1864 379 1919 Terrae
390 1878 486 1915 versus
506 1859 612 1916 Lunam
633 1867 677 1915 est
696 1863 773 1916 locus
794 1863 881 1916 coitus
903 1862 1028 1917 siderum.
1069 1861 1148 1916 Nunc
1177 1871 1294 1934 utraque
1325 1869 1416 1917 autem
1446 1881 1498 1918 sua
1524 1865 1619 1919 anima

269 1943 406 1999 retinetur
427 1934 469 2010 (h.
490 1959 516 1997 e.
538 1938 695 2012 gravitate)
717 1960 752 1996 ne
772 1950 884 2006 coeant,
916 1949 948 1996 ut
967 1958 1021 2013 ego
1043 1949 1128 2012 capnt
1148 1941 1175 1996 in
1197 1943 1306 1997 sublimi
1335 1951 1417 1996 teneo
1442 1945 1468 1996 ri
1494 1942 1617 2010 animali,

270 2025 341 2097 quod
362 2022 433 2076 citra
452 2037 513 2076 eam
531 2038 551 2075 a
567 2023 670 2076 Terrae
693 2030 825 2093 magnete
850 2023 879 2075 in·
904 2021 1089 2092 perimentum
1112 2023 1330 2092 pertraheretur.
1368 2023 1444 2085 Quod
1463 2032 1554 2079 antem
1574 2024 1619 2078 it'a

270 2104 307 2160 sit
327 2107 460 2174 apparet,
482 2101 555 2173 quia,
576 2119 647 2174 quae
677 2109 772 2172 partes
792 2103 894 2158 Terrae
924 2120 976 2156 non
1007 2102 1117 2156 fortiter
1145 2110 1211 2157 1111
1230 2119 1356 2157 annexae
1378 2103 1488 2167 Terrae,
1509 2105 1618 2160 Lunam

256 2188 435 2256 sequnntur,
465 2190 497 2236 ut
517 2183 604 2237 maria
624 2184 660 2238 ad
679 2183 785 2238 Lunam
812 2200 849 2237 ex
875 2182 1001 2237 omnibus·
1027 2182 1162 2236 lateribus
1191 2183 1281 2237 mundi
1312 2185 1362 2236 sub
1392 2185 1618 2254 perpendiculum

269 2267 365 2329 Lunae
387 2263 570 2325 contendunt,
598 2279 669 2332 cum·
679 2263 735 2316 sint
755 2264 825 2316 bene
845 2262 963 2326 librata,
993 2269 1026 2316 ut
1046 2278 1160 2334 magnes
1185 2263 1212 2317 in
1235 2275 1308 2336 aqua
1332 2269 1432 2316 natans
1458 2271 1508 2317 aut
1534 2279 1619 2335 super

271 2362 337 2400 acus
359 2343 478 2414 cuspide,
500 2359 551 2396 nec
572 2358 591 2397 a
609 2344 637 2397 vi
656 2343 774 2397 Telluris
786 2343 909 2397 multum
930 2342 1120 2413 impediantur.
1156 2345 1296 2398 Accedunt
1316 2343 1402 2416 igitur
1425 2359 1480 2416 111
1501 2350 1619 2415 possunt

271 2444 309 2480 sc.
331 2425 378 2478 via
395 2423 529 2486 circulari,
551 2441 586 2476 ne
600 2424 737 2477 Tellurem
758 2422 858 2494 potiori
878 2422 905 2475 vi
926 2424 1081 2478 trahentem
1101 2425 1237 2480 deserant.
1277 2424 1331 2478 Sed
1351 2441 1410 2478 cum
1430 2423 1510 2477 elusa
1529 2424 1619 2480 maria

272 2504 416 2560 celeritate
436 2505 532 2557 Lunae
553 2502 782 2573 praeveniantur,
805 2504 866 2573 ipsa
887 2503 1037 2558 tenacitate
1059 2519 1111 2557 sna
1130 2509 1159 2558 et
1180 2504 1276 2558 subtus
1298 2505 1450 2574 asperitate
1472 2503 1618 2559 1111111111·

271 2582 428 2656 pediantur,
450 2599 503 2654 quo
523 2583 611 2638 minus
626 2584 760 2649 ,celeriter
780 2583 831 2636 sub
851 2584 947 2636 Lunae
967 2584 1190 2654 perpendiculum
1211 2585 1388 2648 contendant,
1419 2601 1516 2655 nempe
1543 2585 1620 2639 intra

273 2664 402 2735 tropicos,
424 2663 484 2717 ideo
497 2663 578 2717 Luna
598 2664 719 2718 abeunte
739 2680 757 2717 a
777 2663 891 2736 lastigie
905 2663 974 2717 coeli
994 2659 1157 2718 relabirntur
1177 2663 1205 2718 in
1226 2663 1355 2734 antiquas
1377 2667 1465 2728 sedes,
1479 2673 1508 2720 et
1527 2665 1619 2718 reditu

273 2764 322 2803 suo
343 2744 421 2800 nohis
443 2760 548 2799 omnem
568 2760 698 2799 oceanum
718 2743 868 2799 Britanniis
884 2743 1072 2799 circumfusum
1092 2745 1197 2799 duobus
1219 2762 1237 2799 a
1257 2745 1356 2799 Galliis
1378 2751 1408 2798 et
1428 2762 1447 2798 a
1466 2743 1619 2816 Norwegia

272 2825 417 2882 aestuariis
437 2824 560 2894 implent,
582 2827 653 2879 unde
668 2843 705 2880 ex
724 2842 841 2878 occursu
858 2825 1001 2894 utriusque
1026 2824 1099 2879 inter
1118 2825 1277 2882 Britannias
1290 2832 1328 2879 11
1349 2825 1475 2897 Belgium
1499 2825 1619 2897 plurima

272 2899 485 2973 1111108111)
512 2905 710 2960 accumulatur.
752 2905 899 2959 Retinetnr
927 2904 1013 2976 igitur
1032 2904 1113 2959 Luna
1133 2908 1169 2959 ab
1189 2906 1281 2959 anima
1301 2921 1367 2969 sua,
1398 2924 1432 2959 11
1458 2911 1539 2961 11111
1558 2920 1620 2960 cum

271 2989 370 3049 Terra,
401 2984 524 3056 quamvis
552 2985 627 3039 intra
655 2986 741 3046 orbes
765 2986 897 3040 virtutum
927 2986 1086 3039 tractricnm
1112 2986 1321 3042 constituantur.
1363 2984 1416 3040 Sed
1446 3002 1506 3039 curn
1531 2986 1619 3040 Terra

272 3069 368 3122 diurno
389 3072 464 3120 motu
485 3065 703 3137 circumagatur,
733 3071 763 3120 et
783 3082 843 3119 cum
863 3066 950 3119 Terra
978 3080 1034 3119 una
1053 3065 1162 3121 virtutis
1191 3064 1263 3119 orbis
1288 3066 1323 3119 11
1343 3064 1449 3133 Lunam
1476 3072 1619 3130 extensus,

272 3150 364 3219 sitque
393 3146 450 3201 illic
479 3146 640 3200 imbecillior
669 3162 749 3217 quam
770 3148 842 3216 apud
870 3146 982 3199 Terram
1010 3145 1136 3215 partibus
1157 3144 1207 3209 60,
1239 3146 1303 3215 quia
1321 3144 1402 3201 Luna
1422 3162 1440 3200 a
1461 3146 1547 3201 Terra
1576 3151 1621 3201 tot

274 3226 481 3283 semidiametris
500 3228 590 3290 abest,
610 3243 679 3299 ergo
694 3243 775 3297 quam
795 3226 866 3279 viam
886 3226 965 3279 Luna
985 3225 1081 3289 ivisset
1100 3241 1185 3297 prope
1201 3226 1312 3280 Terram
1326 3226 1368 3279 die
1389 3243 1452 3289 uno,
1474 3225 1620 3297 aequalem

272 3308 325 3364 ibit
349 3308 422 3361 riam
442 3304 502 3375 (vel
522 3307 649 3361 trahetur
668 3323 687 3361 a
707 3300 806 3374 Terra)
827 3306 922 3360 diebus
944 3302 990 3361 60.
1030 3306 1130 3359 1111111
1156 3323 1221 3379 vero
1246 3322 1332 3377 propo
1352 3307 1464 3360 Terram
1486 3308 1518 3360 de
1541 3304 1629 3362 5400

243 3401 246 3411 “
272 3387 435 3443 milliaribus
455 3394 550 3458 partes
573 3384 609 3442 39
630 3388 664 3440 11
685 3387 736 3451 40,
767 3386 833 3457 1111
851 3402 935 3440 unam
954 3392 1061 3455 pa'rtem
1082 3380 1336 3441 fuisset‘suffurata
1362 3394 1524 3457 propterea,
1553 3387 1620 3456 quia

272 3476 401 3537 estpars
423 3468 629 3537 ’1,,1111111
651 3466 674 3519 11
694 3466 827 3519 credimus
849 3465 1021 3522 1111111111.
1054 3466 1131 3538 Ergo
1153 3466 1230 3520 etin
1250 3484 1299 3519 suo
1320 3468 1386 3520 orbe
1406 3484 1461 3521 uno
1475 3466 1518 3520 die
1541 3461 1621 3520 5255

275 3547 406 3603 milliaria
425 3546 487 3611 iret,
509 3546 532 3599 si
552 3546 677 3617 aequalis
696 3545 784 3599 rirtus
804 3545 853 3602 illo
866 3561 952 3617 usque
972 3546 1136 3616 perveniret.
1176 3548 1216 3599 At
1235 3545 1295 3614 jam
1315 3546 1380 3618 qnia
1408 3546 1495 3601 virtus
1516 3546 1620 3600 Terrae

273 3630 321 3683 illo
341 3629 401 3681 loco
422 3624 583 3682 imbecillior
603 3632 632 3679 et
652 3626 787 3695 sparsior,
808 3626 1004 3697 igitur'diebus
1027 3626 1064 3680 60
1085 3626 1137 3679 ibit
1159 3624 1234 3681 5265
1255 3627 1384 3680 milliaria
1404 3627 1478 3681 circa
1497 3626 1620 3681 Terram.

273 3709 368 3763 Habet
386 3724 452 3761 vero
473 3707 502 3760 in
522 3706 627 3761 ambitu
647 3722 696 3761 suo
717 3706 848 3777 sexagies
869 3706 947 3760 5400
967 3706 1104 3770 milliaria,
1126 3707 1178 3778 hoc
1198 3712 1241 3760 est
1256 3702 1371 3761 324000
1387 3706 1525 3771 milliaria,
1546 3722 1620 3778 quae

274 3789 361 3844 divisa
380 3789 409 3841 in
429 3784 515 3849 5265,
537 3785 590 3840 iter
603 3786 706 3840 dierum
727 3787 774 3851 60,
796 3788 943 3841 ostendunt
964 3782 1050 3857 61¹1„
1072 3788 1190 3841 ethaeo
1211 3803 1316 3841 summa
1337 3786 1364 3840 in
1380 3782 1417 3841 60
1428 3786 1621 3857 'multiplicata

275 3868 395 3925 ostendit
414 3868 472 3921 dies
494 3860 580 3931 3680,
602 3866 699 3936 quibus
714 3868 801 3921 Terra
813 3866 920 3921 Lunam
942 3866 1139 3921 circumactura
1158 3872 1210 3931 est,
1233 3868 1311 3920 annis
1332 3883 1430 3937 nempe
1447 3864 1484 3921 10
1498 3866 1618 3930 circiter,

275 3949 404 4022 siquidem
432 3952 573 4002 constaret
591 3947 673 4001 Luna
701 3964 738 4000 ex
766 3947 884 4002 materia
912 3946 1056 4001 densitatis
1087 3948 1208 4016 eJusdem
1234 3962 1294 4001 cum
1314 3948 1400 4001 Terra
1429 3953 1459 4002 et
1487 3947 1620 4018 siquidem

274 4030 355 4085 Luna
374 4028 462 4083 solum
481 4028 534 4081 hoc
553 4026 607 4081 iter
627 4026 700 4080 circa
719 4026 830 4081 Terram
851 4027 997 4081 incederet.
1032 4026 1086 4082 Sed
1106 4028 1171 4099 quia
1191 4026 1297 4085 interim
1319 4029 1451 4081 accedunt
1469 4028 1503 4081 10
1518 4027 1620 4082 itinera

276 4111 349 4165 circa
369 4108 467 4173 Solem,
487 4108 585 4163 Lunae
605 4124 665 4162 cum
685 4107 771 4161 Terra
791 4108 956 4171 communia,
980 4114 1010 4160 et
1028 4108 1173 4172 incertum,
1205 4123 1260 4180 qua
1280 4108 1415 4162 densitate
1446 4106 1483 4162 sit
1501 4107 1621 4162 materia

277 4188 397 4259 corporis
417 4188 543 4253 Lunaris,
565 4188 761 4259 perturbantur
781 4188 859 4242 nobis
879 4188 936 4242 ista
955 4186 1108 4243 ratiocinia.
1148 4190 1208 4243 Hoc
1228 4188 1335 4259 quidem
1355 4190 1428 4259 apud
1450 4203 1494 4242 me
1514 4194 1631 4242 certum.

277 4278 334 4326 est:
356 4268 379 4323 si
393 4269 478 4324 Terra
491 4269 677 4324 tantummodo
690 4275 838 4340 gyraretur
851 4274 882 4322 et
894 4268 990 4323 Lunae
1005 4285 1102 4337 corpus
1117 4268 1144 4322 in
1157 4268 1236 4322 nulla
1250 4273 1325 4323 esset
1337 4268 1514 4339 proportione
1528 4265 1619 4322 densi-

277 4350 344 4408 tatis
365 4350 411 4404 vel
430 4349 625 4421 magnitudinis
646 4350 681 4403 ad
694 4350 813 4413 Terram,
835 4348 893 4402 lore
913 4354 954 4413 ut,
974 4348 1084 4403 Tellure
1105 4364 1212 4420 unaque
1233 4348 1293 4417 ejus
1308 4350 1373 4401 orbe
1386 4349 1493 4404 Lunam
1513 4347 1620 4402 contiu-

278 4436 363 4507 gente
383 4428 478 4483 diurno
504 4436 580 4484 motu
600 4430 798 4492 circumeunte,
826 4430 908 4483 Luna
935 4428 1094 4498 simpliciter
1114 4436 1253 4499 sequatur,
1275 4428 1358 4498 plane
1384 4428 1490 4482 nullam
1506 4436 1619 4502 partem

278 4502 440 4583 decerpens:
469 4511 519 4563 sed
537 4509 602 4579 qnia
621 4510 654 4563 de
682 4508 807 4579 partibus
826 4508 942 4563 'itineris
963 4505 1001 4562 59
1022 4508 1144 4579 decerpit
1173 4507 1224 4572 57,
1255 4508 1326 4563 cedit
1356 4524 1419 4561 vern
1450 4507 1546 4563 virtuti
1566 4524 1620 4578 per

278 4600 374 4665 partes
403 4595 511 4645 tantum
535 4591 616 4653 duas,
645 4589 685 4645 sic
713 4594 745 4643 ut
771 4594 836 4658 post
855 4588 927 4658 29¹1,
944 4588 1133 4646 revolutiones
1161 4588 1234 4642 orbis
1264 4588 1377 4645 virtuosi
1398 4587 1516 4642 Telluris
1536 4588 1620 4642 Luna

279 4672 365 4729 semel
384 4670 559 4726 restituatur:
580 4686 648 4743 ergo
661 4668 722 4739 ejus
737 4667 881 4722 densitatis
901 4668 1041 4739 proportio
1055 4671 1090 4723 ad
1110 4670 1186 4724 illam
1207 4666 1390 4723 lbrtitndinem
1409 4667 1482 4722 orbis
1502 4666 1620 4723 mutuari

278 4760 325 4809 est
344 4768 415 4823 quae
436 4750 453 4805 2
478 4748 573 4813 1159,
595 4758 625 4802 et
643 4749 774 4820 sexagies
794 4747 882 4817 major
902 4751 937 4803 ad
951 4749 1115 4803 densitatem
1135 4748 1254 4817 corporis
1268 4748 1395 4811 Telluris,
1415 4762 1512 4818 nempe
1526 4748 1618 4802 densi·

279 4840 326 4889 tas
336 4834 434 4887 Lunae
449 4832 490 4885 ad‘
503 4827 667 4883 densitatem
680 4830 790 4892 Terrae,
812 4844 883 4897 quae
906 4829 918 4881 l
943 4832 978 4883 ad
1001 4823 1089 4892 1710;
1110 4831 1158 4882 111
1178 4828 1336 4899 magnitudo
1349 4828 1445 4881 Lunae
1460 4828 1495 4882 ad
1508 4824 1619 4899 magni·

281 4916 401 4969 tudinem
414 4913 523 4975 Terrae,
545 4924 616 4979 quae
632 4904 646 4961 1
663 4910 698 4962 ad
717 4910 765 4972 40,
785 4922 853 4978 ergo
867 4909 1010 4963 subtracta
1029 4911 1083 4963 hac
1095 4908 1270 4979 proportione
1283 4906 1337 4961 erit
1356 4906 1510 4979 aequalium
1530 4906 1618 4979 parti·

282 4993 405 5048 11111111
423 4992 519 5046 Lunae
540 4996 569 5044 et
588 4988 691 5043 Terrae
708 4988 848 5058 proportio
868 5001 916 5053 ea,
945 4984 1051 5059 quael
1076 4986 1184 5053 1144,
1213 5002 1284 5059 pene
1304 4978 1427 5059 aequ'alls
1447 4988 1617 5059 proportioni
