3517 5525
581 412 643 466 ros
661 410 766 476 ouans.
803 389 885 478 capua
901 412 1004 466 uuum
1397 411 1461 480 345

118 594 297 672 punctorum
329 589 489 652 eccentrici
521 596 552 652 et
577 609 677 666 mora,
709 589 942 674 quarumsillam
972 597 1089 670 partem
1118 589 1306 673 aequationis
1328 590 1471 672 opticam,

118 680 197 742 bano
230 679 386 764 physicam
419 680 572 759 appellare
605 681 707 758 sole03
741 699 853 743 moram
882 698 972 756 vero,
1000 681 1026 742 si
1050 681 1206 761 quicquam
1230 680 1327 752 aliud,
1348 681 1471 761 planum

119 775 200 832 certe
225 768 478 849 circumscriptum
502 769 609 831 itinere
632 770 773 849 planetae
797 769 1093 850 compendiosissime
1116 769 1205 842 (licet
1221 789 1285 864 npr
1309 770 1470 850 perfectis-

118 859 209 930 sime)
240 859 402 922 metiatur:
435 858 616 920 revolvimur
644 857 736 938 igitur
768 859 807 920 ed
841 859 1055 922 dimensionem
1078 857 1236 920 eccentrici
1260 858 1356 922 onidis
1378 859 1470 940 plani,

119 947 204 1028 cujus
238 947 410 1014 delineandi
442 948 527 1028 leges
559 956 629 1009 sunt
659 949 852 1028 praemissae.
908 947 990 1012 Nam
1019 947 1077 1009 etsi
1106 964 1212 1028 patum
1243 948 1356 1028 aliquid
1385 949 1472 1011 nobis

118 1038 217 1113 deest,
242 1054 300 1118 quo
323 1037 421 1100 minus
445 1036 604 1115 genuinam
626 1037 702 1098 benc
720 1037 863 1116 temporis
880 1056 1052 1099 mensnram
1066 1045 1235 1100 statuamus
1250 1037 1340 1109 (illud
1353 1056 1471 1117 nempe,

119 1127 198 1207 quod
230 1127 270 1188 ad
300 1125 396 1189 ooidis
425 1125 696 1188 circumferentiam
726 1126 823 1205 magis
855 1126 947 1187 etiam
974 1146 1063 1206 quam
1085 1126 1124 1188 ad
1147 1126 1322 1189 circularem
1344 1127 1472 1189 iuclinss

118 1223 191 1278 sunt
213 1216 327 1290 lineae,
352 1233 428 1296 quae
450 1222 555 1295 partes
579 1213 836 1277 circumferentiae
860 1215 939 1278 illius
954 1235 1020 1277 cnm
1040 1216 1121 1277 fonte
1138 1216 1256 1276 virtutis
1275 1223 1471 1289 connectunt;

118 1305 254 1385 adeoque
278 1305 370 1367 etiam
392 1303 464 1366 illae
488 1304 596 1376 lineae,
620 1324 696 1384 quae
720 1323 758 1366 ex
781 1313 884 1366 centro
908 1303 1067 1366 eccentrici
1091 1303 1130 1365 ad
1146 1305 1268 1366 easdem
1283 1305 1354 1366 illas
1368 1313 1472 1386 partes

119 1394 218 1458 ooidis
249 1394 410 1469 ducuntur3
443 1411 510 1455 cum
533 1392 611 1456 alias
635 1393 711 1456 radii
735 1412 774 1454 ex
798 1401 901 1455 centro
925 1394 965 1454 ad
987 1394 1114 1473 perfecti
1137 1394 1236 1455 circuli
1259 1394 1471 1457 circumferen-

119 1485 196 1547 tiam
220 1483 338 1546 omuino
361 1482 437 1544 recti
461 1481 554 1556 sint),
586 1483 663 1544 uude
687 1482 834 1562 sequitur,
860 1493 894 1542 nt
916 1501 971 1543 uec
994 1500 1109 1544 summa
1131 1483 1341 1547 distantiarum
1364 1492 1471 1545 exacte

118 1581 310 1638 mensuretur
334 1592 353 1632 a
375 1571 481 1652 plano,
515 1590 571 1634 nec
594 1590 680 1634 arcus
705 1570 800 1634 ooidis
824 1570 886 1633 sint
909 1580 1016 1634 exacte
1038 1573 1278 1654 proportionales
1300 1573 1470 1637 distantiis:

120 1682 199 1744 quae
232 1661 331 1725 omnia
366 1661 515 1741 patebunt
545 1679 583 1722 ex
612 1660 773 1724 relectione
804 1678 870 1740 cap.
893 1659 963 1724 XL.
993 1667 1026 1722 et
1053 1659 1196 1735 XXXII;
1232 1680 1321 1742 qusm
1350 1678 1474 1741 parvum

120 1763 223 1816 tsmeu
239 1749 321 1813 illud
345 1751 386 1815 sit
409 1751 554 1823 futurum,
588 1769 625 1812 ex
648 1769 713 1831 cap.
738 1748 855 1812 XLIII.
880 1750 1083 1829 conjecturam
1105 1769 1212 1830 capere
1216 1751 1314 1838 4li0et.

89 1835 95 1850 '
212 1839 371 1912 Quomodo
394 1847 495 1900 autem
517 1839 639 1917 plenum
662 1840 718 1900 hoc
742 1839 830 1900 aliter
845 1839 955 1914 metiri,
979 1839 1153 1919 adplenum
1169 1839 1271 1902 circuli
1287 1837 1472 1920 comparare

121 1941 155 1994 et
176 1931 208 1993 in
231 1931 397 2010 imperatas
420 1935 524 2007 partes
545 1928 676 1990 dividere
700 1928 861 2007 possImus,
885 1928 944 1990 uisi
959 1930 1134 2008 quadratum
1150 1928 1337 1991 inveniamus
1346 1929 1472 2010 aequale

121 2027 311 2100 resegmento
336 2018 399 2080 sive
423 2017 542 2080 lunulae
565 2016 723 2081 resectae?
763 2017 822 2078 Hic
845 2016 938 2095 igitur
960 2018 1158 2079 accersendus
1177 2018 1263 2080 uobis
1283 2017 1472 2098 etragoedia

121 2113 208 2184 dtas,
232 2109 291 2170 imo
315 2124 387 2168 vero
410 2107 493 2186 lopun
509 2126 561 2181 τις,
585 2104 646 2168 nico
663 2127 799 2186 μηχανης,
823 2106 872 2186 qui
887 2125 941 2166 nos
960 2107 1069 2168 doceat
1081 2107 1245 2170 machinari
1261 2108 1473 2187 quadraturam
1530 2161 1536 2168 .

122 2198 220 2260 ooidis
247 2203 299 2258 aut
321 2195 404 2258 limbi
431 2195 461 2256 in
489 2196 640 2258 schemate
665 2191 724 2270 98,
757 2214 811 2258 ssu
842 2195 962 2256 lunulae
986 2198 1094 2272 dold,
1119 2197 1203 2277 cujus
1226 2197 1413 2271 abscissione
1435 2215 1475 2258 ex

123 2290 197 2350 clo
220 2285 323 2348 citculi
346 2283 436 2364 plano
467 2284 570 2346 ooidcs
599 2286 671 2345 dol
692 2291 860 2362 generetur.
908 2285 950 2346 Ut
973 2284 1066 2364 igitur
1086 2285 1168 2365 prius
1182 2304 1249 2366 cap.
1266 2285 1333 2350 XL.
1353 2287 1384 2350 in
1398 2303 1474 2347 con-

123 2375 247 2450 choidsl
263 2373 379 2454 spatio,
413 2373 457 2436 sic
488 2393 565 2435 nunc
601 2373 710 2436 iterum
737 2373 765 2434 in
791 2373 877 2434 ocide
901 2375 970 2446 (ant
992 2374 1019 2436 si
1040 2375 1120 2438 forte
1143 2376 1259 2451 mauis,
1288 2376 1474 2456 metopoide)

124 2459 246 2547 appello
269 2471 441 2542 geometras
464 2481 622 2542 eorumque
646 2481 731 2542 opem
754 2463 891 2542 imploro.

214 2551 249 2616 Si
274 2553 371 2631 figura
400 2558 504 2613 nostra
532 2561 614 2612 esset
635 2553 771 2631 perlecta
794 2547 968 2632 ellipsis*)‚
992 2559 1147 2631 peractum
1171 2554 1315 2614 essetab
1339 2555 1474 2618 Archi-

124 2644 229 2707 mede
264 2641 434 2721 negotium,
458 2641 507 2722 qui
531 2640 606 2702 libro
631 2639 668 2701 dc
690 2639 927 2722 Sphaeroidibus
950 2658 1035 2719 prop.
1059 2641 1115 2704 VI.
1140 2642 1210 2704 VII.
1239 2643 1323 2706 vm.
1348 2645 1476 2708 demon-

124 2741 214 2809 strat,
239 2729 283 2793 sio
307 2749 374 2793 esse
397 2730 519 2811 planum
544 2728 659 2809 ellipsis
683 2730 868 2810 adplenum
893 2729 1005 2803 circuli,
1029 2731 1177 2793 communi
1198 2733 1305 2813 maj0ri
1329 2733 1477 2798 diametro

125 2843 191 2885 cum
215 2820 314 2902 ellipsi
337 2820 468 2894 utentis,
499 2827 532 2881 ut
561 2828 610 2881 est
636 2819 843 2898 rectangulum
871 2819 1084 2881 diametrorum
1108 2823 1177 2893 (seu
1199 2822 1295 2901 figura
1317 2822 1477 2898 sectionis)

125 2913 164 2975 ad
193 2910 374 2992 quadratum
407 2908 547 2971 diametri
579 2908 692 2970 circuli.
745 2908 795 2969 Sit
822 2917 923 2969 autem
952 2909 1029 2971 haec
1058 2910 1154 2989 figura
1180 2912 1317 2990 perfecta
1344 2911 1475 2992 ellipsis:

124 3020 230 3083 parum
258 3000 335 3063 enim
366 2996 475 3061 differt.
531 2997 698 3059 Videamus
721 2996 790 3078 qnid
813 2997 884 3057 inde
908 3006 1057 3078 sequatur.
1103 2998 1179 3061 Dion
1202 3000 1311 3079 igitur,
1345 3002 1478 3064 lunulam

126 3093 223 3153 dudd
246 3109 266 3150 a
287 3087 472 3151 semicirculo
495 3095 643 3147 resectam
665 3084 834 3147 insensibili
856 3088 999 3167 majorem
1019 3086 1151 3151 futuram
1165 3089 1369 3165 semicireello,
1393 3091 1477 3170 cujus

126 3177 351 3245 semidiameter
381 3182 430 3238 est
462 3174 671 3237 eccentricitas
705 3174 772 3255 ipsa
795 3169 883 3238 9264
906 3195 959 3237 seu
982 3178 1037 3253 αβ.
1082 3177 1250 3241 Bisecetur
1271 3180 1354 3243 assim
1376 3181 1421 3258 αβ
1441 3183 1478 3244 in

127 3293 147 3333 σ
170 3267 223 3351 (ut
246 3286 314 3349 cap.
339 3257 504 3345 XXIX.)
529 3272 557 3327 et
579 3285 618 3327 ccc
642 3286 661 3325 o
682 3266 747 3345 ipa·
770 3265 814 3339 αβ
840 3264 1117 3347 perpendicularis
1146 3274 1238 3332 ccccl
1264 3288 1327 3344 ατς
1350 3278 1380 3333 et
1401 3290 1476 3333 con·

126 3348 292 3423 aaran
311 3362 430 3439 puncta
453 3354 518 3431 α,β
542 3374 612 3417 cum
626 3374 663 3427 ῃ·
686 3352 750 3436 ipsi
771 3372 842 3415 uero
865 3354 907 3431 βτ
925 3353 1101 3433 parallelos
1122 3357 1249 3421 incedat
1265 3379 1326 3437 yep,·
1348 3366 1380 3421 et
1400 3380 1476 3423 con-

127 3451 419 3529 mctcslurpuooto
433 3442 462 3521 β,
475 3465 498 3523 φ
512 3449 543 3505 et
556 3468 587 3517 α,
605 3464 650 3521 φ,·
673 3450 825 3505 escenso
848 3466 878 3517 α,
903 3444 1090 3507 dioetmmte
1112 3469 1171 3520 ca,
1194 3446 1354 3512 scribatur
1380 3468 1477 3513 arcrca

128 3551 185 3615 τψ,
209 3554 320 3617 acopos
342 3555 391 3613 αφ
419 3533 454 3595 in
476 3547 520 3613 ψ,
544 3541 572 3596 et
595 3534 642 3610 βφ
664 3534 699 3595 irc
720 3530 746 3605 ξ.
795 3530 875 3596 Ocra
908 3553 981 3615 erpo
1010 3543 1203 3615 puadonis
1230 3536 1273 3598 ait
1303 3536 1478 3618 aequaliter

128 3631 281 3690 remotcm
310 3624 349 3687 ab
373 3644 403 3696 α,
426 3622 455 3701 β,
487 3642 596 3683 armus
627 3622 725 3703 ipitur
741 3617 1010 3705 ²⁶(propriissinw
1025 3644 1096 3687 cum
1116 3625 1278 3694 Arabidos
1303 3621 1477 3707 loquendo)

128 3717 165 3781 irs
177 3712 373 3797 longitudine
385 3709 501 3785 nediu,
525 3711 582 3773 boc
596 3717 642 3772 est
659 3710 694 3773 in
707 3710 861 3774 dismas
882 3711 1036 3775 mediocri
1052 3710 1202 3797 planetae
1216 3735 1234 3776 s
1255 3736 1279 3778 c
1292 3714 1368 3779 Sole
1385 3714 1477 3790 α.**)

129 3806 179 3868 Ac
201 3802 279 3884 puio
300 3822 343 3881 yp
365 3806 412 3861 est
427 3798 602 3881 paralelos
623 3802 689 3882 ipsi
707 3800 758 3876 βτ,
780 3820 853 3883 erpo
870 3822 933 3883 per
956 3802 1071 3884 capitis
1090 3804 1308 3885 praecedentes
1331 3804 1475 3870 delima-

130 3894 247 3957 donem
276 3892 383 3973 ipsum
407 3896 613 3970 pcractcmrp
644 3886 747 3952 lineae
778 3910 829 3966 αφ
859 3890 1088 3971 carpentanus
1119 3901 1149 3955 ct
1178 3895 1360 3959 uniamus
1390 3894 1480 3960 bac

130 3978 353 4046 semiarianis
383 4000 426 4039 ατ
455 3978 491 4041 irc
522 3992 595 4057 αψ,·
630 3980 737 4059 iraque
768 3986 845 4057 etp
873 3986 919 4040 est
943 3986 1097 4061 punctum
1129 3982 1302 4048 dammas
1331 3980 1480 4068 plumos

130 4070 308 4137 modioab.
358 4068 466 4147 &coro
482 4064 647 4150 particula
668 4064 773 4131 lineae
794 4068 853 4147 βψ,
878 4086 959 4149 prece
978 4069 1110 4133 amaea
1137 4072 1221 4135 irater
1241 4086 1269 4151 ψ
1290 4081 1320 4137 et
1343 4074 1478 4138 dcccm-

124 4160 309 4243 jeremiam,
330 4157 457 4219 motor
474 4155 674 4219 latitudinem
689 4154 818 4221 tuamor
833 4158 920 4219 cr'rcc
933 4156 1161 4238 lonpltodimm
1180 4162 1340 4239 acediam
1361 4161 1480 4230 temolo

131 4268 204 4315 cero
225 4243 474 4327 spissabatur·
495 4244 601 4327 aliquo
622 4247 726 4331 mssjor
748 4252 793 4307 est
814 4246 874 4308 bac
901 4242 1078 4309 latitudine.
1124 4246 1324 4315 Demittendus
1340 4272 1479 4337 perperc-

132 4335 293 4402 dr'culan's
314 4354 354 4399 cc
375 4334 395 4413 β
416 4336 452 4398 ic
474 4356 531 4407 ατ,
563 4352 642 4416 qaae
670 4336 712 4397 sit
734 4335 785 4412 βυ.
831 4334 919 4398 Dico
945 4332 1009 4413 ξφ,
1035 4344 1162 4420 potas
1189 4338 1295 4403 Haece
1315 4344 1381 4421 βφ,
1412 4363 1479 4407 sese

133 4425 267 4511 duplam
287 4424 391 4506 ipsius
413 4445 465 4485 co.
515 4421 745 4487 enumerantur
776 4422 859 4489 etnim
880 4445 906 4499 τ,
930 4444 973 4503 φ,·
995 4432 1024 4488 et
1045 4446 1124 4490 ecs
1144 4430 1181 4493 ἐπ
1201 4430 1251 4509 dp
1270 4432 1376 4496 omae
1397 4453 1476 4517 pcr-

209 4642 252 4719 “*)
272 4646 387 4717 EIIIpsIs
408 4651 451 4700 est
472 4646 564 4716 figura
593 4642 727 4709 ordinata,
758 4644 897 4700 resultans
918 4649 1096 4706 exsectione
1126 4651 1186 4706 coni
1211 4645 1262 4725 pei·
1291 4673 1380 4711 axem
1420 4656 1478 4712 Alii

136 4728 230 4785 dicunt
249 4726 379 4783 circulum
399 4725 556 4798 oblongum.

224 4803 267 4880 ³)
287 4808 375 4865 Hodie
401 4805 516 4862 abusire
541 4804 651 4859 dicitnus
685 4802 886 4875 longitudinem
919 4808 1035 4863 mediam
1072 4818 1204 4880 punctum
1232 4815 1476 4883 clrcnmferentiae,

137 4890 208 4965 quod
228 4887 532 5021 babetdpongitndlnem
558 4886 686 4950 mediam,
715 4882 767 4939 hoc
788 4888 924 4956 estquod
943 4889 1091 4961 elongatur
1117 4894 1311 4951 mediocritatis
1330 4897 1439 4953 modula
1459 4914 1478 4951 a

138 4974 233 5025 centro
253 4981 317 5023 mun
347 5006 354 5022 .
