3517 5525
262 402 329 481 601
749 404 866 467 Catonius
884 412 1017 481 Eolloslsm
1035 406 1124 467 Lunae

351 590 467 649 Tardior
486 598 531 647 est
550 592 672 647 oaloulns
691 608 768 649 mous
782 592 947 665 'lyohonicu
970 594 1035 667 quia
1054 610 1186 665 magnam
1206 592 1401 665 aequationem
1421 590 1505 649 addit.
1542 590 1613 646 (1334

264 677 317 731 1433
336 675 424 747 igitur
444 680 547 729 etcum
567 674 733 747 aequatione
752 675 885 745 temporis
904 675 1025 749 physica
1043 675 1128 745 plane
1150 690 1283 747 assequor
1303 674 1442 729 caleulum
1459 671 1612 745 Tychoniss

184 806 192 823 ,
264 757 424 811 abenamus
445 771 510 810 rero
530 762 646 828 uterque
668 757 705 810 ab
725 756 929 813 observatione.
972 754 1075 825 (Notas
1095 755 1214 829 Enlipsis
1235 745 1262 816 I)
1285 755 1313 809 in
1334 746 1368 813 10
1389 753 1416 816 Υ
1437 748 1569 823 tardior.)

1164 920 1212 982 26.
1234 930 1308 998 Aug.

1182 1018 1210 1079 5.
1231 1023 1308 1095 Sept

353 1122 465 1193 Pragae
495 1136 546 1190 per
574 1122 662 1175 nubes
692 1119 848 1190 properatis
878 1121 1069 1177 occasionibus
1099 1122 1245 1178 obserrari
1274 1123 1347 1177 iste:
1381 1118 1453 1175 hora
1472 1116 1545 1173 arcis
1570 1110 1617 1171 12.

267 1202 427 1260 culminarit
445 1201 545 1265 Luna;
575 1217 728 1272 quaecum
757 1200 842 1255 luerit
866 1209 932 1256 ante
956 1194 981 1265 00
1008 1197 1040 1264 Θ
1063 1195 1095 1257 10
1116 1198 1164 1257 150
1194 1203 1319 1267 31331133,
1349 1217 1414 1257 3333
1443 1198 1530 1273 iffi'tur
1563 1196 1618 1251 fuit

265 1288 294 1341 14.
319 1281 364 1341 12.
383 1281 422 1348 7‘,
444 1297 525 1353 quam
545 1282 739 1336 correctionem
760 1282 898 1354 horologii
919 1272 1073 1338 obserralio
1092 1283 1121 1337 iu
1141 1284 1328 1355 sequentibus.

356 1365 435 1419 Hora
455 1362 525 1415 arcis
549 1360 594 1418 13.
615 1362 700 1439 indeq
719 1362 858 1434 horologii
877 1362 931 1417 mei
952 1364 1092 1418 domestici
1112 1363 1275 1419 monstrarit
1295 1358 1354 1420 41‘.
1383 1362 1449 1417 Inde
1471 1361 1619 1414 fluxerunt

266 1447 372 1503 minuta
387 1442 433 1509 37,
448 1459 508 1497 cum
521 1442 631 1513 Jupiter
645 1444 672 1496 in
687 1441 825 1498 azimutho
842 1434 894 1496 370
914 1444 1089 1499 instrumenti
1109 1446 1170 1501 init.
1197 1444 1274 1515 Ergo
1295 1462 1355 1498 cum
1368 1436 1422 1499 310
1444 1440 1618 1495 azimutlsunr

267 1524 440 1583 instrumenti
460 1530 552 1577 staret
571 1523 599 1577 in
619 1522 739 1587 meridie,
761 1522 822 1592 jans
842 1521 866 1583 21
887 1524 915 1578 in
935 1542 1000 1579 vero
1027 1526 1166 1580 azimutho
1188 1518 1222 1579 60
1242 1526 1278 1579 ad
1299 1540 1423 1578 occasum
1445 1522 1505 1579 init.
1547 1521 1619 1575 Per·

266 1625 363 1679 peram
384 1605 514 1671 additum,
536 1612 601 1658 tunc
621 1604 699 1658 illum
719 1604 884 1658 culminasee
904 1604 951 1669 ibi,
972 1606 1019 1660 ubi
1039 1607 1110 1666 hora
1132 1601 1178 1661 12.
1199 1606 1287 1662 Luna
1321 1605 1391 1660 Nam
1411 1605 1463 1658 hoc
1483 1601 1507 1656 si
1527 1606 1617 1665 esset,

268 1690 339 1743 hors
358 1697 465 1741 tantum
490 1680 534 1739 13.
557 1680 605 1739 30’
624 1684 754 1753 prodiret,
777 1701 837 1738 cnm
857 1685 895 1740 sit
917 1681 962 1741 1³.
984 1685 1029 1743 11.

567 967 658 1025 XXX
697 969 816 1041 Eelipeis
840 970 937 1026 Lunae
962 987 1034 1027 euno
1057 964 1142 1027 1607.

355 1769 433 1822 Hora
452 1763 522 1819 arcis
546 1758 590 1819 11.
611 1780 718 1819 rursum
738 1765 821 1818 index
842 1782 918 1820 meus
939 1773 1001 1821 erat
1021 1766 1049 1821 in
1069 1759 1238 1821 4413441311.
1279 1766 1347 1821 Post
1368 1760 1425 1829 23’,
1447 1763 1519 1835 quod
1538 1766 1620 1815 esset

267 1850 414 1905 secundnm
443 1844 664 1901 culminationem
684 1845 781 1899 Lunae
801 1846 830 1901 h.
855 1842 901 1902 11.
926 1842 981 1911 30‘.
1004 1846 1110 1902 initium
1138 1846 1226 1900 risum
1251 1844 1279 1901 in
1304 1847 1364 1917 ipso
1384 1846 1479 1915 Lunna
1499 1842 1618 1896 3331133.

266 1930 334 1985 Post
356 1926 382 1982 3⁴
400 1927 461 1996 jam
481 1925 595 1997 agnosci
614 1926 707 1994 potuit
726 1926 826 1996 aliquis
847 1927 980 1991 deiectus,
1001 1944 1098 1997 parurn
1119 1929 1154 1981 ed
1175 1929 1309 1983 dextram.

355 2008 424 2062 Post
443 2005 501 2060 alia
522 2002 569 2060 20‘
590 2015 691 2076 quarta
711 2005 947 2061 circumferentiae
967 2023 1032 2077 pars
1054 2008 1162 2062 deiecit.
1190 2008 1259 2061 Post
1279 1998 1399 2070 311312(
1420 2004 1474 2059 fuit
1493 2002 1618 2057 altitudo

267 2089 339 2146 oculi
352 2086 436 2143 Tauri
457 2078 511 2140 150
533 2082 590 2151 37’,
611 2088 765 2157 quadrante
784 2088 922 2146 collocato
939 2089 967 2143 iu
981 2089 1121 2143 azimutho
1143 2080 1196 2143 200
1217 2089 1354 2142 adortum
1375 2086 1403 2141 in
1422 2084 1618 2139 numeratione

266 2168 449 2231 instrumenti.
480 2165 559 2236 cnjus
580 2174 673 2221 tamen
702 2166 808 2220 initium
838 2185 895 2222 non
922 2174 985 2223 erat
1014 2168 1041 2223 in
1063 2168 1225 2233 meridiano,
1256 2170 1305 2223 sed
1329 2156 1381 2221 310
1402 2164 1525 2236 contigui
1547 2176 1619 2235 qua·

267 2251 382 2307 drantis.
425 2249 521 2319 ltaque
542 2247 615 2320 inter
634 2246 813 2301 meridianum
833 2256 863 2303 et
883 2248 1042 2302 verticalem
1062 2256 1144 2302 erent
1165 2242 1224 2303 51⁰-

345 2331 433 2385 Paulo
454 2334 519 2399 post
539 2328 609 2382 hore
628 2328 699 2382 ercis
723 2324 767 2383 15.
788 2329 815 2382 in
836 2344 896 2383 meo
916 2328 1061 2404 horologio
1090 2329 1298 2385 monstrabatur
1318 2318 1368 2383 tt‘
1388 2332 1417 2380 et
1441 2329 1508 2396 post
1533 2338 1620 2378 44444443

268 2412 449 2485 quadrantem
469 2406 540 2463 arcis
562 2404 620 2464 57‘.
662 2412 706 2462 lta
726 2408 801 2462 rides
822 2409 980 2465 commutis
1000 2410 1085 2465 131333
1105 2409 1261 2481 horologia.

741 2556 808 2609 Hinc
824 2572 869 2622 pro
887 2564 997 2624 tempore
1016 2558 1145 2611 eliciendo.

426 2648 464 2697 Ex
482 2644 613 2697 altitudine
632 2645 698 2696 ocnli
717 2641 740 2703 ὅ
1278 2646 1316 2697 Ex
1334 2643 1458 2695 3313431143

382 2736 427 2788 vr>
446 2729 763 2786 us⁰os0---—-
799 2732 887 2787 44433
1119 2716 1164 2770 rr
1184 2711 1226 2768 33.
1245 2713 1332 2767 es-
1351 2713 1438 2768 44433
1457 2736 1491 2749 -
1529 2708 1619 2764 ssent

387 2809 427 2861 33
446 2807 487 2856 ss.
509 2804 762 2856 10——
816 2805 886 2858 erne
1099 2788 1226 2870 ¹rja-or.
1264 2786 1438 2838 o-soere

378 2875 554 2946 Ἦ
762 2875 885 2946 ’semi
1352 2859 1492 2928 33311-
1520 2869 1622 2956 Q

384 2970 427 3022 VS
445 2968 487 3020 ⁴⁴·
507 2965 541 3016 ²³
782 2967 790 2982 '
1353 2964 1494 3017 33444-
1532 2961 1621 3014 senes

377 3038 594 3110 *st-oe..
630 3054 654 3106 4.
674 3055 708 3108 ee
764 3028 885 3106 ’344333
1188 3057 1230 3108 43.
1250 3054 1283 3109 33
1302 3037 1441 3106 assitit

446 3127 762 3182 rasa-snas-
799 3125 885 3177 43453
1125 3127 1227 3182 esre.
1248 3124 1333 3180 43-
1370 3123 1492 3178 3334-
1514 3120 1620 3174 nausis

367 3221 428 3273 333
448 3218 490 3270 34.
511 3217 545 3269 43
565 3245 598 3256 -
619 3218 660 3269 43.
680 3217 714 3268 33
744 3199 892 3268 ’133111
1372 3215 1495 3266 3443-
1515 3191 1622 3264 sieta

270 3296 326 3348 43.
341 3295 430 3346 sollae
449 3289 491 3341 33.
510 3288 544 3340 33
1187 3304 1229 3357 80,
1248 3304 1284 3356 42
1302 3289 1442 3355 :3351
1510 3333 1516 3342 ,

376 3361 546 3376 μ
1098 3371 1287 3386 w

270 3382 422 3438 aaut
468 3378 816 3445 aavaplnsoxssim
1106 3392 1283 3450 vpsqqo

423 3379 466 3432 ,2
532 3379 547 3428 l

304 3456 359 3508 AR*
434 3450 493 3502 ¹⁶⁴·
530 3449 545 3499 ⁰
1012 3466 1091 3519 Psnlo
1110 3470 1183 3520 aliter
1201 3483 1232 3520 33
1250 3467 1374 3518 3313434143
1393 3463 1504 3517 nonnihil
1524 3465 1619 3514 sitisse.

430 3544 490 3594 221.
509 3539 544 3591 28
561 3539 600 3590 331
616 3539 679 3604 plns.
721 3539 785 3604 Ergo
804 3539 828 3588 14.
853 3535 1181 3592 11583313433144431143
1201 3541 1226 3592 h.
1250 3537 1291 3589 15.
1329 3536 1355 3589 11.
1374 3534 1410 3587 30

528 3613 594 3662 Hine
613 3611 685 3660 33133
701 3610 833 3662 intermed.
916 3608 949 3658 ³5
1313 3607 1355 3660 33.

470 3702 570 3753 Initium
590 3715 620 3750 33
638 3701 682 3750 alt
701 3699 789 3751 stallae
801 3677 964 3750 m
1007 3701 1045 3752 Ex
1063 3701 1136 3752 usim.
1154 3707 1185 3752 st,
1204 3679 1410 3750 nm

360 3811 436 3868 Satis
465 3812 552 3882 igitur
580 3810 767 3864 confirmatum
795 3815 841 3862 est
866 3809 973 3865 initium
1003 3810 1030 3865 14.
1061 3805 1106 3865 11.
1136 3804 1193 3866 29‘.
1234 3809 1272 3864 Et
1301 3809 1366 3881 quia
1395 3807 1424 3860 in
1454 3798 1502 3860 23‘
1533 3805 1622 3860 minus

273 3897 451 3950 obscuratum
470 3892 537 3956 fuit,
569 3907 650 3961 quam
670 3900 771 3959 quarta
800 3889 944 3955 diametri,
973 3907 1075 3961 parvus
1096 3891 1183 3962 igitur
1204 3889 1327 3944 delectus
1348 3888 1410 3942 fuit.
1455 3885 1623 3956 Uraniburgi

275 3976 362 4046 igitur
381 3974 436 4027 fuit
454 3971 482 4027 14.
501 3966 609 4026 1121
636 3968 792 4038 apparenti,
814 3978 846 4023 at
859 3970 925 4041 quia
938 3971 1061 4042 Tychoni
1082 3987 1142 4044 aeq.
1166 3977 1249 4040 temp.
1264 3976 1308 4025 est
1323 3965 1352 4024 5⁴
1367 3961 1428 4024 21”
1443 3967 1514 4032 add„
1536 3981 1622 4038 qnare

277 4056 394 4111 medium
414 4060 522 4122 tempus
545 4050 710 4120 [1334411433ςί
731 4050 822 4104 esth.
846 4046 892 4106 11.
917 4045 974 4106 29‘.

816 4197 932 4250 Calculus
950 4197 1082 4263 tychonis.

278 4292 310 4356 Θ
332 4291 373 4341 12.
392 4290 435 4341 18.
454 4288 548 4414 5811,
567 4285 594 4356 J)
619 4289 657 4339 12.
676 4285 719 4338 18.
739 4288 767 4337 21
790 4285 871 4352 11-
891 4287 915 4338 3.
935 4287 977 4338 22.
997 4286 1039 4339 30.
1058 4287 1094 4339 12
1112 4314 1146 4324 -
1165 4286 1189 4339 1.
1209 4284 1234 4338 1.
1255 4283 1297 4337 59.
1317 4283 1359 4335 28.
1396 4284 1454 4335 Lat.
1474 4281 1516 4334 51.
1535 4281 1568 4334 13

276 4367 345 4417 Vens
365 4357 391 4426 0⁰
409 4364 434 4413 14.
455 4363 495 4414 lt.
532 4362 675 4427 Osoqnali.
703 4361 783 4412 Verus
800 4362 911 4411 horarius
930 4359 972 4412 311.
992 4359 1017 4410 1.
1051 4360 1142 4412 Semid
1161 4359 1239 4410 umbe.
1260 4373 1321 4408 corr.
1340 4351 1384 4406 11.
1403 4352 1437 4404 21

358 4437 436 4487 Anier
472 4436 496 4485 1.
534 4433 549 4483 5
1293 4419 1437 4492 14333

295 4507 308 4527 ’
338 4503 626 4588 memmae.
645 4521 747 4572 344444.
1222 4519 1325 4570 eamme
1344 4514 1385 4566 34.
1407 4513 1438 4566 43
1458 4543 1491 4555 -
1520 4513 1623 4566 eroco

454 4597 545 4660 Appsr·
563 4594 669 4659 Proque.
1262 4585 1489 4640 11335113-
1519 4587 1561 4638 11.
1571 4585 1621 4637 3311

278 4669 375 4722 &aaa
391 4665 462 4725 ¹²5⁸·
479 4674 509 4717 us
526 4666 689 4717 metum·
1212 4677 1253 4730 se.
1273 4679 1321 4729 nes
1342 4677 1384 4727 12.
1405 4675 1438 4728 33

1128 4751 1170 4803 So.
1187 4751 1246 4802 dim.
1268 4750 1320 4800 dur.
1340 4747 1439 4871 {ig-13
1458 4775 1488 4786 -
1518 4745 1560 4798 06.
1573 4745 1622 4797 lto

1075 4981 1185 5037 nimus
1202 4979 1299 5035 suono
1316 4982 1341 5035 4.
1360 4909 1390 5058 1
1421 4909 1446 5033 1.
