3517 5525
610 428 684 488 ‘Part
700 420 791 487 Prima.
829 400 961 501 Caput-V.

118 616 239 680 itineris
262 613 423 697 planetarii
444 608 724 697 aequipollentem,
737 615 873 678 diversae
897 622 998 677 tamen
1027 634 1121 695 appa·

120 706 260 779 rentiae3
297 706 402 787 idque·
423 704 643 786 praestabimus
673 705 872 767 translatione
907 706 989 767 visus
1026 724 1063 766 ex
1094 730 1123 769 a.

119 796 288 858 Possemns
320 793 398 858 ideal
430 814 484 875 per
511 795 605 861 finem.
632 794 740 875 capitis
762 795 835 870 HL,
865 794 955 856 etiam
984 804 1124 859 manente

116 886 185 947 visu
201 886 234 947 iu
250 908 271 947 α
285 891 317 945 et
336 885 485 947 translato
510 883 685 958 ecceutrico,
711 883 856 966 lineisque
878 884 1033 963 parallelis
1056 905 1122 945 ma-

117 975 268 1048 nentibus,
294 982 327 1036 ut
343 974 386 1035 ita
402 973 561 1037 eccentri'ci
575 972 743 1054 quantitate
758 981 897 1035 manente
917 974 993 1036 situs
1010 974 1165 1035 solum--

116 1064 208 1147 ruodo
230 1064 373 1125 varietur.
420 1063 509 1135 Quod
529 1072 632 1125 autem
660 1062 724 1142 jam
745 1062 953 1137 instituimus,
984 1063 1028 1124 sic
1050 1081 1129 1142 per·.

118 1153 266 1214 ficiemns.
321 1151 470 1233 Suscepto
509 1153 574 1215 loco
609 1151 692 1213 visus
729 1160 816 1214 extra
846 1151 976 1231 priorem
1013 1151 1121 1213 lineam

118 1242 268 1322 apsidum,
293 1242 342 1323 qui
366 1242 407 1304 sit
420 1244 448 1320 β,
472 1249 506 1303 ut
519 1244 559 1321 βγ
581 1240 628 1302 sit'
640 1242 793 1321 quantitas
818 1241 879 1302 alia
903 1242 940 1303 ab
956 1264 1002 1319 ay,
1026 1260 1121 1302 novae
1226 1290 1231 1301 .

119 1331 241 1393 scilicet
277 1331 515 1393 eccentricitatis
542 1331 592 1391 rel
620 1347 717 1390 novae
745 1330 961 1392 semidiametri
997 1331 1121 1412 epicycli

118 1420 260 1500 majoris,
295 1440 418 1500 agemus
441 1438 496 1499 per
517 1421 556 1498 βγ
577 1426 685 1479 novam
717 1418 826 1480 lineam
856 1419 992 1500 apsidum
1015 1421 1065 1497 βό,
1090 1426 1123 1481 et

118 1511 181 1571 int
203 1509 369 1574 scribemus
390 1509 554 1589 epicyclum
571 1506 663 1587 priori
682 1509 848 1587 aequalem.
887 1506 1031 1578 Quamvis
1051 1528 1120 1570 vero

118 1606 256 1661 centrum
279 1598 405 1680 epicycli
426 1598 474 1659 hic
498 1596 538 1658 sit
556 1596 619 1658 iud
641 1597 755 1676 apside,
779 1605 955 1659 nontamen
978 1616 1121 1677 ponemus

114 1688 179 1768 jam
209 1689 365 1767 planetam
388 1687 417 1749 ιιι
448 1692 558 1766 puncto
590 1686 685 1768 ipsiy
712 1687 847 1767 proximo
877 1694 911 1749 ιιι
938 1688 1037 1767 prius,
1067 1688 1121 1749 sed

119 1775 311 1839 considerato
339 1776 446 1856 ungulo
475 1782 545 1855 ιγό,
579 1776 699 1856 duplum
726 1775 754 1836 ei
783 1783 950 1839 statuemus
982 1778 1121 1856 angulum
1228 1806 1229 1814 ι

118 1871 186 1946 obp
208 1885 315 1928 versus
339 1888 362 1941 a,
387 1873 417 1928 et
439 1858 593 1945 planetam
615 1865 645 1926 iu
668 1870 694 1927 θ
716 1865 890 1939 locabimus,
914 1866 1030 1946 qnando
1054 1867 1119 1947 epi-

118 1957 222 2038 cyclus
253 1954 351 2018 estin
376 1960 393 2016 t
422 1954 543 2036 apside;
573 1954 617 2015 sic
633 1953 724 2015 'enim
755 1955 954 2032 collocaretur
981 1955 1112 2037 planeta,
1139 1960 1259 2023 etiamsi
1282 1961 1364 2025 visus
1388 1963 1417 2025 in
1442 1990 1463 2029 α

118 2056 150 2107 et
172 2045 326 2127 epicyclns
349 2044 380 2105 in
400 2050 418 2105 t
439 2050 531 2110 esset.
570 2042 636 2104 Hoc
658 2043 760 2124 itaque
784 2052 874 2123 pacto
894 2045 933 2106 ad
951 2064 1078 2124 unguem
1102 2049 1207 2111 eadem
1229 2051 1342 2113 veritas
1366 2064 1466 2116 manet

118 2134 280 2215 compositi
300 2133 426 2197 itineris
440 2132 615 2214 planetarii,
647 2132 825 2212 apparentia
850 2152 923 2196 vero
950 2143 1102 2199 mutatur:
1133 2139 1251 2218 quando
1275 2140 1352 2203 enim
1375 2142 1473 2205 incli-·

118 2234 230 2286 uantur
251 2224 349 2287 lineae
371 2222 516 2298 visoriae,
548 2229 583 2284 ut
608 2220 658 2284 hic
680 2221 738 2301 βθ,
753 2227 813 2285 ἀθ
834 2225 884 2286 vel
906 2226 956 2303 βη,
981 2246 1038 2302 αι,
1069 2235 1139 2290 tnnc
1174 2228 1266 2291 etiam
1289 2229 1318 2291 in
1342 2230 1463 2304 diversa

119 2315 187 2377 ioca
210 2312 266 2377 sub
289 2313 357 2376 lixis
377 2312 521 2377 incidunt.
709 2368 713 2375 .
1137 2334 1143 2351 ·
1190 2352 1214 2420 9
1271 2354 1285 2397 0

209 2400 483 2487 Objicias,.etiam
510 2406 576 2463 cum
606 2399 736 2463 risoriae
762 2400 859 2464 lineae
888 2402 1054 2483 parallelae
1084 2412 1166 2481 sunt,
1198 2426 1229 2467 ru
1253 2406 1374 2470 diversa
1396 2400 1465 2472 loca

119 2492 176 2554 sub
198 2492 265 2553 fixis
288 2492 433 2567 incidere;
456 2510 515 2555 non
538 2491 630 2570 igitur
652 2507 726 2571 opus
750 2510 817 2552 esse
841 2492 880 2553 ad
903 2492 968 2567 hoc,
992 2500 1027 2555 ut
1050 2494 1088 2555 ad
1111 2514 1144 2557 se
1161 2503 1262 2557 mutuo
1277 2495 1464 2562 inclinentur.
1479 2516 1480 2521 ¹

120 2580 320 2662 Respondeo:
352 2600 454 2643 verum
482 2580 601 2661 quidem
625 2580 681 2641 hcc
704 2586 767 2656 est3
790 2581 844 2643 sed
867 2588 949 2643 tuuc
963 2582 1160 2665 interceptum
1188 2586 1317 2665 spatium
1341 2586 1465 2651 fixarum

120 2672 200 2733 iuter
226 2679 383 2753 utramque
408 2670 521 2733 lineam
542 2688 637 2751 penes
658 2669 757 2731 visum
779 2680 838 2731 ιιοιι
861 2678 910 2733 est
933 2672 1087 2749 sensibile,
1112 2672 1170 2735 uisi
1194 2670 1316 2737 distant'
1296 2684 1339 2738 tta
1360 2676 1465 2757 paral-

119 2762 247 2824 lelorum
269 2762 312 2823 sit
334 2760 374 2822 ad
397 2759 652 2830 semidiametrum
673 2760 796 2822 lixarum
820 2760 980 2825 sensibilis
1077 2767 1096 2824 ’.

205 2851 243 2912 In
267 2850 505 2913 consideratione
525 2849 661 2955 physica,
680 2858 806 2929 praeter
829 2869 874 2925 ea,
900 2851 1138 2933 quaecap.111.
1161 2851 1251 2929 dicte,
1277 2853 1331 2916 hoc
1347 2872 1464 2937 quoqne

121 2942 160 3002 ad
182 2939 402 3021 impetrandum
423 2939 500 3002 hauc
522 2938 638 3001 itineris
661 2937 883 3001 identitatem
874 2959 906 3002 ιιι
919 2940 1038 3004 variata
1056 2942 1233 3024 apparentia
1246 2943 1304 3005 erit
1323 2951 1463 3007 statuen-

120 3031 203 3104 dum,
233 3037 378 3106 mentem,
412 3029 460 3092 cui
483 3029 578 3092 minor
600 3027 750 3131 epicyclus
773 3036 822 3090 est
844 3030 1036 3106 commissus,
1066 3031 1104 3093 ad
1128 3031 1209 3094 alind
1231 3039 1374 3113 punctum
1397 3053 1464 3097 am·
1519 3083 1522 3094 .

120 3077 203 3181 bitus
213 3119 387 3204 respicere,
418 3117 506 3201 quam
534 3124 666 3180 mentem
692 3116 813 3197 majoris
822 3116 981 3219 epicycli:
1010 3119 1179 3182 restituitur
1207 3121 1285 3184 euim
1316 3121 1465 3205 epinyclus

120 3209 217 3288 maJur
242 3210 293 3270 vel
322 3208 588 3272 eccentricitasiu
611 3206 743 3267 secunda
763 3203 913 3287 positione
937 3209 976 3270 ad
998 3209 1108 3270 lineam
1130 3211 1192 3288 tid,
1212 3210 1309 3273 minor
1330 3225 1402 3272 vero
1425 3213 1465 3274 ad

119 3299 232 3360 lineam
254 3321 313 3374 αι,
333 3316 400 3362 nou
422 3318 477 3402 per
498 3298 596 3361 visum
618 3302 834 3370 transeuntem,
858 3297 928 3377 quia
951 3297 1032 3361 visus
1055 3298 1085 3360 in
1108 3299 1240 3360 secunda
1262 3299 1466 3379 positionem

119 3387 298 3468 βροιιιιιιι,
331 3407 397 3450 cum
410 3389 450 3450 ιιι
473 3387 569 3476 prima
590 3383 739 3464 positione
764 3385 872 3458 (visu'
863 3406 892 3448 ιιι
917 3410 937 3449 α
960 3387 1140 3460 constituto)
1164 3395 1288 3469 uterque
1311 3389 1462 3472 epicyclus

120 3477 159 3538 ad
182 3477 310 3538 eandem
333 3501 375 3540 αι
392 3477 614 3540 restitueretur.
652 3473 721 3535 Non
744 3473 856 3555 itaque
870 3475 1046 3557 simpliciter
1069 3476 1174 3538 eadem
1198 3479 1294 3540 forma
1317 3478 1465 3560 hypothe-

121 3585 189 3628 seos
221 3566 355 3648 physice
375 3572 491 3640 manet,
509 3574 555 3626 nt
580 3564 659 3625 idem
690 3563 748 3625 iter
779 3564 921 3643 planetae
954 3566 1133 3629 obtineatur.
1179 3565 1295 3638 Quodsi
1323 3568 1412 3630 etiam
1435 3567 1465 3629 ιιι

120 3655 254 3717 secunda
276 3654 424 3735 positione
448 3655 526 3718 idem
548 3653 684 3716 imitatus
708 3653 800 3714 fueris
832 3655 1018 3718 restituendo
1050 3663 1207 3737 utrumque
1240 3657 1404 3739 epicyclum
1427 3657 1466 3718 ad

120 3746 247 3809 eandem
269 3744 379 3805 lineam
403 3745 539 3834 apsidum
554 3745 604 3821 βό,
629 3761 701 3822 ergo
718 3751 857 3806 manente
877 3744 981 3808 eodem
1005 3745 1170 3808 eccentri'oo
1189 3745 1337 3827 utrinque,
1361 3745 1465 3808 eodem

120 3834 213 3896 etiam
242 3833 402 3916 epicyclio,
436 3827 511 3896 situs
540 3831 714 3918 planetae
705 3852 735 3893 ιιι
758 3831 902 3917 epicyclio
933 3834 990 3897 erit
1022 3835 1099 3896 alius
1130 3843 1219 3916 atque
1250 3835 1325 3896 alius
1349 3853 1407 3898 nno
1431 3843 1463 3898 et

121 3925 226 3984 eudem
250 3932 422 4016 momento,
423 3917 540 4006 itaque
564 3939 709 4001 expressa
731 3922 836 3985 eadem
855 3925 951 3986 forma
974 3923 1066 4006 hypot
1053 3925 1175 3987 theseos
1196 3923 1400 3988 Ptolemaicae
1425 3925 1464 3986 ad

120 4031 249 4096 unguem
271 4012 302 4074 iu
326 3996 458 4075 'secunda
488 4012 653 4093 positione,
685 4011 744 4072 iter
770 4011 867 4092 ipsum
894 4014 1036 4094 planetae
1069 4013 1244 4076 variabitur.
1290 4011 1368 4076 Hinc
1391 4033 1464 4094 ergo

120 4102 267 4166 inferetur
286 4101 375 4188 infra,
401 4101 518 4186 q'nando
543 4099 661 4184 quidem
689 4099 786 4180 prima
816 4103 1004 4180 planetarum
1031 4102 1243 4185 inaequalitas
1258 4105 1375 4165 omniuo
1400 4105 1465 4165 sal-

120 4192 221 4254 vanda
244 4189 286 4252 sit
307 4211 361 4272 per
392 4191 588 4289 compositam
616 4188 796 4271 hypothesin
820 4211 886 4274 cap.
910 4193 966 4267 IV,
996 4191 1088 4273 igitur
1116 4211 1174 4253 non
1204 4208 1293 4271 posse
1318 4193 1398 4268 lieri,
1432 4202 1466 4255 ut

121 4282 218 4361 prima
240 4273 442 4378 inaequalitas
473 4271 658 4364 expendatur
681 4299 781 4360 aeque
806 4278 833 4340 in
857 4280 957 4344 media
980 4301 1014 4344 ao
1037 4281 1067 4344 in
1092 4281 1248 4364 apparenti
1278 4283 1465 4364 oppositione

122 4373 312 4458 planetarum
335 4389 400 4433 cum
423 4370 515 4434 Sole:
547 4369 605 4431 uisi
633 4365 721 4430 simul
745 4369 824 4430 vel
815 4388 884 4450 rpsa
913 4371 1012 4434 orbita
1042 4372 1185 4451 planetae
1216 4371 1277 4432 situ
1301 4392 1355 4434 sno
1379 4391 1464 4434 emo-

121 4469 228 4523 eeatur
250 4461 437 4535 (differenter
459 4483 479 4524 a
500 4439 619 4524 circulis
647 4456 796 4520 theoriae
806 4457 903 4536 Solis)
926 4461 975 4524 vel
997 4468 1129 4524 mutetur
1158 4461 1255 4524 lorma
1277 4461 1466 4524 Ptolemaica

124 4549 231 4632 capitis
254 4549 310 4612 IV.
444 4559 472 4622 ‚¹

209 4639 313 4720 Atque
336 4639 431 4702 haef
429 4659 512 4703 orma
534 4633 778 4718 transpositionis
801 4593 1021 4702 Maestlinns
1052 4646 1101 4702 est
1127 4657 1213 4716 usus,
1248 4655 1313 4705 cnm
1344 4635 1373 4704 in
1398 4657 1464 4707 men

124 4729 268 4832 Mysterio
292 4725 583 4810 Cosmographicot
570 4725 703 4791 tabulam
725 4725 808 4791 illam
830 4728 938 4808 capitis
961 4729 1033 4793 XV
1063 4730 1233 4792 conficeret.
1281 4729 1464 4810 Cupernicus

125 4819 219 4895 euim,
252 4817 323 4881 dum
343 4817 565 4886 Ptolemaica
556 4838 587 4880 ιιι
619 4833 704 4878 suam
732 4817 902 4894 generalem
929 4818 1138 4902 hypothesium
1169 4819 1294 4881 formam
1323 4819 1463 4895 traducit,

124 4907 209 4990 tin'git
230 4907 328 4970 risum
350 4908 546 4972 constitutum
569 4927 637 4971 esse
659 4902 690 4964 in
708 4913 819 4985 puncto
838 4906 937 4990 aliquo
958 4908 1090 4991 proxime
1110 4905 1211 4970 Solem
1223 4926 1298 4987 pene
1310 4907 1462 4987 immobili,

126 4999 201 5078 quod
225 5005 293 5062 tota
316 4995 431 5063 Solaria
455 4999 535 5063 orbis
550 4992 773 5062 eceeutricitate
789 4993 909 5061 distata
925 5005 1025 5062 centro
1041 4997 1183 5081 ipsissimi
1193 4997 1461 5080 corporisSolaris.

300 5174 319 5229 Α
