3517 5525
638 357 825 425 raom
862 313 1016 426 enirm
1435 361 1501 430 ιιι

148 536 241 620 igitur
262 537 379 614 mirum,
402 546 434 602 et
455 539 622 620 longiorem
643 541 705 604 BD
728 541 821 605 esse?
858 539 1056 620 Respondeo:
1081 539 1301 624 qualescunque
1324 542 1421 606 lineae
1445 544 1504 624 eji-

148 629 276 703 ciantur,
301 647 422 708 semper
442 636 566 691 manent
583 628 652 703 ΑΕ,
667 631 742 705 AD,
766 629 837 711 quia
852 637 923 692 sunt
941 647 979 690 ex
998 627 1259 694 observationibus
1279 632 1503 696 demonstratae

147 716 181 780 in
209 706 321 798 triplici
344 717 442 782 forma
464 717 693 799 hypothesium:
727 726 759 780 ιι
785 719 824 780 ad
847 717 1135 780 demonstrationem
1158 720 1253 795 hanc,
1278 721 1357 802 quod
1380 729 1503 784 contro·
1527 731 1535 750 ⁸

147 806 226 870 verti
255 807 373 887 possit,
406 815 573 871 assumtum
594 808 685 888 plane
707 807 792 870 nihil.
838 807 1033 886 Manentibus
1055 806 1147 886 igitur
1169 809 1242 884 ΑΕ,
1265 811 1341 884 ΑΙ),
1365 809 1504 889 ejiciatur

149 915 223 958 sane
244 894 317 970 ΒΟ,
340 902 375 958 ιιι
397 896 569 978 oppositum
590 897 664 958 mihi
686 905 751 961 ιιι.
777 897 831 960 illa
852 904 955 958 tamen
978 895 1051 970 BG,
1074 905 1109 960 ut
1130 897 1270 962 demonst
1256 899 1335 962 travi
1358 917 1423 980 cap.
1447 898 1502 974 Vl,

146 1004 337 1068 nequaquam
371 984 470 1066 gignit
499 985 683 1068 hypothesin
709 994 812 1067 aptam
840 984 1012 1048 observatis
1041 983 1240 1070 ἀκροιιχιοιςς
1278 988 1332 1049 sed
1363 1007 1417 1070 pro
1448 986 1503 1052 Bc

148 1083 288 1158 oportet,
324 1081 359 1137 ut
384 1075 538 1138 salvemus
565 1075 782 1156 acronychias,
815 1074 924 1154 ejicere
955 1093 1009 1155 per
1035 1075 1061 1137 F
1088 1075 1147 1154 ipsi
1172 1075 1224 1139 OB
1248 1077 1416 1159 parallelou
1437 1079 1504 1153 FH,

146 1182 202 1246 per
223 1167 258 1240 F,
281 1165 312 1227 Η
334 1171 440 1228 centra
461 1163 656 1246 aequalitatis
669 1163 781 1226 Martia
798 1171 832 1227 et
845 1163 938 1226 Solis.
973 1164 1039 1225 Hoc
1055 1172 1156 1226 autem
1174 1167 1266 1241 facto,
1291 1187 1349 1229 una
1368 1173 1504 1230 centrum

148 1253 310 1318 eoceutrici
331 1273 370 1316 ex
393 1251 419 1318 (l
442 1251 474 1316 in
496 1254 512 1316 Ι
534 1253 727 1329 transfertur,
749 1260 783 1315 et
802 1253 872 1335 plus
895 1271 985 1334 quam
1008 1253 1213 1317 semicirculus
1232 1255 1331 1335 vergit
1343 1258 1503 1332 versusld

146 1343 247 1408 minus
268 1363 375 1408 versus
397 1344 447 1406 D.
471 1361 527 1406 nec
549 1343 755 1423 relinquuntur
777 1343 847 1417 ΑΕ,
868 1341 939 1416 AD,
964 1342 1018 1404 sed
1039 1343 1236 1423 prolongatur
1250 1346 1318 1418 ΑΕ,
1342 1344 1502 1408 abbrevia-

147 1439 197 1497 tur
225 1432 307 1498 AD:
339 1433 446 1515 quibus
475 1432 566 1496 lineis
596 1432 722 1496 mutatis
752 1451 903 1512 nunquam
933 1431 1131 1495 salvabuntur
1161 1433 1388 1496 observationes
1416 1443 1503 1496 extra

149 1523 240 1586 situm
267 1521 497 1603 aaronychium:
527 1521 599 1603 quia
629 1522 688 1584 hae
715 1528 867 1584 testantur
896 1521 934 1582 de
958 1520 1142 1602 aequalitate
1166 1522 1311 1586 linearum
1333 1523 1408 1598 ΑΕ,
1430 1511 1500 1586 AD.

146 1605 215 1676 Nec
245 1631 321 1693 opus
352 1630 421 1673 esse
451 1618 526 1692 puto
558 1611 792 1692 computatione.
847 1610 883 1674 Si
915 1609 982 1692 quis
1005 1619 1106 1673 tamen
1128 1611 1186 1674 hoc
1208 1612 1311 1675 labore
1335 1612 1502 1676 delectatur

148 1700 302 1782 (quamvis
323 1701 411 1764 nefas
435 1708 485 1762 ιιι
506 1707 712 1764 astronomum
738 1699 871 1762 numeris
894 1698 1008 1781 aliquid
1030 1707 1166 1777 tentare,
1200 1701 1285 1781 crq'us
1308 1701 1503 1764 fundamenta

147 1809 209 1853 nnn
244 1789 328 1872 prins
362 1789 440 1852 vidit
468 1789 501 1853 in
528 1789 709 1869 geometria,
737 1808 813 1870 quae
839 1789 906 1868 jam
935 1789 1049 1852 laboris
1080 1788 1170 1869 hujus
1199 1790 1393 1852 fundamenta
1415 1790 1503 1854 uobis

149 1879 286 1954 evertit),
308 1880 335 1941 is
357 1879 452 1942 habet
473 1877 642 1959 exemplum
666 1897 758 1959 supra
778 1897 845 1959 cap.
867 1877 987 1954 XXIV,
1011 1877 1061 1942 ubi
1077 1877 1238 1942 distantias
1257 1879 1388 1942 Telluris
1408 1879 1447 1942 ab
1461 1881 1501 1957 H,

147 1977 259 2050 puncto
282 1968 477 2051 aequalitatis
499 1975 599 2030 motus
622 1967 762 2041 Telluris,
787 1975 820 2029 et
841 1967 1018 2030 distantiam
1032 1967 1145 2030 Martis
1165 1969 1325 2032 abeodem
1338 1969 1369 2032 Η
1388 1977 1500 2050 puncto

147 2059 180 2122 in
202 2059 308 2121 eadem
330 2058 504 2139 operatione
528 2056 632 2132 simul,
654 2056 763 2118 iisdem
786 2055 1047 2120 observationibus
1070 2057 1251 2140 computavi,
1274 2058 1381 2140 quibus
1394 2065 1502 2139 postea

148 2167 217 2230 cap.
240 2147 360 2214 XXVI.
389 2145 553 2208 distantias
583 2145 718 2224 ejusdem
740 2145 871 2208 Telluris
895 2151 926 2207 et
947 2144 1058 2210 Martis
1086 2148 1257 2228 computavi
1284 2147 1322 2210 ab
1344 2149 1375 2210 A
1398 2155 1502 2210 centro

149 2235 244 2303 Solis.
289 2236 429 2300 Methodi
443 2235 533 2309 enim,
556 2254 615 2315 qua
630 2254 697 2296 sum
712 2252 794 2309 usus,
816 2233 969 2314 ingenium
983 2235 1040 2298 hoo
1056 2243 1113 2310 ιιι,
1136 2244 1171 2298 ut
1186 2237 1302 2312 doceat,
1326 2255 1501 2319 quocunque

148 2335 261 2409 puncto
283 2327 315 2388 in
335 2326 428 2407 plano
450 2323 555 2386 circuli
578 2323 709 2386 Telluris
731 2332 879 2398 assumto,
902 2324 982 2406 quod
1005 2323 1117 2386 habeat
1140 2325 1324 2407 descriptum
1345 2334 1376 2390 et
1398 2325 1503 2391 deter-

148 2417 296 2480 minatum
327 2415 419 2477 situm
449 2413 489 2475 ad
516 2431 626 2493 corpus
649 2411 749 2487 Solis,
779 2420 843 2476 tam
864 2414 896 2474 in
919 2413 1106 2494 longitudine
1128 2415 1261 2491 zodiaci,
1285 2434 1374 2497 quam
1396 2415 1428 2480 in
1450 2436 1502 2479 re-

149 2507 282 2568 motione
305 2523 325 2566 a
347 2503 437 2578 Sole,
462 2520 518 2582 per
540 2503 657 2582 aliquot
679 2500 907 2564 observationes
930 2503 1038 2566 docere
1062 2512 1094 2566 et
1117 2503 1247 2568 Telluris
1274 2513 1306 2568 et
1328 2505 1439 2569 Martis
1460 2505 1500 2569 ah

149 2593 204 2658 illo
227 2600 369 2674 suscepto
391 2598 502 2673 puncto
525 2591 719 2666 distantiam
742 2591 820 2655 citra
842 2592 935 2654 etiam
958 2591 1160 2673 coguitionem
1182 2593 1350 2658 anomaliae
1370 2595 1501 2658 eccentri

150 2691 336 2766 coaequatae
363 2682 403 2744 ad
433 2681 465 2743 id
490 2688 633 2762 punctum
661 2681 922 2744 accommodatae:
955 2702 1014 2764 qua
1042 2683 1163 2764 quidem
1194 2702 1251 2765 ego
1280 2703 1344 2767 cap.
1377 2685 1500 2749 XXVI.

149 2772 357 2837 tantummodo
380 2770 548 2851 compendii
570 2791 663 2835 causa
685 2790 758 2833 usus
781 2790 858 2833 sum.
1448 2797 1456 2816 ι

239 2862 303 2925 Sed
329 2861 391 2926 alia
419 2861 541 2941 insuper
568 2860 686 2923 ratione
715 2858 921 2939 argumentari
943 2859 1023 2922 licet.
1053 2860 1318 2927 Demonstratum
1341 2871 1390 2926 est
1412 2884 1446 2927 su
1469 2884 1504 2927 ra

150 2972 217 3035 cap.
240 2951 357 3027 XLlV,
380 2950 510 3013 orbitam
532 2949 674 3030 planetae
695 2969 756 3011 non
777 2965 846 3011 esse
870 2950 1023 3025 circulum,
1047 2950 1102 3017 sed
1125 2952 1252 3029 ovalem,
1276 2960 1311 3015 ut
1333 2953 1418 3033 cujus
1433 2883 1502 3017 Aa·

150 3050 262 3115 meter,
293 3060 370 3123 quae
393 3038 532 3121 apsidum
554 3039 678 3113 dicitur,
713 3038 757 3103 sit
778 3038 965 3118 longissima.
1010 3035 1081 3101 Jam
1103 3058 1168 3121 cap.
1194 3040 1245 3103 Ll.
1270 3043 1502 3119 demonstratur,

150 3139 254 3214 partes
282 3150 303 3193 a
326 3128 356 3193 G
383 3137 494 3211 puncto
517 3128 630 3209 aphelii
651 3135 785 3190 remotas
807 3128 975 3209 aequaliter
1008 3127 1125 3207 ingredi
1155 3128 1247 3193 etiam
1274 3132 1442 3213 aequaliter
1463 3132 1504 3195 ad

151 3220 258 3283 latera.
303 3219 412 3283 Ovalis
444 3235 516 3297 ergo
544 3217 690 3297 genuinus
714 3217 792 3281 situs
814 3224 865 3279 est
887 3218 967 3279 circa
990 3216 1101 3279 lineam
1121 3217 1200 3294 Ac,
1223 3238 1285 3286 non
1308 3219 1400 3301 igitur
1422 3221 1503 3283 circa

150 3309 263 3373 lineam
284 3309 350 3373 ΙἨ
395 3308 438 3370 Ει
460 3307 510 3390 (ιιι
531 3306 635 3369 varias
657 3304 769 3371 Martis
792 3304 955 3369 distantias
978 3308 1197 3387 computaverit
1218 3328 1237 3371 a
1258 3320 1369 3391 puncto
1385 3310 1415 3371 Η
1435 3330 1502 3373 me-

151 3398 277 3462 thodo
264 3416 330 3478 yam
343 3395 560 3471 commendata,
585 3395 838 3476 deprehendetis
852 3414 993 3480 mamam
1008 3394 1220 3461 distantiarum
1237 3399 1502 3487 irregulatitatem,
1552 3460 1555 3467 ι

153 3506 228 3593 qme
250 3488 333 3551 nullo
355 3494 445 3567 pacto
466 3486 580 3568 poterit
600 3484 713 3549 includi
734 3504 830 3567 neque
851 3485 966 3549 circulo
988 3504 1083 3569 neque
1105 3486 1255 3568 probabili
1273 3488 1363 3551 alicui
1379 3480 1501 3569 figurae,

154 3578 235 3641 circa
255 3578 313 3641 ΙῊ
335 3577 502 3639 ordinatae.

239 3665 374 3729 Rursum
395 3667 497 3747 itaque
518 3665 609 3730 fidem
631 3680 697 3743 cap.
721 3664 778 3726 VI.
801 3670 836 3724 et
855 3662 971 3743 passim
989 3663 1046 3727 hoc
1066 3683 1155 3745 opere
1179 3666 1405 3749 oppigneratam
1426 3667 1503 3730 citra

154 3758 247 3819 ullam
263 3755 407 3835 principii
428 3754 605 3838 petitionem
626 3752 767 3828 liberavi,
791 3760 823 3815 et
844 3753 951 3829 docui,
975 3754 1175 3821 eccentricum
1195 3756 1305 3819 Martis
1328 3775 1387 3818 uon
1409 3775 1502 3837 posse

154 3846 215 3908 nisi
236 3846 276 3907 ad
298 3844 403 3908 Solem
423 3844 560 3907 referri
551 3862 665 3924 ipsum·
690 3862 727 3905 ac
748 3832 874 3922 proinde
893 3842 1066 3907 noneolam
1080 3844 1237 3922 rationem,
1261 3846 1337 3907 sed
1328 3864 1396 3927 ipsa
1410 3846 1502 3908 etiam

106 3969 112 3984 ·
146 3935 317 4016 'observata
337 3953 392 4037 pro
414 3941 578 4007 mertare,
601 3933 671 3993 dum
696 3931 924 3994 observationes
946 3930 1056 3994 Μιιιιι
1080 3934 1218 4014 emedio
1241 3941 1323 3997 motu
1346 3935 1429 3999 Solia
1444 3935 1502 3998 ab·

154 4024 261 4087 doctas
283 4022 354 4084 ad
344 4040 444 4104 ipsum
464 4030 659 4104 apparentem
681 4019 765 4085 Solis
786 4029 900 4085 motum
924 4005 1090 4116 expendi.

701 4376 822 4478 capue
853 4376 952 4452 Lm.
1036 4334 1085 4368 '⁹

154 4522 234 4592 Alia
254 4522 417 4590 methodus
439 4517 629 4608 explorandi
652 4518 824 4594 distantias
838 4518 958 4584 Mnrh's
973 4542 995 4583 a
1013 4518 1089 4583 Sole
1105 4540 1167 4603 per
1191 4517 1313 4609 alr'qqot
1335 4526 1500 4594 ιοιιίηιιαι

155 4615 383 4683 etimatiores
403 4620 476 4678 aute
489 4618 601 4697 etpost
613 4612 709 4761 aitarrla
730 4608 973 4762 αιιοιῃιέιιειιιιιιιι
995 4610 1051 4673 abi
1064 4609 1159 4675 simet
1177 4612 1273 4677 ιιιιιιι
1281 4613 1499 4702 replerentur

704 4719 762 4764 oca
784 4719 834 4765 ecc
884 4719 955 4763 roca

262 4828 343 4902 Quia
372 4783 422 4890 ιιιι
450 4845 547 4889 novas
567 4824 753 4909 hypotheses
775 4822 949 4898 condimus,
979 4823 1163 4907 inquirentes
1195 4824 1310 4888 scilicet
1331 4824 1499 4889 naturalem

155 4940 279 4985 causam
299 4916 511 5001 aequationem
532 4914 677 4990 eccentri,
702 4914 789 4978 decet
811 4913 912 4977 omnia
932 4914 1020 4978 nobis
1042 4932 1111 4977 esse
1134 4931 1224 4994 quam
1245 4912 1498 4997 exploratissima,
