3517 5525
299 369 364 440 316
776 370 816 428 110
833 371 941 428 blotlbns
959 371 1053 428 8101100
1069 373 1158 428 reum

299 548 373 616 tiam
396 553 448 614 αθ
469 549 639 615 necessario
670 556 702 614 et
723 548 788 614 sine
815 550 942 633 speciali
968 551 1092 616 consilio
1119 552 1253 616 efficeret
1279 551 1399 633 justam
1420 557 1453 614 et
1480 548 1642 633 aequalem

299 641 357 704 isi
379 639 458 703 AD.
487 689 493 694 .
537 644 542 659 “

284 660 329 756 ·p
387 728 432 791 At
458 735 666 809 praeterquam
696 729 775 810 quod
806 729 923 792 iseum
954 729 1105 793 axiomate
1128 728 1230 811 quinto
1260 748 1393 811 pugnare
1424 728 1555 804 videtur,
1588 727 1645 810 qui

302 817 384 894 dicit,
407 818 559 898 planetam
582 818 612 879 vi
636 817 728 880 insita
750 819 889 900 progredi
913 819 949 881 de
973 821 1038 882 1000
1061 819 1091 881 10
1115 820 1211 882 10000
1234 838 1272 880 ex
1293 843 1308 900 y
1328 819 1359 882 in
1382 823 1417 896 o,
1440 819 1535 882 multa
1549 818 1649 880 etiam

301 907 363 972 alia
378 907 509 970 absurda
531 907 729 970 involvuntur.
767 907 902 970 Duoatur
919 909 998 970 enim
1015 908 1072 990 ipsi
1094 908 1160 970 BD
1183 909 1345 990 parallelos
1367 909 1445 983 AN,
1470 916 1502 970 et
1516 906 1558 968 sit
1571 905 1649 970 AN

302 995 435 1078 aequalis
467 995 526 1075 ipsi
548 995 628 1071 BD,
652 1005 684 1059 et
706 1003 809 1058 centro
832 996 864 1060 N
885 998 1033 1060 scribatur
1055 997 1221 1080 epicyclus,
1252 998 1302 1078 qui
1328 1016 1382 1078 per
1403 998 1432 1061 D
1454 997 1520 1060 ibit.
1566 994 1649 1059 Cum

301 1085 407 1169 igitur,
442 1085 591 1148 existente
616 1084 679 1149 OD
702 1086 834 1165 perfecto
858 1086 985 1160 circulo,
1018 1087 1108 1148 iidem
1129 1086 1322 1167 perficiantur
1354 1086 1454 1166 anguli
1476 1107 1496 1148 a
1517 1085 1649 1165 planeta

301 1175 330 1240 D
356 1175 434 1256 apud
456 1174 491 1236 Β,
506 1182 640 1236 centrum
656 1173 813 1237 ecoentrici
831 1180 863 1236 et
886 1175 924 1238 ab
946 1175 976 1238 N
1000 1183 1102 1238 centro
1126 1174 1250 1258 epicycli
1273 1175 1352 1256 apud
1369 1182 1504 1239 centrum
1516 1173 1598 1237 Solis
1614 1173 1649 1237 A
1675 1215 1686 1233 .

302 1267 371 1346 (0οι
394 1263 657 1344 aequipollentiam
679 1264 917 1326 demonstratam
939 1265 1038 1345 capite
1061 1266 1133 1340 ΙΙ.),
1163 1266 1308 1327 diametro
1331 1265 1456 1348 epicycli
1477 1263 1560 1340 ND,
1594 1262 1650 1344 qui

304 1353 458 1434 planetam
480 1351 674 1428 inDbabet,
707 1361 846 1416 manente
869 1353 927 1434 ipsi
950 1355 1015 1417 AB
1039 1355 1184 1434 parallelo
1206 1361 1346 1435 respectu
1368 1354 1444 1416 situs
1466 1353 1496 1416 in
1518 1352 1648 1416 mondo:

301 1443 369 1507 ideo
393 1441 440 1504 hic
463 1449 623 1521 poneretur
646 1441 751 1504 eadem
766 1442 906 1506 celeritas
928 1444 957 1506 N
980 1443 1075 1506 centri
1099 1443 1226 1524 epicycli
1238 1445 1320 1506 circa
1334 1463 1353 1505 a
1367 1441 1470 1508 Solem
1483 1450 1515 1504 et
1529 1441 1558 1503 D
1572 1441 1649 1522 pla·

303 1539 391 1594 netae
415 1530 541 1594 0100οΒ
564 1537 699 1594 centrum
723 1530 861 1613 epicyoli,
895 1531 941 1594 ita
966 1540 1001 1595 ut
1031 1533 1120 1596 simul
1152 1533 1377 1596 intenderentur
1407 1531 1460 1596 isti
1491 1539 1590 1593 motus
1614 1536 1651 1592 et

280 1620 392 1686 ,simul
422 1620 661 1683 remitterentur:
694 1626 726 1682 et
755 1621 826 1702 quia
847 1620 976 1684 intensio
1000 1629 1031 1684 et
1052 1621 1188 1684 remissio
1212 1629 1261 1685 est
1287 1642 1308 1683 a
1333 1621 1437 1702 majori
1464 1621 1514 1684 uel
1537 1617 1651 1682 minori

303 1709 451 1774 distantia
475 1707 606 1790 eorporis
629 1710 768 1790 planetae
787 1708 904 1784 aSole,
927 1709 994 1775 ideo
1018 1720 1152 1774 centrum
1174 1710 1315 1794 epieycli,
1340 1729 1464 1773 manens
1487 1711 1518 1771 in
1540 1709 1652 1771 eadem

309 1798 479 1874 distantia,
498 1797 660 1878 tingeretur
683 1799 768 1861 tarde
790 1798 840 1862 vel
862 1799 1000 1863 celeriter
1027 1801 1140 1864 moveri
1161 1809 1284 1880 propter
1305 1799 1460 1923 planetam
1483 1798 1652 1862 distantem

306 1887 423 1969 lougius
446 1887 495 1950 vel
516 1887 635 1949 brevius
658 1908 678 1949 a
700 1885 781 1950 Sole.

394 1977 436 2039 Et
457 1976 592 2057 quamvis
615 1975 710 2038 virtus
733 1976 872 2055 planetas
894 1976 1008 2041 vehens
1022 1976 1147 2040 celerior
1171 1983 1220 2041 est
1241 1975 1376 2040 omnibus
1399 1976 1517 2040 omnino
1537 1975 1652 2057 plane·

308 2066 358 2143 tis,
382 2073 418 2128 ut
439 2074 593 2130 ostensum
615 2084 680 2145 cap.
703 2065 855 2142 XXXIV,
886 2064 934 2127 bic
956 2073 1058 2129 tamen
1081 2074 1165 2128 000οι
1186 2066 1273 2148 uobis
1295 2065 1505 2146 supponendus
1535 2063 1649 2144 imagi-

311 2154 433 2218 natione
464 2174 553 2228 nnns
570 2154 689 2217 virtutis
713 2173 751 2216 err
773 2152 844 2217 Sole
872 2154 972 2218 radius
994 2155 1080 2232 AN,
1110 2174 1164 2218 ceu
1194 2157 1290 2232 linea,
1323 2155 1356 2219 10
1382 2173 1441 2236 qua
1461 2155 1492 2218 N
1514 2161 1652 2216 centrum

313 2244 440 2326 epioycli
468 2250 612 2323 perpetuo
643 2249 793 2306 maneret:
826 2263 903 2325 quae
925 2242 1094 2308 linearum
1124 2244 1189 2325 ipso
1212 2253 1315 2308 centro
1337 2243 1367 2307 N
1389 2244 1538 2307 interdum
1566 2248 1653 2307 esset

308 2335 406 2409 tarda,
430 2332 579 2396 interdum
600 2331 705 2407 volox3
738 2333 845 2394 iterum
868 2341 1046 2409 cerussa,
1071 2353 1147 2414 quae
1169 2355 1261 2416 supra
1283 2334 1375 2409 dicta,
1398 2334 1478 2415 qnod
1498 2333 1595 2396 virtus
1618 2331 1652 2394 10

310 2425 413 2485 eadem
436 2421 582 2484 distantia
604 2421 729 2484 eandem
750 2430 895 2503 perpetuo
917 2429 1052 2502 praestet
1066 2423 1267 2487 celeritatem:
1290 2424 1444 2504 planetam
1466 2440 1537 2485 vero
1552 2421 1650 2486 debe-

308 2531 406 2576 remus
429 2529 538 2592 ponere
562 2529 629 2572 sese
653 2509 841 2574 evolventem
854 2530 892 2573 ex
914 2511 970 2575 boc
992 2512 1170 2593 imaginario
1194 2514 1277 2576 radio
1299 2513 1370 2577 AN
1394 2513 1424 2576 in
1446 2519 1549 2592 partes
1571 2528 1651 2573 con-

295 2597 419 2664 trarias
441 2599 624 2681 temporibus
647 2599 820 2681 aequalibus
843 2600 1057 2680 inaequaliter,
1087 2612 1175 2681 prout
1203 2603 1268 2686 ipse
1296 2601 1346 2664 hic
1368 2600 1469 2664 radius
1497 2600 1546 2662 vel
1568 2598 1651 2663 celer

309 2690 360 2752 vel
383 2691 487 2754 tardus
509 2690 602 2751 fieret.
648 2693 723 2771 (Hoc
750 2699 874 2757 ultimum
900 2699 1054 2758 declinatam
1080 2701 1153 2758 intra
1179 2719 1239 2774 cap.
1267 2701 1367 2759 XLIX.
1394 2700 1492 2757 ceteris
1522 2699 1651 2756 01100ιά10

310 2781 505 2859 manantibus.)
547 2776 613 2850 Quo
645 2787 733 2860 pacto
762 2780 951 2859 geometricis
979 2782 1096 2862 quidem
1127 2789 1263 2845 veterum
1290 2781 1544 2863 suppositionibus
1576 2796 1652 2861 pro-

310 2870 411 2951 piores
434 2870 577 2943 fieremus,
602 2869 657 2931 sed
670 2890 688 2932 a
701 2866 833 2951 physicis
855 2870 1111 2951 speculationibus
1129 2871 1337 2934 aberraremus
1352 2890 1441 2952 quam
1463 2869 1652 2951 longissime,

311 2970 344 3022 ut
367 2966 518 3023 ostensum
541 2975 605 3039 cap
630 2958 670 3021 Il.
707 2956 811 3038 Neque
835 2958 987 3023 sufficiunt
1009 2960 1231 3043 cogitationes
1230 2980 1314 3023 meae
1337 2961 1377 3023 ad
1400 2959 1561 3026 eruendum
1583 2976 1653 3021 mo·

312 3050 391 3125 dum,
415 3064 472 3128 qno
495 3046 556 3109 iste
578 3048 749 3149 contingere
772 3056 898 3127 possent
918 3049 1106 3115 naturaliter.
1280 3094 1284 3099 -

399 3135 593 3217 Simplicius
584 3136 673 3217 rgitur
692 3135 896 3216 cogitarentur
918 3136 988 3215 ista,
1012 3138 1040 3199 si
1062 3138 1276 3219 inspiceremus
1298 3107 1367 3203 ND
1390 3138 1569 3201 diametrum
1584 3136 1653 3217 epi-

312 3227 388 3312 cycli
419 3225 516 3290 sibi-'
493 3225 565 3305 rpsi
596 3234 738 3307 perpetuo
761 3226 938 3305 parallelum
961 3234 1141 3291 manentem
1187 3229 1269 3291 Tunc
1301 3228 1393 3308 igitur
1421 3227 1544 3307 planeta
1574 3226 1654 3288 bunc

312 3325 423 3381 motum
456 3316 632 3390 conticeret,
663 3313 878 3394 imaginatione
908 3335 966 3377 000
996 3315 1121 3399 epicycli
1154 3317 1207 3379 sed
1241 3317 1335 3381 centri
1367 3314 1524 3379 ecoentrici
1547 3315 1589 3391 B,
1623 3322 1656 3376 et

312 3405 422 3471 tuendo
444 3422 511 3467 sese
534 3402 563 3465 in
587 3404 692 3466 eadem
715 3410 859 3485 perpetuo
875 3404 1021 3467 distantia
1043 3407 1082 3469 ab
1106 3407 1158 3483 illo
1181 3413 1295 3469 eeutm.
1331 3404 1376 3468 At
1397 3404 1453 3467 sub
1477 3404 1654 3486 principium

313 3496 411 3577 operis
434 3512 500 3574 cap.
525 3492 565 3555 Π.
590 3492 785 3581 dictumest,
820 3492 1065 3558 absurdissimum
1086 3514 1173 3571 0000,
1204 3503 1239 3557 ut
1265 3496 1389 3575 planeta
1410 3494 1563 3576 (quamvis
1586 3512 1654 3555 enm

313 3591 413 3648 mente
434 3582 583 3655 instruas)
606 3581 784 3663 imaginetur
807 3580 863 3644 sibi
878 3591 1011 3645 centrum
1034 3591 1066 3645 et
1087 3586 1126 3647 ab
1148 3604 1184 3646 eo
1208 3583 1392 3657 distantiam,
1417 3582 1448 3645 in
1471 3601 1527 3663 quo
1551 3590 1654 3645 centm

313 3675 426 3738 nullum
448 3670 596 3753 peculiare
610 3689 717 3751 corpus
739 3688 793 3751 pro
809 3678 881 3732 nota
903 3670 986 3733 insit.
1023 3672 1065 3735 Ει
1087 3674 1223 3755 quamvis
1238 3674 1359 3748 dixeris,
1382 3672 1536 3752 planetam
1552 3670 1654 3752 respi-

315 3782 382 3828 cere
404 3762 442 3825 ad
466 3758 567 3825 Solem
589 3759 632 3834 A,
657 3760 771 3841 etjam
794 3766 885 3822 antea
910 3760 986 3823 scire
1018 3763 1203 3837 memoriter,
1237 3763 1341 3843 quales
1364 3760 1466 3824 ordine
1490 3760 1654 3825 distantiae

272 3856 275 3866 “
316 3850 429 3916 08010
455 3848 580 3931 perlecti
603 3848 760 3912 ecoentrici
783 3849 954 3928 contingere
978 3850 1123 3914 debeant:
1154 3851 1282 3932 primunr
1303 3852 1360 3914 hoc
1382 3850 1526 3914 remotius
1553 3856 1656 3913 estet

317 3941 432 4021 indiget
452 3938 569 4012 mediis,
591 3958 666 4020 quae
682 3938 819 4000 ellectum
841 3938 968 4019 perfecti
984 3939 1139 4003 circularis
1161 3940 1279 4003 itineris
1301 3959 1368 4003 cnm
1391 3938 1476 4020 signo
1491 3938 1653 4003 crescentis

317 4037 350 4093 et
364 4027 562 4093 decrescentis
586 4028 724 4091 diametri
739 4026 819 4090 Solis
842 4034 1031 4103 connectant,
1056 4030 1147 4093 etiarn
1169 4030 1199 4093 in
1222 4030 1324 4110 aliqua
1336 4036 1446 4091 mente.
1493 4028 1530 4091 Id
1553 4034 1653 4090 autem

318 4120 447 4182 medium
475 4136 532 4181 non
562 4125 610 4179 est
637 4116 729 4191 aliud,
762 4116 821 4179 nisi
854 4117 963 4198 positio
994 4120 1089 4181 centri
1116 4118 1275 4183 ecoentrici
1303 4119 1329 4181 B
1359 4118 1392 4181 in
1421 4125 1505 4182 certa
1535 4137 1555 4179 0
1582 4114 1654 4181 8010

322 4207 481 4282 distantia3
506 4205 584 4288 quod
601 4206 667 4288 jam
686 4206 772 4268 modo
793 4206 918 4282 dictum,
942 4226 961 4267 a
983 4208 1063 4269 noda
1085 4217 1185 4271 mente
1208 4207 1271 4271 lieri
1295 4227 1353 4270 non
1375 4224 1474 4287 posse.

406 4297 475 4360 Non
506 4315 596 4377 nego,
630 4295 755 4375 cogitari
787 4313 875 4375 posse
909 4303 1056 4372 centrum,
1090 4304 1122 4359 et
1144 4296 1225 4359 circa
1251 4296 1283 4358 id
1311 4297 1461 4359 circulum.
1507 4292 1569 4357 Sed
1600 4293 1655 4356 boc

321 4387 401 4462 dieo,
426 4385 452 4448 si
475 4393 608 4448 centrum
631 4383 813 4465 cogitatione
837 4384 904 4446 sola
925 4385 1086 4462 consistat,
1110 4388 1191 4449 nullo
1213 4395 1364 4466 tempore,
1389 4385 1471 4447 00110
1491 4384 1577 4464 signo
1601 4402 1655 4445 ex-

320 4484 415 4552 terno,
439 4492 497 4535 non
520 4492 608 4553 posse
624 4475 704 4538 circa
725 4473 756 4536 id
770 4472 900 4535 ordinari
923 4473 1045 4538 realiter
1067 4476 1199 4556 corporis
1218 4474 1344 4556 alicujus
1365 4472 1484 4537 mobilis
1505 4474 1564 4535 iter
1584 4491 1655 4553 per-

321 4566 399 4631 lecto
422 4562 573 4627 circulare.

345 4638 358 4669 ⁰
408 4655 573 4717 Praeterea
594 4653 622 4715 si
643 4653 765 4734 planeta
788 4669 859 4713 suas
879 4651 979 4732 justas
1002 4652 1165 4716 distantias
1189 4672 1210 4715 a
1230 4650 1302 4716 Sole
1319 4651 1386 4733 lege
1409 4651 1512 4714 circuli
1534 4650 1653 4714 ordina·

322 4753 372 4809 tas
396 4745 584 4826 depromeret
606 4760 643 4805 ex
665 4740 815 4815 memoria,
840 4740 1028 4823 depromeret
1055 4742 1186 4805 indidem
1207 4742 1301 4805 etiam
1322 4750 1465 4823 tanquam
1487 4758 1524 4803 ex
1546 4739 1656 4803 tabulis

325 4833 494 4899 Protenicis
518 4836 572 4893 0οι
588 4830 783 4911 Alphonsinis
807 4830 947 4911 aequales
970 4849 1057 4893 00000
1080 4830 1247 4908 ecoentrici,
1272 4831 1467 4894 decurrendos
1491 4818 1677 4911 inaequali-'

323 4922 380 4986 bns
400 4920 591 5003 temporibus,
614 4926 646 4981 et
663 4918 861 4983 decurrendos
883 4917 1073 4984 dextranea
1095 4920 1234 4998 eaSole3
1257 4926 1290 4983 et
1301 4920 1346 4984 sic
1367 4918 1532 5003 praesciret
1543 4936 1655 4983 memo·
