3517 5525
357 410 422 483 tle
837 412 1221 473 usumnsnurnue·

354 595 415 663 nisi
437 596 568 660 fortasse
591 594 657 679 quis
679 594 851 661 universam
878 596 1046 662 doctrinam
1074 595 1193 662 sinuum
1212 598 1245 661 in
1265 616 1357 661 unam
1380 594 1460 661 banc
1491 592 1696 679 operationem

356 684 502 767 conjicere
524 686 608 749 velit
1258 721 1265 734 ·
1411 751 1414 773 Ι

441 776 487 839 At
507 774 576 837 vide
598 774 670 857 quid
684 773 783 836 iacere
801 773 882 854 jussi
905 773 1007 837 simus.
1045 775 1126 838 Nam
1144 775 1171 837 si
1185 776 1330 857 angulum
1346 775 1434 840 FAH
1454 775 1696 851 assumserimns,

354 885 421 929 cum
451 864 533 927 linea
554 864 610 927 AF
631 864 743 926 habeat
773 863 871 927 locum
902 870 1016 928 certum
1046 864 1101 927 sub
1131 865 1217 941 fixis,
1247 865 1376 929 altemm
1407 885 1522 949 quoque
1544 882 1614 930 crus
1635 864 1698 928 All

354 961 521 1017 assumetur
549 954 661 1016 babere
691 954 789 1016 locum
822 960 935 1021 certum
957 953 1013 1016 sub
1035 954 1113 1017 fixis.
1158 954 1235 1017 Esto
1262 974 1334 1017 vero
1356 955 1419 1018 ΑΗ
1444 954 1527 1017 linea
1557 953 1697 1035 apogaei,

354 1043 560 1125 (loperoicana
584 1051 616 1105 et
636 1042 808 1125 Tychonica
836 1042 958 1105 notium
989 1042 1071 1105 linea
1101 1044 1222 1124 aphelii.
1267 1043 1350 1124 Ergo
1377 1043 1516 1125 jubemur
1542 1062 1697 1106 assumere

353 1141 385 1197 et
398 1152 519 1215 ponere,
542 1133 621 1215 quod
637 1140 703 1195 erat
716 1133 924 1214 quaerendum.
961 1132 1040 1195 Nam
1057 1139 1092 1195 ut
1107 1133 1165 1195 hoc
1188 1132 1339 1215 aphelinm
1361 1134 1596 1209 addisceremus,
1616 1132 1698 1196 banc

353 1223 435 1287 viam
457 1220 607 1303 coepimus
629 1222 755 1302 ingredi.
792 1220 909 1285 Eodem
929 1222 1020 1284 modo
1036 1240 1103 1284 cum
1117 1222 1177 1285 ΑΗ
1200 1222 1247 1297 (id
1269 1230 1319 1285 eet
1336 1220 1407 1297 GH)
1429 1222 1528 1285 locum
1551 1220 1604 1284 sub
1627 1220 1698 1285 fixis

354 1330 409 1395 per
440 1311 518 1374 hanc
546 1319 682 1375 nostram
712 1310 895 1391 positionem
926 1310 1018 1373 fuerit
1050 1312 1161 1391 adepta
1194 1318 1389 1394 transeatque
1418 1329 1472 1393 per
1503 1310 1530 1376 O
1560 1318 1698 1374 centmu

352 1399 509 1483 sequentis
539 1400 645 1464 circuli
675 1400 815 1482 (ideoque
836 1400 929 1463 etiam
949 1419 1003 1481 per
1029 1400 1166 1477 initium,
1194 1420 1214 1463 a
1235 1420 1294 1483 quo
1325 1407 1429 1482 partes
1452 1400 1518 1481 ejus
1549 1398 1698 1481 incipiunt

351 1488 509 1564 numerari,
531 1498 636 1572 utpote
651 1489 689 1552 ab
708 1490 822 1570 apside,
846 1508 922 1572 quae
938 1488 1123 1571 concipiatur
1137 1509 1227 1572 supra
1241 1491 1298 1565 fl),
1318 1498 1350 1553 ct
1367 1488 1526 1571 jubeamur
1539 1506 1696 1553 assumere

352 1580 493 1661 angulum
515 1578 615 1657 FOH,
647 1598 718 1660 ergo
742 1586 773 1640 et
796 1576 849 1641 OF
870 1579 952 1645 linea
979 1579 1170 1641 nanciscetur
1197 1579 1296 1642 locum
1318 1580 1349 1642 in
1376 1578 1534 1662 aequantis
1565 1579 1696 1643 circum-

349 1670 486 1732 ferentia
532 1668 627 1751 Atqui
649 1668 724 1731 hacc
748 1676 795 1731 est
816 1668 973 1747 longitudo
1005 1668 1120 1743 media,
1153 1688 1229 1749 quae
1256 1668 1324 1730 loco
1352 1668 1420 1731 riso
1451 1668 1594 1749 planetae
1615 1668 1697 1732 inl*

349 1759 520 1841 respondet,
544 1765 576 1821 et
597 1758 686 1838 hujus
709 1756 906 1838 longitudinis
928 1757 1045 1820 mediae
1067 1758 1207 1820 notitiam
1228 1758 1455 1839 quaerebamus.
1501 1758 1696 1822 Assumimm

349 1848 442 1929 igitur
462 1855 584 1929 praeter
606 1866 773 1929 apogaeum
795 1854 827 1909 et
849 1847 932 1909 aliud
954 1865 1069 1929 quoque
1092 1866 1131 1909 ex
1152 1845 1191 1909 iis
1214 1862 1289 1930 quae
1313 1847 1542 1929 quaerebantur.

376 1946 379 1955 ’
436 1936 550 1999 Verum
573 1935 723 1999 enimvero
746 1955 806 1998 non
828 1943 876 1998 est
898 1936 1032 1998 insolens
1061 1954 1156 2018 neque
1185 1936 1349 2017 geometris
1371 1953 1467 2018 neque
1495 1936 1695 2001 arithmeticis

348 2044 443 2108 neque
466 2024 643 2102 dialecticis,
666 2026 710 2089 nti
732 2026 900 2106 argumenti
917 2026 1014 2088 forma
1031 2026 1071 2089 ad
1083 2025 1269 2105 impossibile
1288 2024 1434 2100 ducentis,
1456 2032 1500 2100 nt,
1519 2024 1695 2103 sivideant,

349 2136 387 2178 ex
409 2114 551 2179 assumtis
574 2116 658 2199 sequi
680 2115 793 2196 aliquid
815 2110 949 2190 absurdi,
972 2134 1009 2177 ea
1030 2120 1174 2197 tanquam
1196 2114 1277 2176 falsa
1297 2114 1446 2194 rejiciant,
1468 2113 1557 2195 idque
1580 2114 1696 2178 tantis-

310 2196 313 2205 ’
349 2224 412 2287 per,
436 2207 535 2288 quoad
558 2204 720 2287 amputatis
742 2205 799 2267 hoc
821 2212 911 2285 pacto
933 2196 1108 2266 excessibus
1132 2210 1163 2265 et
1185 2203 1352 2266 defectibus
1373 2204 1443 2284 ipsa
1463 2202 1579 2267 veritas
1601 2207 1695 2287 (qnae

348 2312 441 2377 penes
463 2294 692 2358 mathematicas
715 2292 893 2375 disciplinas
915 2293 946 2354 in
968 2293 1067 2356 medic
1089 2291 1280 2375 utrorumque
1302 2293 1420 2367 latitat)
1442 2292 1612 2373 detegatur.
1660 2294 1696 2357 Id

350 2390 449 2448 antem
472 2388 507 2447 lit
527 2383 751 2466 inpraesentia
772 2384 805 2444 in
826 2382 905 2445 bunc
927 2382 1056 2444 modum.

439 2474 554 2557 Ocpict
576 2472 663 2538 lineo
678 2473 735 2537 ΟΔ
756 2492 868 2536 nomen
889 2474 975 2535 etsit
996 2470 1044 2535 ite
1066 2470 1152 2533 dete.
1191 2468 1279 2547 Quia
1299 2470 1398 2552 ἱρέων
1419 2470 1594 2536 monins
1609 2468 1696 2535 Fen

822 2569 852 2624 et
880 2560 967 2623 FAH
996 2567 1027 2625 et
1054 2580 1117 2642 per·
1147 2577 1338 2641 consequens
1369 2558 1465 2622 mern
1494 2558 1695 2644 relipreamn

528 2634 581 2701 ng.
601 2630 644 2685 ⁰⁹·
821 2649 1218 2713 comminiscamur
1240 2644 1394 2720 maen,
1416 2655 1446 2711 er
1464 2646 1522 2712 Ao
1544 2657 1592 2712 es
1605 2668 1693 2713 com

578 2776 581 2787 ν
815 2758 910 2804 mnne
931 2736 1016 2802 letus
1038 2744 1175 2822 quotuor·
1196 2734 1431 2820 bicnpnlornm
1455 2736 1562 2813 (cre,
1590 2738 1690 2816 OGd,

818 2827 926 2903 ODA,
946 2825 1044 2902 OEA)
1074 2847 1208 2909 pisorum
1230 2833 1303 2890 sunt
1329 2828 1401 2890 coer·
1427 2823 1557 2910 anpuli:
1589 2828 1692 2909 ipitius

816 2919 851 2980 in
872 2936 1022 2982 mensura
1043 2917 1145 3000 ipsius
1162 2913 1220 2978 Ac
1240 2916 1404 2996 ,dedantur
1425 2923 1564 3000 puutaor·
1585 2915 1693 2982 lisseue

816 3007 884 3082 AF,
906 3005 977 3080 AG,
1001 3006 1072 3081 AD,
1095 3003 1162 3067 ΑΕ.
1207 3005 1254 3068 Et
1282 3004 1360 3087 quie
1381 3005 1417 3068 in
1437 3005 1527 3068 nocis
1554 3015 1694 3088 premor

789 3094 990 3179 'tricnpsls's
1011 3092 1109 3171 FAG,
1132 3091 1233 3169 GAD,
1255 3092 1353 3170 ΒΑΕ,
1374 3091 1460 3155 EAF
1490 3093 1599 3160 batere
1625 3099 1694 3184 jure

572 3188 590 3265 ’,ζ
819 3182 1692 3266 suntdetccumcnpulisedrle‘nterlrincletsrc,

582 3270 593 3347 l
722 3273 1253 3360 >acccipitcere'pncrcbmstnr
1274 3271 1693 3356 sinprdc‘emsinpulistri-

821 3361 1169 3517 lnddffisibfflell
1196 3365 1455 3514 lid'emlil's
1463 3360 1565 3516 Adde
1584 3361 1696 3536 iffi

823 3500 935 3625 ceperit
958 3539 1050 3604 GFE.
1095 3541 1139 3605 In
1160 3535 1381 3626 puudrcnpclo
1402 3559 1473 3601 cero
1490 3537 1609 3604 DEFG
1631 3543 1694 3616 (si-

824 3631 952 3715 quidem
973 3639 1019 3694 est
1031 3631 1216 3712 inemptum
1238 3627 1366 3700 circulo,
1380 3630 1470 3712 'proed
1486 3631 1598 3693 estbe'c
1610 3631 1696 3696 inter

348 3727 544 3814 lrypctlreses)
578 3724 732 3810 concernit,
769 3723 857 3786 binos
893 3721 1051 3803 oppositos
1082 3719 1214 3802 anpntos
1246 3719 1295 3791 (nt
1324 3715 1424 3793 GFE,
1455 3717 1557 3794 GDE')
1597 3717 1696 3786 sursit

349 3837 488 3902 aequore
509 3835 663 3880 summum
685 3815 821 3878 duemm
841 3818 1004 3874 reetomm.
1051 3809 1176 3873 donetis
1196 3809 1296 3892 tpitm
1324 3826 1402 3892 pnes
1420 3810 1495 3894 jam
1515 3811 1699 3874 imminue

350 3917 484 3993 quattor·
506 3904 634 3990 ampelio
643 3905 659 3980 ,⁸
683 3906 714 3966 ei
735 3921 858 3969 summe
888 3900 1014 3984 eptem
1035 3901 1075 3962 cd
1097 3899 1157 3963 bec
1185 3898 1319 3961 duorum
1348 3905 1504 3961 rectorum
1530 3917 1694 3976 Manen,

345 3997 625 4082 pronunciabimns
648 3997 789 4057 assumta
804 3989 898 4076 salse
920 4008 1006 4052 esse:
1026 3988 1092 4050 sice
1104 3987 1139 4050 s'n
1153 3984 1304 4050 ademto
1328 3995 1539 4053 aaronem
1551 3987 1697 4074 salsitas

350 4088 427 4152 insit
449 4089 513 4148 eice
534 4088 571 4150 t‘n
592 4092 664 4148 ntro
724 4127 731 4141 .

439 4177 570 4240 Retento
601 4103 829 4258 immodum
860 4164 946 4228 FGH
975 4165 1162 4240 etiamnum,
1193 4171 1312 4227 mmeto
1341 4185 1412 4228 cmo
1440 4165 1562 4248 reliquo
1594 4165 1696 4238 FAH.

350 4263 507 4330 reditium
528 4261 573 4326 ud
596 4270 689 4344 copem
710 4269 740 4324 et
755 4259 855 4321 denno
877 4255 1054 4339 inquiretur
1074 4273 1198 4319 sumnus
1212 4259 1347 4337 quatem·
1368 4253 1569 4338 enpulcrnm
1600 4253 1699 4335 Quas

350 4357 381 4420 si
402 4353 526 4436 lonpe'us
548 4373 569 4415 a
592 4353 712 4417 duobus
734 4347 829 4414 rectis
857 4346 1021 4410 recesserit
1042 4362 1137 4426 pacem
1161 4363 1285 4408 summo
1306 4343 1416 4427 prior,
1439 4353 1624 4428 arpennorum
1646 4353 1699 4412 ια

350 4444 553 4508 mutationem
574 4444 675 4526 ipsius
688 4437 774 4502 FAH
793 4454 962 4520 perperam
984 4453 1049 4497 esse
1069 4442 1251 4516 acceptam
1292 4432 1495 4497 eonomine
1514 4435 1619 4518 ipitius
1638 4433 1698 4500 illi

349 4531 542 4618 faciendum.
599 4532 640 4593 Ut
665 4533 695 4594 si
715 4529 858 4614 forsitan
886 4523 1082 4596 metenses,
1104 4524 1179 4608 jem
1205 4525 1353 4587 minoas:
1384 4521 1432 4587 oet
1462 4530 1580 4588 centres
1627 4523 1700 4590 se·

353 4629 457 4688 autern
481 4621 617 4705 propius
638 4620 683 4684 ccl
704 4621 827 4706 jsestem
847 4631 1027 4677 mammam
1048 4610 1224 4688 accessisti,
1252 4613 1290 4682 in
1311 4611 1365 4675 sic
1384 4619 1415 4676 te
1435 4631 1501 4676 erse
1521 4611 1696 4698 irrtsllr’pss.

351 4711 397 4776 Bt
418 4719 491 4776 tunc
513 4711 746 4792 compmctr'ons
773 4707 863 4782 secte
885 4704 951 4786 &aa
972 4702 1120 4782 desectum,
1143 4702 1199 4783 qni
1217 4701 1283 4781 fnit
1302 4701 1340 4764 r‘n
1358 4702 1527 4784 principio,
1550 4703 1596 4766 ad
1617 4725 1699 4770 m

354 4803 409 4886 par·
434 4800 506 4885 jum
535 4805 651 4873 restet,
681 4797 790 4862 eaden
817 4795 853 4856 in
883 4792 1086 4875 proportione
1118 4811 1229 4874 perpes
1264 4793 1408 4874 copmdo
1437 4791 1487 4857 est
1518 4794 1698 4860 made

354 4892 503 4973 mmm
524 4887 618 4950 FAH.

440 4979 485 5044 At
505 4997 569 5044 non
589 4975 662 5042 r‘deo
685 4978 801 5039 certem
822 4977 883 5047 ost,
911 4969 1080 5034 mercedem
1100 4969 1194 5033 istan
1221 4968 1444 5034 correctionem
1466 4971 1533 5036 tais
1551 4975 1698 5056 pomos·
