3517 5525
1094 17 1110 38 i'
1218 18 1254 57 ’f‘

1088 44 1105 90 f*
1232 64 1239 95 ,ι

1083 95 1123 138 ..ιι
1215 96 1226 122 ι.

315 379 380 451 706
851 383 962 434 nsum·
978 381 1009 433 r.
1027 380 1118 434 anso
1219 406 1234 419 ‚f
1312 393 1317 402 f

315 561 404 628 condi
427 560 557 624 faciliter
577 575 632 639 per
660 559 750 622 aliam
778 559 1023 640 imaginationem
1045 561 1266 644 hypotheseos3
1294 563 1496 626 tantummodo
1517 562 1578 625 hoc
1602 579 1665 642 pro

311 654 380 734 jure
404 669 457 714 suo
480 649 563 722 ursit,
588 656 622 710 ut
643 647 674 709 id
696 647 823 729 primum
846 651 1048 728 perficeretur,
1073 652 1151 731 quod
1174 651 1232 713 sibi
1253 651 1457 726 essetvisum,
1476 649 1667 732 Ephemeris

315 733 446 822 nempe),
472 747 503 801 et
525 755 580 817 ego
603 738 653 812 id„
668 737 746 818 quod
768 737 828 799 levi
851 757 919 800 mea
942 759 1034 827 opera
1056 741 1119 803 heri
1137 748 1252 818 posset,
1275 742 1463 831 Tengnaglio
1483 739 1666 813 inviderem,

315 850 353 892 na
376 829 402 890 is
426 829 461 890 de
484 847 517 888 re
540 845 597 888 non
622 826 724 905 magni
745 828 890 890 momenti
917 837 949 890 et
977 847 1062 890 meae
1090 828 1271 890 inventionis
1295 828 1367 891 olim
1397 829 1519 909 gloriari
1542 836 1665 909 posset

315 920 365 982 lta
388 918 500 980 facturn
516 915 727 990 simultatibus,
750 923 859 991 utres,
884 935 916 978 se
939 917 1008 998 ipsa
1027 917 1068 990 =ab
1091 916 1177 983 initio
1198 926 1352 998 exoptata,
1376 919 1570 999 postmodum
1588 937 1664 978 ver-

316 1015 430 1071 teretur
453 1006 483 1067 in
507 1006 548 1068 fel
571 1012 603 1067 et
625 1011 761 1080 acetum3
791 1007 971 1085 praesertim
1000 1027 1066 1077 cum
1094 1025 1150 1086 ego
1177 1025 1252 1086 opus
1274 1026 1334 1068 non
1355 1009 1440 1088 prins
1464 1015 1662 1070 monstrarem

316 1094 509 1176 Tengnaglio,
535 1113 622 1173 quarn
642 1093 707 1173 jam
730 1093 851 1174 scriptis
877 1097 916 1157 ad
930 1097 1120 1160 Herwartum
1138 1096 1235 1160 literis
1252 1103 1284 1158 et
1300 1097 1660 1176 postsecommendatis,

316 1184 498 1264 exemplum,
523 1183 600 1263 qnod
621 1183 745 1244 videbat
767 1185 987 1264 Tengnaglius,
1022 1186 1113 1247 stiam
1136 1193 1244 1267 postae
1267 1187 1527 1248 commendaturus
1551 1204 1661 1247 essem.

315 1267 394 1337 Nam
417 1274 467 1334 vix
491 1272 588 1334 obiter
610 1272 789 1354 hypothesin
812 1273 1226 1343 Matthiae‘delineaveram
1255 1283 1346 1354 atque
1368 1295 1405 1336 ex
1427 1295 1467 1336 eo
1488 1293 1548 1336 non
1571 1275 1663 1336 verbo

315 1382 373 1424 uno
397 1362 479 1422 dioto
508 1361 590 1422 intra
617 1357 637 1422 o
661 1361 847 1441 septimanas
871 1364 937 1442 jam
966 1365 1118 1442 perfectas
1144 1381 1214 1429 esse
1241 1364 1362 1426 tabulas
1387 1365 1531 1426 indicavt
1579 1364 1664 1425 Haec

316 1450 524 1533 importunitas
548 1466 626 1510 nova
649 1449 851 1528 exasperabat
867 1453 1008 1532 antiquas
1025 1461 1058 1514 et
1076 1454 1231 1515 diuturnas
1248 1453 1425 1524 simultates,
1458 1452 1665 1532 Tengnagliua

315 1542 380 1621 ipse
405 1558 496 1618 opera
515 1537 665 1600 Johannis
687 1544 815 1609 (Ειῑιιοιι)
833 1549 865 1601 et
878 1541 1029 1603 Matthiae
1053 1541 1173 1604 tabulas
1196 1542 1365 1622 hujusmodi
1387 1543 1534 1616 condidit,
1557 1541 1691 1623 quibus.

316 1649 399 1692 meas
423 1627 569 1690 facilitate
593 1635 714 1707 superet
723 1648 732 1704 ;
763 1627 864 1708 itaque
888 1649 947 1690 non
971 1650 1028 1692 res
1051 1638 1100 1694 est
1121 1631 1248 1706 vitiosa,
1278 1633 1332 1694 sed
1355 1631 1483 1694 modus
1513 1630 1666 1710 agendi:

311 1707 408 1798 'atque
430 1718 546 1780 utinam
569 1733 692 1797 scopum
716 1716 872 1780 facilitatis
896 1719 1070 1799 attigissem
1091 1721 1234 1800 propius;
1259 1730 1358 1782 certus
1382 1722 1463 1785 enim
1484 1739 1568 1794 sum,
1593 1737 1665 1800 gra-

316 1808 377 1869 tias
400 1805 471 1868 mihi
495 1812 618 1868 acturos
642 1825 710 1868 esse
734 1806 859 1882 multos,
884 1816 1102 1890 contraquam
1125 1817 1167 1870 ιιι.
1512 1799 1518 1813 '

225 1953 229 1962 .
405 1895 515 1958 Altera
537 1901 590 1958 tna
613 1895 756 1956 refutatio
779 1897 838 1958 mei
856 1897 974 1960 insitnti
989 1908 1037 1960 est
1051 1899 1137 1971 haec,
1162 1899 1240 1977 qnod
1263 1897 1349 1959 labor
1370 1897 1569 1978 triangularis
1593 1916 1668 1977 sup·

316 1985 434 2068 peditet
457 1984 619 2048 distantias
642 1984 745 2046 Lunae
770 2005 788 2046 a
810 1985 920 2060 Terra,
950 1987 1042 2049 utiles
1070 1988 1100 2049 in
1128 1988 1295 2065 astrologia
1317 1988 1355 2048 ob
1381 1987 1586 2067 particulares
1609 2005 1667 2066 pa·

317 2073 461 2137 rallaxes.
506 2073 708 2154 Respondes:
739 2074 873 2136 calculus
897 2075 1048 2157 Tychouis
1071 2097 1090 2136 a
1112 2095 1159 2136 ms
1183 2095 1242 2136 non
1264 2084 1313 2138 est
1335 2075 1488 2150 sublatus,
1511 2083 1670 2156 computet

319 2163 369 2244 qui
391 2163 492 2236 volet;
523 2179 592 2224 nam
615 2179 684 2223 mea
705 2163 931 2227 transformatio
955 2165 1077 2227 exhibet
1100 2165 1221 2252 easdem
1249 2165 1421 2230 distantias.
1468 2167 1515 2228 At
1541 2165 1571 2226 ai
1604 2164 1670 2245 quis

319 2271 377 2314 non
401 2258 526 2332 quaerat
542 2251 714 2326 distantias,
738 2253 793 2314 sed
813 2254 923 2316 nudam
940 2255 1167 2334 longitudinem,
1189 2255 1217 2316 ei
1240 2255 1407 2321 taediosum
1430 2263 1487 2327 est,
1513 2253 1671 2334 triangula

320 2340 474 2404 consulere
498 2347 529 2402 et
552 2339 714 2402 distantias
736 2341 820 2422 prius
843 2342 937 2418 adire,
961 2363 1036 2425 quas
1053 2343 1195 2424 primario
1214 2364 1273 2408 non
1292 2344 1417 2423 expetit.
1455 2345 1532 2405 Tum
1554 2352 1668 2416 autem,

320 2430 391 2512 quid
422 2437 454 2492 tn
485 2429 522 2492 de
555 2428 677 2491 circello
710 2430 861 2510 argutaris
893 2431 1016 2514 ejusque
1048 2434 1155 2496 effectu
1186 2432 1216 2495 in
1248 2433 1402 2496 variandis
1433 2433 1669 2515 parallaxibns?

320 2518 400 2590 Quid
417 2520 443 2580 si
466 2519 496 2580 in
520 2517 657 2580 omnibus
679 2519 885 2598 parallaxibus
905 2522 972 2600 plus
988 2523 1154 2597 aberraret,
1178 2541 1269 2603 quam
1292 2523 1431 2584 circellns
1454 2522 1572 2584 efficit?
1602 2521 1669 2585 Non

320 2609 409 2690 plane
438 2608 495 2670 hoo
525 2608 657 2680 affirmo,
691 2609 747 2670 sed
778 2609 832 2670 sub
863 2610 1043 2674 conditione.
1089 2611 1168 2674 Nam
1197 2612 1223 2672 si
1250 2620 1284 2674 tu
1312 2612 1491 2674 diametrum
1523 2611 1611 2675 Solis
1640 2619 1672 2671 et

320 2697 442 2758 umbrae
466 2695 616 2758 mordicus
639 2695 742 2758 fueris.
763 2705 878 2760 tutatus
909 2717 976 2762 cum
1002 2700 1153 2781 parallaxi
1176 2699 1274 2776 Solis,
1306 2701 1424 2764 omuino
1451 2699 1509 2763 tibi
1537 2718 1592 2763 res
1614 2701 1670 2763 hnc

321 2786 437 2849 recidet
468 2787 522 2848 sub
555 2786 802 2850 contradictionis
834 2789 1081 2867 comminatione,
1114 2798 1150 2853 ιιι
1179 2791 1351 2873 parallaxin
1378 2790 1482 2853 Lunae
1513 2789 1672 2853 evidenter

288 2923 292 2937 .
322 2883 438 2938 mutare
462 2874 591 2955 cogaris.

409 2966 474 3026 Iam
498 2965 535 3027 ad
561 2964 622 3025 alia
643 2964 743 3039 venis,
774 2971 806 3026 et
834 2966 861 3029 si
891 2974 973 3029 tuam
1001 2967 1264 3047 reprehensionem
1287 2975 1401 3031 tectam
1423 2966 1500 3029 bene
1523 2968 1670 3048 percipio,

319 3056 383 3135 jam
406 3061 439 3115 tn
462 3055 538 3115 hanc
560 3052 738 3133 particulam
761 3053 842 3116 tituli
856 3073 989 3118 mearum
1007 3057 1304 3120 transformationem
1323 3057 1462 3133 adoriris,
1487 3058 1570 3137 quod
1594 3057 1669 3118 dixi:

327 3162 410 3225 „pro
440 3150 528 3224 typo
559 3142 770 3204 tabularum
801 3144 985 3225 Rudolphi
1015 3148 1060 3208 ad
1090 3146 1367 3208 deliberandum
1398 3147 1669 3226 propositas.“'

324 3234 369 3295 Tu
392 3231 621 3313 ergo'miraris,
652 3230 761 3295 audere
789 3252 835 3295 me
859 3241 978 3295 ceteros
1004 3236 1162 3316 planetas,
1192 3236 1229 3296 de
1253 3234 1360 3315 quibus
1382 3236 1515 3298 nondum
1537 3242 1669 3309 consul,

324 3321 519 3403 aequiparare
540 3322 654 3383 Lunae.
687 3320 755 3381 Non
772 3320 860 3395 facio,
885 3322 925 3385 mi
943 3323 1134 3397 Christiane3
1159 3344 1211 3385 cur
1233 3324 1313 3387 enim
1337 3325 1397 3399 ,ad
1420 3324 1668 3387 deliberandnm“

263 3410 264 3413 ’
324 3428 528 3490 proponerem,
551 3410 578 3470 si
599 3409 662 3488 jam
685 3403 768 3471 esset
787 3412 997 3490 exploratum?
1025 3410 1106 3485 Scio,
1130 3413 1234 3475 Lunae
1253 3432 1321 3475 esse
1343 3412 1542 3495 particularia
1563 3415 1670 3485 multa,

324 3518 372 3561 ao·
384 3498 524 3561 fortassis
539 3500 630 3560 etiam
648 3495 788 3577 planetae
803 3500 898 3561 ceteri
916 3502 1164 3582 inaequalitatum
1186 3503 1308 3565 numero
1332 3512 1365 3563 et
1385 3502 1534 3582 qualitate
1557 3502 1670 3565 distin·

323 3596 452 3669 guuntnr
472 3588 540 3669 plns
563 3606 653 3669 quam
675 3587 819 3648 hactenus
843 3590 965 3662 credidi.
1005 3592 1104 3654 Unum
1125 3598 1227 3665 autem
1250 3593 1350 3653 estin
1373 3592 1543 3654 tabularum
1565 3601 1668 3654 trans-

323 3676 517 3751 formatione,
548 3676 626 3758 quod
656 3676 732 3738 citra
759 3680 994 3741 controversiam
1024 3679 1136 3743 imitari
1164 3700 1322 3760 possumus
1344 3681 1374 3742 in
1397 3682 1507 3743 octena
1531 3682 1669 3743 omnibns

322 3760 469 3847 planetis,
488 3766 513 3827 si
533 3766 620 3827 modo
637 3764 806 3827 consultum
825 3767 914 3828 fuerit
937 3770 1030 3848 (quod
1050 3769 1274 3833 deliberandum
1295 3790 1362 3833 esse
1381 3770 1469 3845 dixi),
1492 3778 1529 3833 ιιι
1551 3771 1669 3833 scilicet

320 3874 375 3937 per
398 3874 553 3917 excessum
575 3854 719 3933 temporie
743 3872 835 3933 supra
857 3864 1056 3932 momentum,
1085 3878 1143 3940 quo
1171 3860 1296 3938 planeta
1322 3860 1353 3922 in
1377 3878 1512 3940 apogaeo
1535 3859 1669 3924 ecceutri

323 3944 422 4018 neris,
446 3944 552 4009 statim
575 3948 752 4023 excerpatnr
770 3946 922 4025 anomalia
939 3949 1069 4011 eccentri
1085 3955 1271 4029 coaequata3
1294 3955 1385 4029 atque
1407 3948 1464 4011 huc
1487 3966 1546 4027 ego
1568 3950 1668 4030 potis-

322 4034 429 4095 simum
459 4034 596 4113 respexi,
631 4032 700 4114 quia
732 4050 869 4113 apogaea
901 4044 933 4097 et
959 4038 1030 4100 nodi
1057 4038 1246 4118 planetarum
1273 4046 1438 4101 ceterorum
1465 4037 1559 4100 valde
1588 4038 1668 4101 tardi

211 4136 218 4147 ’
323 4130 407 4196 sunt,
429 4129 461 4183 st
483 4122 565 4185 facili
589 4140 680 4203 opera
703 4130 922 4201 computantur.
948 4156 990 4169 -
1127 4124 1215 4197 Quae
1238 4128 1277 4188 ad
1300 4128 1419 4207 singula
1441 4146 1561 4203 eornm,
1592 4147 1667 4209 quae

321 4210 471 4289 praestita
492 4212 523 4273 in
547 4210 884 4288 Luna'eommemoras,
909 4214 967 4275 dici
991 4216 1122 4279 fortasse
1145 4225 1271 4296 possent
1294 4217 1332 4279 ab
1354 4224 1544 4292 astronomo,
1567 4219 1666 4290 mitto,

321 4318 357 4359 ne
382 4318 474 4359 novas
498 4300 690 4383 quaestiones
712 4318 812 4363 serere
833 4303 938 4365 videar
955 4324 1013 4366 non
1027 4306 1118 4367 finitis
1131 4305 1294 4382 veteribus,
1317 4304 1497 4385 praesertim
1510 4326 1579 4368 cnm
1593 4306 1667 4369 nihil

216 4408 218 4417 ¹
319 4388 448 4451 habeam
470 4388 500 4451 in
518 4408 662 4469 praesens
681 4388 738 4451 nisi
752 4390 944 4471 conjecturas
959 4394 1110 4475 physicas,
1134 4414 1189 4457 neo
1210 4414 1250 4456 ex
1265 4396 1401 4475 professo
1416 4401 1547 4458 tractem
1559 4396 1666 4459 Lunae

320 4477 482 4558 negotium.
529 4478 609 4550 Quid
633 4496 710 4543 nuuc
739 4478 775 4540 de
804 4498 852 4542 me
881 4482 990 4545 meruit
1019 4482 1211 4546 odiosissime
1236 4483 1291 4547 illa
1313 4492 1367 4546 tna
1389 4484 1557 4565 exagitatio
1580 4487 1666 4549 inso-

319 4567 430 4629 lentiae
455 4558 531 4646 ejus}
553 4587 641 4649 quarn
663 4566 736 4632 milri
757 4588 809 4649 per
824 4571 1038 4651 nequissimam
1054 4574 1232 4637 calumniam
1247 4573 1404 4637 tribuisti?
1431 4581 1664 4648 (termnum

242 4714 245 4719 ¹
319 4658 446 4707 rseenaitir
468 4658 510 4718 iis,
533 4670 597 4721 quae
615 4658 698 4721 hoho
721 4659 747 4707 in
764 4658 852 4709 Lunae
869 4658 966 4711 theoda
987 4662 1103 4726 perfecit,
1127 4663 1212 4713 addit:
1238 4663 1335 4713 taliae
1358 4669 1384 4713 te
1407 4677 1515 4728 anquam
1542 4667 1665 4729 unuani

318 4742 389 4792 posse
413 4728 569 4779 vehementer
592 4734 682 4778 metuo.
718 4728 748 4779 Id
771 4734 854 4781 autem
876 4747 927 4781 non
950 4740 1050 4791 metuo,
1078 4736 1142 4801 quod
1168 4736 1201 4784 ad
1223 4734 1376 4800 praeclaram
1401 4748 1531 4785 camurana
1555 4740 1665 4787 ιιιιιιιιιιι

318 4798 483 4850 bonorumet
507 4799 694 4865 intelligentium
717 4801 820 4851 virorum
843 4801 874 4854 de
898 4795 1149 4869 bennanhusun
1173 4806 1236 4858 haec
1254 4806 1354 4857 sordida
1364 4794 1416 4857 ‘tna
1432 4805 1567 4859 insolentia
1582 4811 1663 4875 mag'n

318 4880 444 4933 ιοιιιοιοιι
462 4887 487 4931 ιι
505 4880 590 4932 odora
607 4878 672 4941 fiat.)
709 4868 788 4944 Quid
812 4873 890 4936 enim
912 4877 971 4939 nisi
995 4887 1029 4941 ut
1046 4887 1076 4943 te
1094 4878 1227 4942 vicissim
1246 4887 1277 4941 et
1300 4888 1382 4948 tuam
1405 4882 1584 4955 κακοηθιιαι
1608 4900 1662 4942 ex-
