<?xml version="1.0" encoding="UTF-8"?>
<!DOCTYPE html PUBLIC "-//W3C//DTD XHTML 1.0 Transitional//EN"
    "http://www.w3.org/TR/xhtml1/DTD/xhtml1-transitional.dtd">
<html xmlns="http://www.w3.org/1999/xhtml" xml:lang="en" lang="en">
 <head>
  <title>
</title>
<meta http-equiv="Content-Type" content="text/html;charset=utf-8" />
  <meta name='ocr-system' content='tesseract 3.04.00' />
  <meta name='ocr-capabilities' content='ocr_page ocr_carea ocr_par ocr_line ocrx_word'/>
</head>
<body>
  <div class='ocr_page' id='page_1' title='image "./joanniskepleria23frisgoog/joanniskepleria23frisgoog_0320.png"; bbox 0 0 3517 5525; ppageno 0'>
   <div class='ocr_carea' id='block_1_1' title="bbox 1172 447 2920 518">
    <p class='ocr_par' dir='ltr' id='par_1_1' title="bbox 1172 447 2920 518">
     <span class='ocr_line' id='line_1_1' title="bbox 1172 447 2920 518; baseline 0.002 -18"><span class='ocrx_word' id='word_1_1' title='bbox 1172 447 1292 500; x_wconf 77' lang='lat' dir='ltr'><strong>Pan</strong></span> <span class='ocrx_word' id='word_1_2' title='bbox 1328 449 1511 502; x_wconf 84' lang='lat' dir='ltr'><strong>Tertia.</strong></span> <span class='ocrx_word' id='word_1_3' title='bbox 1584 448 1744 515; x_wconf 82' lang='lat' dir='ltr'><strong>Caput</strong></span> <span class='ocrx_word' id='word_1_4' title='bbox 1777 448 1999 515; x_wconf 67' lang='lat' dir='ltr'><strong>xxxvl</strong></span> <span class='ocrx_word' id='word_1_5' title='bbox 2076 460 2084 465; x_wconf 91' lang='grc'><em>’</em></span> <span class='ocrx_word' id='word_1_6' title='bbox 2791 449 2920 518; x_wconf 82' lang='grc'><strong>309</strong></span> 
     </span>
    </p>
   </div>
   <div class='ocr_carea' id='block_1_2' title="bbox 1267 678 1911 782">
    <p class='ocr_par' dir='ltr' id='par_1_2' title="bbox 1267 678 1911 782">
     <span class='ocr_line' id='line_1_2' title="bbox 1267 678 1911 782; baseline -0.003 -26"><span class='ocrx_word' id='word_1_7' title='bbox 1267 680 1504 782; x_wconf 85' lang='lat' dir='ltr'><strong>Caput</strong></span> <span class='ocrx_word' id='word_1_8' title='bbox 1553 678 1911 756; x_wconf 89' lang='lat' dir='ltr'><strong>XXXVI.</strong></span> 
     </span>
    </p>
   </div>
   <div class='ocr_carea' id='block_1_3' title="bbox 250 834 2919 926">
    <p class='ocr_par' dir='ltr' id='par_1_3' title="bbox 250 834 2919 926">
     <span class='ocr_line' id='line_1_3' title="bbox 250 834 2919 926; baseline 0.001 -25"><span class='ocrx_word' id='word_1_9' title='bbox 250 834 400 914; x_wconf 75' lang='lat' dir='ltr'><strong>Qua</strong></span> <span class='ocrx_word' id='word_1_10' title='bbox 442 857 740 903; x_wconf 76' lang='lat' dir='ltr'><strong>mensura</strong></span> <span class='ocrx_word' id='word_1_11' title='bbox 779 840 979 903; x_wconf 68' lang='lat' dir='ltr'><strong>virtus</strong></span> <span class='ocrx_word' id='word_1_12' title='bbox 1019 859 1099 903; x_wconf 72' lang='lat' dir='ltr'><strong>ea·</strong></span> <span class='ocrx_word' id='word_1_13' title='bbox 1143 837 1293 904; x_wconf 82' lang='lat' dir='ltr'><strong>Sole</strong></span> <span class='ocrx_word' id='word_1_14' title='bbox 1335 842 1569 905; x_wconf 70' lang='lat' dir='ltr'><strong>mom‘x</strong></span> <span class='ocrx_word' id='word_1_15' title='bbox 1606 861 1724 925; x_wconf 76' lang='lat' dir='ltr'><strong>per</strong></span> <span class='ocrx_word' id='word_1_16' title='bbox 1766 841 1990 905; x_wconf 77' lang='lat' dir='ltr'><strong>mundi</strong></span> <span class='ocrx_word' id='word_1_17' title='bbox 2034 840 2512 926; x_wconf 75' lang='lat' dir='ltr'><strong>amplitudinem</strong></span> <span class='ocrx_word' id='word_1_18' title='bbox 2556 848 2919 907; x_wconf 66' lang='lat' dir='ltr'><strong>attenuetur.</strong></span> 
     </span>
    </p>
   </div>
   <div class='ocr_carea' id='block_1_4' title="bbox 243 977 2934 1953">
    <p class='ocr_par' dir='ltr' id='par_1_4' title="bbox 244 977 2925 1330">
     <span class='ocr_line' id='line_1_4' title="bbox 410 977 2921 1067; baseline 0.002 -26"><span class='ocrx_word' id='word_1_19' title='bbox 410 977 714 1061; x_wconf 79' lang='lat' dir='ltr'><strong>Sequitur</strong></span> <span class='ocrx_word' id='word_1_20' title='bbox 734 982 928 1067; x_wconf 83' lang='lat' dir='ltr'><strong>altera</strong></span> <span class='ocrx_word' id='word_1_21' title='bbox 943 982 1038 1063; x_wconf 92' lang='lat' dir='ltr'><strong>obj</strong></span> <span class='ocrx_word' id='word_1_22' title='bbox 1047 982 1200 1044; x_wconf 90' lang='lat' dir='ltr'><strong>ectio</strong></span> <span class='ocrx_word' id='word_1_23' title='bbox 1219 983 1397 1063; x_wconf 88' lang='lat' dir='ltr'><strong>paulo</strong></span> <span class='ocrx_word' id='word_1_24' title='bbox 1416 981 1721 1057; x_wconf 87' lang='lat' dir='ltr'><strong>difficilior,</strong></span> <span class='ocrx_word' id='word_1_25' title='bbox 1741 991 1877 1045; x_wconf 89' lang='lat' dir='ltr'><strong>orta</strong></span> <span class='ocrx_word' id='word_1_26' title='bbox 1896 1003 1969 1046; x_wconf 83' lang='lat' dir='ltr'><strong>ex</strong></span> <span class='ocrx_word' id='word_1_27' title='bbox 1988 1003 2079 1060; x_wconf 91' lang='lat' dir='ltr'><strong>eo,</strong></span> <span class='ocrx_word' id='word_1_28' title='bbox 2095 985 2259 1064; x_wconf 58' lang='lat' dir='ltr'><strong>*quod</strong></span> <span class='ocrx_word' id='word_1_29' title='bbox 2278 1004 2457 1066; x_wconf 90' lang='lat' dir='ltr'><strong>supra</strong></span> <span class='ocrx_word' id='word_1_30' title='bbox 2472 1001 2603 1063; x_wconf 90' lang='lat' dir='ltr'><strong>cap.</strong></span> <span class='ocrx_word' id='word_1_31' title='bbox 2619 983 2921 1047; x_wconf 91' lang='lat' dir='ltr'><strong>XXXIII.</strong></span> 
     </span>
     <span class='ocr_line' id='line_1_5' title="bbox 244 1067 2925 1154; baseline 0.001 -25"><span class='ocrx_word' id='word_1_32' title='bbox 244 1067 380 1129; x_wconf 86' lang='lat' dir='ltr'><strong>loco</strong></span> <span class='ocrx_word' id='word_1_33' title='bbox 428 1069 692 1132; x_wconf 87' lang='lat' dir='ltr'><strong>secundo</strong></span> <span class='ocrx_word' id='word_1_34' title='bbox 740 1070 853 1134; x_wconf 83' lang='lat' dir='ltr'><strong>fnit</strong></span> <span class='ocrx_word' id='word_1_35' title='bbox 899 1072 1235 1152; x_wconf 88' lang='lat' dir='ltr'><strong>oppositum</strong></span> <span class='ocrx_word' id='word_1_36' title='bbox 1282 1070 1625 1152; x_wconf 83' lang='lat' dir='ltr'>cognationi</span> <span class='ocrx_word' id='word_1_37' title='bbox 1670 1072 1819 1134; x_wconf 90' lang='lat' dir='ltr'><strong>lucis</strong></span> <span class='ocrx_word' id='word_1_38' title='bbox 1867 1081 1930 1137; x_wconf 90' lang='lat' dir='ltr'><strong>et</strong></span> <span class='ocrx_word' id='word_1_39' title='bbox 1973 1074 2214 1136; x_wconf 82' lang='lat' dir='ltr'><strong>virtutis</strong></span> <span class='ocrx_word' id='word_1_40' title='bbox 2259 1072 2555 1147; x_wconf 82' lang='lat' dir='ltr'><strong>metricis,</strong></span> <span class='ocrx_word' id='word_1_41' title='bbox 2619 1073 2729 1135; x_wconf 91' lang='lat' dir='ltr'><strong>sed</strong></span> <span class='ocrx_word' id='word_1_42' title='bbox 2772 1091 2925 1154; x_wconf 87' lang='lat' dir='ltr'><strong>quae</strong></span> 
     </span>
     <span class='ocr_line' id='line_1_6' title="bbox 245 1160 2925 1244; baseline 0.002 -26"><span class='ocrx_word' id='word_1_43' title='bbox 245 1175 381 1219; x_wconf 86' lang='lat' dir='ltr'><strong>cum</strong></span> <span class='ocrx_word' id='word_1_44' title='bbox 430 1167 644 1221; x_wconf 84' lang='lat' dir='ltr'><strong>nostra</strong></span> <span class='ocrx_word' id='word_1_45' title='bbox 687 1160 908 1240; x_wconf 89' lang='lat' dir='ltr'><strong>speciei</strong></span> <span class='ocrx_word' id='word_1_46' title='bbox 970 1161 1408 1224; x_wconf 87' lang='lat' dir='ltr'><strong>immateriatae</strong></span> <span class='ocrx_word' id='word_1_47' title='bbox 1455 1161 1956 1241; x_wconf 80' lang='lat' dir='ltr'><strong>contemplatione</strong></span> <span class='ocrx_word' id='word_1_48' title='bbox 2012 1181 2275 1244; x_wconf 89' lang='lat' dir='ltr'><strong>pugnare</strong></span> <span class='ocrx_word' id='word_1_49' title='bbox 2330 1163 2565 1225; x_wconf 87' lang='lat' dir='ltr'><strong>videtur</strong></span> <span class='ocrx_word' id='word_1_50' title='bbox 2616 1162 2925 1238; x_wconf 78' lang='lat' dir='ltr'><strong>infensiuS,</strong></span> 
     </span>
     <span class='ocr_line' id='line_1_7' title="bbox 244 1249 1824 1330; baseline 0.001 -22"><span class='ocrx_word' id='word_1_51' title='bbox 244 1264 518 1328; x_wconf 86' lang='lat' dir='ltr'><strong>quaeque</strong></span> <span class='ocrx_word' id='word_1_52' title='bbox 563 1267 658 1310; x_wconf 91' lang='lat' dir='ltr'><strong>me</strong></span> <span class='ocrx_word' id='word_1_53' title='bbox 705 1250 804 1312; x_wconf 92' lang='lat' dir='ltr'><strong>diu</strong></span> <span class='ocrx_word' id='word_1_54' title='bbox 851 1249 1135 1330; x_wconf 79' lang='lat' dir='ltr'><strong>fatigavit</strong></span> <span class='ocrx_word' id='word_1_55' title='bbox 1178 1249 1589 1329; x_wconf 87' lang='lat' dir='ltr'><strong>improvidum.</strong></span> <span class='ocrx_word' id='word_1_56' title='bbox 1819 1303 1824 1309; x_wconf 79' lang='lat'><strong>.</strong></span> 
     </span>
    </p>

    <p class='ocr_par' dir='ltr' id='par_1_5' title="bbox 243 1336 2934 1953">
     <span class='ocr_line' id='line_1_8' title="bbox 431 1336 2928 1419; baseline 0.001 -21"><span class='ocrx_word' id='word_1_57' title='bbox 431 1336 927 1402; x_wconf 88' lang='lat' dir='ltr'><strong>Demonstratnm</strong></span> <span class='ocrx_word' id='word_1_58' title='bbox 954 1345 1051 1401; x_wconf 89' lang='lat' dir='ltr'><strong>est</strong></span> <span class='ocrx_word' id='word_1_59' title='bbox 1078 1357 1208 1419; x_wconf 87' lang='lat' dir='ltr'><strong>cap.</strong></span> <span class='ocrx_word' id='word_1_60' title='bbox 1246 1339 1514 1413; x_wconf 84' lang='lat' dir='ltr'><strong>XXXII,</strong></span> <span class='ocrx_word' id='word_1_61' title='bbox 1544 1338 1922 1419; x_wconf 87' lang='lat' dir='ltr'><strong>planetarum</strong></span> <span class='ocrx_word' id='word_1_62' title='bbox 1969 1346 2163 1402; x_wconf 91' lang='lat' dir='ltr'><strong>motus</strong></span> <span class='ocrx_word' id='word_1_63' title='bbox 2191 1339 2584 1404; x_wconf 78' lang='lat' dir='ltr'><strong>intensionem</strong></span> <span class='ocrx_word' id='word_1_64' title='bbox 2614 1345 2678 1400; x_wconf 90' lang='lat' dir='ltr'><strong>et</strong></span> <span class='ocrx_word' id='word_1_65' title='bbox 2711 1339 2928 1401; x_wconf 90' lang='lat' dir='ltr'><strong>remis-</strong></span> 
     </span>
     <span class='ocr_line' id='line_1_9' title="bbox 243 1423 2931 1508; baseline 0.002 -23"><span class='ocrx_word' id='word_1_66' title='bbox 243 1423 482 1487; x_wconf 80' lang='lat' dir='ltr'><strong>sionem</strong></span> <span class='ocrx_word' id='word_1_67' title='bbox 527 1428 693 1507; x_wconf 85' lang='lat' dir='ltr'><strong>sequi</strong></span> <span class='ocrx_word' id='word_1_68' title='bbox 752 1429 1198 1508; x_wconf 86' lang='lat' dir='ltr'><strong>proportionem</strong></span> <span class='ocrx_word' id='word_1_69' title='bbox 1249 1427 1670 1491; x_wconf 84' lang='lat' dir='ltr'><strong>distantiarum</strong></span> <span class='ocrx_word' id='word_1_70' title='bbox 1732 1427 2078 1508; x_wconf 81' lang='lat' dir='ltr'><strong>simplicem.</strong></span> <span class='ocrx_word' id='word_1_71' title='bbox 2170 1429 2260 1491; x_wconf 90' lang='lat' dir='ltr'><strong>At</strong></span> <span class='ocrx_word' id='word_1_72' title='bbox 2316 1428 2551 1492; x_wconf 84' lang='lat' dir='ltr'><strong>videtur</strong></span> <span class='ocrx_word' id='word_1_73' title='bbox 2609 1429 2798 1490; x_wconf 89' lang='lat' dir='ltr'><strong>virtus</strong></span> <span class='ocrx_word' id='word_1_74' title='bbox 2856 1447 2931 1490; x_wconf 83' lang='lat' dir='ltr'><strong>ex</strong></span> 
     </span>
     <span class='ocr_line' id='line_1_10' title="bbox 243 1511 2929 1599; baseline 0.001 -24"><span class='ocrx_word' id='word_1_75' title='bbox 243 1511 393 1576; x_wconf 91' lang='lat' dir='ltr'><strong>Sole</strong></span> <span class='ocrx_word' id='word_1_76' title='bbox 440 1533 726 1578; x_wconf 83' lang='lat' dir='ltr'><strong>emanans</strong></span> <span class='ocrx_word' id='word_1_77' title='bbox 769 1516 999 1579; x_wconf 87' lang='lat' dir='ltr'><strong>intendi</strong></span> <span class='ocrx_word' id='word_1_78' title='bbox 1045 1526 1109 1579; x_wconf 89' lang='lat' dir='ltr'><strong>et</strong></span> <span class='ocrx_word' id='word_1_79' title='bbox 1155 1518 1382 1580; x_wconf 88' lang='lat' dir='ltr'><strong>remitti</strong></span> <span class='ocrx_word' id='word_1_80' title='bbox 1427 1518 1644 1580; x_wconf 84' lang='lat' dir='ltr'><strong>debere</strong></span> <span class='ocrx_word' id='word_1_81' title='bbox 1689 1515 1747 1579; x_wconf 93' lang='lat' dir='ltr'><strong>in</strong></span> <span class='ocrx_word' id='word_1_82' title='bbox 1809 1518 2190 1597; x_wconf 84' lang='lat' dir='ltr'><strong>proportione</strong></span> <span class='ocrx_word' id='word_1_83' title='bbox 2239 1517 2543 1598; x_wconf 87' lang='lat' dir='ltr'><strong>duplicata</strong></span> <span class='ocrx_word' id='word_1_84' title='bbox 2586 1516 2682 1578; x_wconf 88' lang='lat' dir='ltr'><strong>vel</strong></span> <span class='ocrx_word' id='word_1_85' title='bbox 2730 1517 2929 1599; x_wconf 91' lang='lat' dir='ltr'><strong>tripli-</strong></span> 
     </span>
     <span class='ocr_line' id='line_1_11' title="bbox 246 1603 2929 1686; baseline 0.001 -22"><span class='ocrx_word' id='word_1_86' title='bbox 246 1610 391 1665; x_wconf 86' lang='lat' dir='ltr'><strong>cata</strong></span> <span class='ocrx_word' id='word_1_87' title='bbox 427 1603 850 1668; x_wconf 83' lang='lat' dir='ltr'><strong>distantiarum</strong></span> <span class='ocrx_word' id='word_1_88' title='bbox 898 1625 1004 1669; x_wconf 91' lang='lat' dir='ltr'><strong>seu</strong></span> <span class='ocrx_word' id='word_1_89' title='bbox 1050 1606 1337 1670; x_wconf 87' lang='lat' dir='ltr'><strong>linearum</strong></span> <span class='ocrx_word' id='word_1_90' title='bbox 1396 1609 1671 1671; x_wconf 80' lang='lat' dir='ltr'><strong>effluxus.</strong></span> <span class='ocrx_word' id='word_1_91' title='bbox 1762 1605 1925 1686; x_wconf 86' lang='lat' dir='ltr'><strong>Ergo</strong></span> <span class='ocrx_word' id='word_1_92' title='bbox 1986 1605 2242 1671; x_wconf 86' lang='lat' dir='ltr'><strong>intensio</strong></span> <span class='ocrx_word' id='word_1_93' title='bbox 2291 1615 2353 1672; x_wconf 92' lang='lat' dir='ltr'><strong>et</strong></span> <span class='ocrx_word' id='word_1_94' title='bbox 2406 1606 2679 1670; x_wconf 86' lang='lat' dir='ltr'><strong>remissio</strong></span> <span class='ocrx_word' id='word_1_95' title='bbox 2734 1614 2929 1670; x_wconf 90' lang='lat' dir='ltr'><strong>motus</strong></span> 
     </span>
     <span class='ocr_line' id='line_1_12' title="bbox 243 1693 2934 1773; baseline 0.002 -20"><span class='ocrx_word' id='word_1_96' title='bbox 243 1693 625 1773; x_wconf 85' lang='lat' dir='ltr'><strong>planetarum</strong></span> <span class='ocrx_word' id='word_1_97' title='bbox 673 1714 788 1761; x_wconf 90' lang='lat' dir='ltr'><strong>non</strong></span> <span class='ocrx_word' id='word_1_98' title='bbox 837 1694 952 1758; x_wconf 88' lang='lat' dir='ltr'><strong>erit</strong></span> <span class='ocrx_word' id='word_1_99' title='bbox 1007 1715 1080 1760; x_wconf 84' lang='lat' dir='ltr'><strong>ex</strong></span> <span class='ocrx_word' id='word_1_100' title='bbox 1141 1695 1553 1759; x_wconf 80' lang='lat' dir='ltr'><strong>attenuatione</strong></span> <span class='ocrx_word' id='word_1_101' title='bbox 1613 1695 1857 1758; x_wconf 86' lang='lat' dir='ltr'><strong>virtutis</strong></span> <span class='ocrx_word' id='word_1_102' title='bbox 1914 1714 1989 1760; x_wconf 84' lang='lat' dir='ltr'><strong>ex</strong></span> <span class='ocrx_word' id='word_1_103' title='bbox 2034 1695 2178 1759; x_wconf 92' lang='lat' dir='ltr'><strong>Sole</strong></span> <span class='ocrx_word' id='word_1_104' title='bbox 2234 1696 2588 1763; x_wconf 87' lang='lat' dir='ltr'><strong>emanantis.</strong></span> <span class='ocrx_word' id='word_1_105' title='bbox 2681 1695 2934 1758; x_wconf 90' lang='lat' dir='ltr'><strong>Probari</strong></span> 
     </span>
     <span class='ocr_line' id='line_1_13' title="bbox 244 1780 2932 1866; baseline 0.001 -24"><span class='ocrx_word' id='word_1_106' title='bbox 244 1780 488 1846; x_wconf 83' lang='lat' dir='ltr'><strong>videtur</strong></span> <span class='ocrx_word' id='word_1_107' title='bbox 536 1803 904 1865; x_wconf 86' lang='lat' dir='ltr'><strong>consequens</strong></span> <span class='ocrx_word' id='word_1_108' title='bbox 953 1784 1012 1845; x_wconf 89' lang='lat' dir='ltr'><strong>in</strong></span> <span class='ocrx_word' id='word_1_109' title='bbox 1058 1785 1213 1848; x_wconf 87' lang='lat' dir='ltr'><strong>hunc</strong></span> <span class='ocrx_word' id='word_1_110' title='bbox 1258 1784 1514 1860; x_wconf 88' lang='lat' dir='ltr'><strong>modurn,</strong></span> <span class='ocrx_word' id='word_1_111' title='bbox 1562 1792 1688 1848; x_wconf 92' lang='lat' dir='ltr'><strong>tam</strong></span> <span class='ocrx_word' id='word_1_112' title='bbox 1735 1784 1808 1846; x_wconf 92' lang='lat' dir='ltr'><strong>de</strong></span> <span class='ocrx_word' id='word_1_113' title='bbox 1857 1785 1986 1847; x_wconf 90' lang='lat' dir='ltr'><strong>luce</strong></span> <span class='ocrx_word' id='word_1_114' title='bbox 2034 1803 2208 1866; x_wconf 89' lang='lat' dir='ltr'><strong>quam</strong></span> <span class='ocrx_word' id='word_1_115' title='bbox 2238 1785 2311 1848; x_wconf 91' lang='lat' dir='ltr'><strong>de</strong></span> <span class='ocrx_word' id='word_1_116' title='bbox 2356 1786 2578 1847; x_wconf 86' lang='lat' dir='ltr'><strong>virtute</strong></span> <span class='ocrx_word' id='word_1_117' title='bbox 2624 1792 2899 1846; x_wconf 88' lang='lat' dir='ltr'><strong>movente</strong></span> <span class='ocrx_word' id='word_1_118' title='bbox 2910 1802 2932 1860; x_wconf 83' lang='lat'><em>3</em></span> 
     </span>
     <span class='ocr_line' id='line_1_14' title="bbox 246 1871 2930 1953; baseline 0.001 -21"><span class='ocrx_word' id='word_1_119' title='bbox 246 1871 357 1933; x_wconf 84' lang='lat' dir='ltr'><strong>sed</strong></span> <span class='ocrx_word' id='word_1_120' title='bbox 385 1871 462 1934; x_wconf 90' lang='lat' dir='ltr'><strong>de</strong></span> <span class='ocrx_word' id='word_1_121' title='bbox 512 1874 644 1936; x_wconf 90' lang='lat' dir='ltr'><strong>luce</strong></span> <span class='ocrx_word' id='word_1_122' title='bbox 691 1892 998 1937; x_wconf 82' lang='lat' dir='ltr'><strong>sermones</strong></span> <span class='ocrx_word' id='word_1_123' title='bbox 1043 1883 1184 1935; x_wconf 91' lang='lat' dir='ltr'><strong>sunt</strong></span> <span class='ocrx_word' id='word_1_124' title='bbox 1215 1874 1516 1937; x_wconf 88' lang='lat' dir='ltr'><strong>clariores.</strong></span> <span class='ocrx_word' id='word_1_125' title='bbox 1593 1874 1817 1936; x_wconf 86' lang='lat' dir='ltr'><strong>Lector</strong></span> <span class='ocrx_word' id='word_1_126' title='bbox 1845 1872 2124 1936; x_wconf 84' lang='lat' dir='ltr'><strong>virtutem</strong></span> <span class='ocrx_word' id='word_1_127' title='bbox 2153 1874 2459 1936; x_wconf 89' lang='lat' dir='ltr'><strong>motricem</strong></span> <span class='ocrx_word' id='word_1_128' title='bbox 2498 1873 2930 1953; x_wconf 85' lang='lat' dir='ltr'><strong>subintelligat.</strong></span> 
     </span>
    </p>
   </div>
   <div class='ocr_carea' id='block_1_5' title="bbox 247 1958 3062 2044">
    <p class='ocr_par' dir='ltr' id='par_1_6' title="bbox 247 1958 3062 2044">
     <span class='ocr_line' id='line_1_15' title="bbox 247 1958 3062 2044; baseline 0 -20"><span class='ocrx_word' id='word_1_129' title='bbox 247 1958 350 2022; x_wconf 83' lang='lat' dir='ltr'><strong>Sit</strong></span> <span class='ocrx_word' id='word_1_130' title='bbox 414 1960 586 2025; x_wconf 88' lang='lat' dir='ltr'><strong>initio</strong></span> <span class='ocrx_word' id='word_1_131' title='bbox 652 1970 935 2042; x_wconf 88' lang='lat' dir='ltr'><strong>punctum</strong></span> <span class='ocrx_word' id='word_1_132' title='bbox 982 1962 1220 2044; x_wconf 87' lang='lat' dir='ltr'><strong>aliquod</strong></span> <span class='ocrx_word' id='word_1_133' title='bbox 1283 1986 1322 2025; x_wconf 84' lang='grc' dir='ltr'><strong>α</strong></span> <span class='ocrx_word' id='word_1_134' title='bbox 1368 1968 1499 2037; x_wconf 78' lang='lat' dir='ltr'><strong>(Fig.</strong></span> <span class='ocrx_word' id='word_1_135' title='bbox 1539 1966 1654 2032; x_wconf 77' lang='grc'>88.)</span> <span class='ocrx_word' id='word_1_136' title='bbox 1711 1962 1785 2023; x_wconf 90' lang='lat' dir='ltr'><strong>de</strong></span> <span class='ocrx_word' id='word_1_137' title='bbox 1831 1980 2076 2042; x_wconf 87' lang='lat' dir='ltr'><strong>corpore</strong></span> <span class='ocrx_word' id='word_1_138' title='bbox 2125 1961 2317 2025; x_wconf 88' lang='lat' dir='ltr'><strong>Solis:</strong></span> <span class='ocrx_word' id='word_1_139' title='bbox 2382 1962 2445 2024; x_wconf 90' lang='lat' dir='ltr'><strong>id</strong></span> <span class='ocrx_word' id='word_1_140' title='bbox 2499 1980 2654 2040; x_wconf 67' lang='lat' dir='ltr'><strong>ergo,</strong></span> <span class='ocrx_word' id='word_1_141' title='bbox 2687 1969 2935 2043; x_wconf 85' lang='lat' dir='ltr'><strong>sparget</strong></span> <span class='ocrx_word' id='word_1_142' title='bbox 3053 1972 3062 1979; x_wconf 83' lang='lat'><em>&#39;</em></span> 
     </span>
    </p>
   </div>
   <div class='ocr_carea' id='block_1_6' title="bbox 210 2049 2933 5071">
    <p class='ocr_par' dir='ltr' id='par_1_7' title="bbox 247 2049 2933 2398">
     <span class='ocr_line' id='line_1_16' title="bbox 247 2049 2930 2132; baseline 0.001 -21"><span class='ocrx_word' id='word_1_143' title='bbox 247 2049 454 2112; x_wconf 90' lang='lat' dir='ltr'><strong>radios</strong></span> <span class='ocrx_word' id='word_1_144' title='bbox 500 2051 561 2113; x_wconf 90' lang='lat' dir='ltr'><strong>in</strong></span> <span class='ocrx_word' id='word_1_145' title='bbox 591 2052 796 2114; x_wconf 89' lang='lat' dir='ltr'><strong>orbem</strong></span> <span class='ocrx_word' id='word_1_146' title='bbox 824 2070 1091 2114; x_wconf 88' lang='lat' dir='ltr'><strong>omnem:</strong></span> <span class='ocrx_word' id='word_1_147' title='bbox 1141 2060 1202 2114; x_wconf 92' lang='lat' dir='ltr'><strong>et</strong></span> <span class='ocrx_word' id='word_1_148' title='bbox 1237 2070 1343 2132; x_wconf 88' lang='lat' dir='ltr'><strong>per</strong></span> <span class='ocrx_word' id='word_1_149' title='bbox 1373 2052 1787 2113; x_wconf 87' lang='lat' dir='ltr'><strong>demonstrata</strong></span> <span class='ocrx_word' id='word_1_150' title='bbox 1829 2051 1890 2112; x_wconf 91' lang='lat' dir='ltr'><strong>in</strong></span> <span class='ocrx_word' id='word_1_151' title='bbox 1919 2049 2157 2132; x_wconf 88' lang='lat' dir='ltr'><strong>Opticis</strong></span> <span class='ocrx_word' id='word_1_152' title='bbox 2202 2061 2271 2115; x_wconf 90' lang='lat' dir='ltr'><strong>ut</strong></span> <span class='ocrx_word' id='word_1_153' title='bbox 2315 2071 2450 2114; x_wconf 90' lang='lat' dir='ltr'><strong>sese</strong></span> <span class='ocrx_word' id='word_1_154' title='bbox 2495 2051 2678 2113; x_wconf 88' lang='lat' dir='ltr'><strong>habet</strong></span> <span class='ocrx_word' id='word_1_155' title='bbox 2710 2051 2930 2132; x_wconf 87' lang='lat' dir='ltr'><strong>ampli-</strong></span> 
     </span>
     <span class='ocr_line' id='line_1_17' title="bbox 248 2138 2933 2222; baseline 0 -22"><span class='ocrx_word' id='word_1_156' title='bbox 248 2139 393 2201; x_wconf 85' lang='lat' dir='ltr'><strong>tudo</strong></span> <span class='ocrx_word' id='word_1_157' title='bbox 441 2141 792 2221; x_wconf 86' lang='lat' dir='ltr'><strong>sphaericae</strong></span> <span class='ocrx_word' id='word_1_158' title='bbox 827 2139 1152 2220; x_wconf 85' lang='lat' dir='ltr'><strong>superficiei</strong></span> <span class='ocrx_word' id='word_1_159' title='bbox 1197 2163 1228 2221; x_wconf 78' lang='lat' dir='ltr'><em>y</em></span> <span class='ocrx_word' id='word_1_160' title='bbox 1273 2140 1592 2221; x_wconf 87' lang='lat' dir='ltr'><strong>amplioris,</strong></span> <span class='ocrx_word' id='word_1_161' title='bbox 1641 2138 1844 2202; x_wconf 87' lang='lat' dir='ltr'><strong>radios</strong></span> <span class='ocrx_word' id='word_1_162' title='bbox 1894 2141 2074 2203; x_wconf 88' lang='lat' dir='ltr'><strong>hosce</strong></span> <span class='ocrx_word' id='word_1_163' title='bbox 2119 2152 2227 2222; x_wconf 82' lang='lat' dir='ltr'><strong>per</strong></span> <span class='ocrx_word' id='word_1_164' title='bbox 2269 2140 2757 2221; x_wconf 87' lang='lat' dir='ltr'><strong>imaginationem</strong></span> <span class='ocrx_word' id='word_1_165' title='bbox 2803 2150 2933 2202; x_wconf 90' lang='lat' dir='ltr'><strong>ter-</strong></span> 
     </span>
     <span class='ocr_line' id='line_1_18' title="bbox 248 2228 2933 2310; baseline 0.001 -21"><span class='ocrx_word' id='word_1_166' title='bbox 248 2229 567 2306; x_wconf 89' lang='lat' dir='ltr'><strong>minantis,</strong></span> <span class='ocrx_word' id='word_1_167' title='bbox 615 2231 692 2293; x_wconf 84' lang='lat' dir='ltr'><strong>ad</strong></span> <span class='ocrx_word' id='word_1_168' title='bbox 738 2230 778 2308; x_wconf 83' lang='grc' dir='ltr'>β</span> <span class='ocrx_word' id='word_1_169' title='bbox 823 2230 1257 2309; x_wconf 88' lang='lat' dir='ltr'><strong>angustiorem,</strong></span> <span class='ocrx_word' id='word_1_170' title='bbox 1304 2229 1391 2292; x_wconf 90' lang='lat' dir='ltr'><strong>sic</strong></span> <span class='ocrx_word' id='word_1_171' title='bbox 1437 2248 1502 2291; x_wconf 90' lang='lat' dir='ltr'><strong>se</strong></span> <span class='ocrx_word' id='word_1_172' title='bbox 1548 2228 1795 2294; x_wconf 82' lang='lat' dir='ltr'><strong>habebit</strong></span> <span class='ocrx_word' id='word_1_173' title='bbox 1842 2229 2110 2292; x_wconf 84' lang='lat' dir='ltr'><strong>densitas</strong></span> <span class='ocrx_word' id='word_1_174' title='bbox 2158 2229 2305 2295; x_wconf 90' lang='lat' dir='ltr'><strong>lucis</strong></span> <span class='ocrx_word' id='word_1_175' title='bbox 2363 2231 2423 2292; x_wconf 92' lang='lat' dir='ltr'><strong>in</strong></span> <span class='ocrx_word' id='word_1_176' title='bbox 2470 2228 2611 2292; x_wconf 91' lang='lat' dir='ltr'><strong>orbe</strong></span> <span class='ocrx_word' id='word_1_177' title='bbox 2656 2230 2696 2308; x_wconf 83' lang='grc' dir='ltr'>β</span> <span class='ocrx_word' id='word_1_178' title='bbox 2740 2248 2933 2310; x_wconf 86' lang='lat' dir='ltr'><strong>angu-</strong></span> 
     </span>
     <span class='ocr_line' id='line_1_19' title="bbox 251 2317 1808 2398; baseline 0.001 -19"><span class='ocrx_word' id='word_1_179' title='bbox 251 2317 435 2382; x_wconf 87' lang='lat' dir='ltr'><strong>stiore</strong></span> <span class='ocrx_word' id='word_1_180' title='bbox 485 2319 563 2381; x_wconf 86' lang='lat' dir='ltr'><strong>ad</strong></span> <span class='ocrx_word' id='word_1_181' title='bbox 610 2318 970 2380; x_wconf 83' lang='lat' dir='ltr'><strong>densitatem</strong></span> <span class='ocrx_word' id='word_1_182' title='bbox 1020 2318 1284 2398; x_wconf 84' lang='lat' dir='ltr'><strong>ejusdem</strong></span> <span class='ocrx_word' id='word_1_183' title='bbox 1328 2318 1385 2380; x_wconf 92' lang='lat' dir='ltr'><strong>in</strong></span> <span class='ocrx_word' id='word_1_184' title='bbox 1432 2341 1462 2398; x_wconf 85' lang='lat' dir='ltr'><em>y</em></span> <span class='ocrx_word' id='word_1_185' title='bbox 1505 2317 1808 2397; x_wconf 87' lang='lat' dir='ltr'><strong>ampliore.</strong></span> 
     </span>
    </p>

    <p class='ocr_par' dir='ltr' id='par_1_8' title="bbox 210 2403 2885 3472">
     <span class='ocr_line' id='line_1_20' title="bbox 427 2403 2885 2489; baseline 0.001 -18"><span class='ocrx_word' id='word_1_186' title='bbox 427 2407 527 2471; x_wconf 89' lang='lat' dir='ltr'><strong>Sit</strong></span> <span class='ocrx_word' id='word_1_187' title='bbox 561 2408 775 2469; x_wconf 83' lang='lat' dir='ltr'><strong>deinde</strong></span> <span class='ocrx_word' id='word_1_188' title='bbox 815 2406 1074 2470; x_wconf 88' lang='lat' dir='ltr'><strong>circulus</strong></span> <span class='ocrx_word' id='word_1_189' title='bbox 1105 2408 1321 2489; x_wconf 90' lang='lat' dir='ltr'><strong>aliquis</strong></span> <span class='ocrx_word' id='word_1_190' title='bbox 1347 2406 1645 2470; x_wconf 86' lang='lat' dir='ltr'><strong>maximus</strong></span> <span class='ocrx_word' id='word_1_191' title='bbox 1675 2412 1746 2468; x_wconf 74' lang='grc' dir='ltr'><strong>δα</strong></span> <span class='ocrx_word' id='word_1_192' title='bbox 1792 2405 1854 2469; x_wconf 93' lang='lat' dir='ltr'><strong>in</strong></span> <span class='ocrx_word' id='word_1_193' title='bbox 1882 2426 2128 2488; x_wconf 87' lang='lat' dir='ltr'><strong>corpore</strong></span> <span class='ocrx_word' id='word_1_194' title='bbox 2156 2408 2317 2472; x_wconf 87' lang='lat' dir='ltr'><strong>Solis</strong></span> <span class='ocrx_word' id='word_1_195' title='bbox 2354 2409 2606 2473; x_wconf 90' lang='lat' dir='ltr'><strong>lucidus.</strong></span> <span class='ocrx_word' id='word_1_196' title='bbox 2654 2407 2764 2473; x_wconf 78' lang='lat' dir='ltr'><strong>Fig.</strong></span> <span class='ocrx_word' id='word_1_197' title='bbox 2800 2403 2885 2462; x_wconf 75' lang='lat'><strong>8⁸·</strong></span> 
     </span>
     <span class='ocr_line' id='line_1_21' title="bbox 250 2494 2614 2580; baseline 0.002 -23"><span class='ocrx_word' id='word_1_198' title='bbox 250 2494 400 2578; x_wconf 85' lang='lat' dir='ltr'><strong>Ejus</strong></span> <span class='ocrx_word' id='word_1_199' title='bbox 450 2514 594 2578; x_wconf 86' lang='lat' dir='ltr'><strong>ergo</strong></span> <span class='ocrx_word' id='word_1_200' title='bbox 641 2495 879 2576; x_wconf 87' lang='lat' dir='ltr'><strong>singula</strong></span> <span class='ocrx_word' id='word_1_201' title='bbox 920 2504 1159 2577; x_wconf 88' lang='lat' dir='ltr'><strong>puncta,</strong></span> <span class='ocrx_word' id='word_1_202' title='bbox 1207 2515 1451 2578; x_wconf 90' lang='lat' dir='ltr'><strong>quorum</strong></span> <span class='ocrx_word' id='word_1_203' title='bbox 1496 2501 1636 2557; x_wconf 91' lang='lat' dir='ltr'><strong>sunt</strong></span> <span class='ocrx_word' id='word_1_204' title='bbox 1679 2495 1940 2572; x_wconf 89' lang='lat' dir='ltr'><strong>infinita,</strong></span> <span class='ocrx_word' id='word_1_205' title='bbox 1987 2504 2276 2578; x_wconf 84' lang='lat' dir='ltr'><strong>spargent</strong></span> <span class='ocrx_word' id='word_1_206' title='bbox 2318 2498 2433 2561; x_wconf 91' lang='lat' dir='ltr'><strong>hac</strong></span> <span class='ocrx_word' id='word_1_207' title='bbox 2477 2501 2614 2580; x_wconf 84' lang='lat' dir='ltr'><strong>ipsa</strong></span> 
     </span>
     <span class='ocr_line' id='line_1_22' title="bbox 210 2584 2614 2667; baseline -0.002 -13"><span class='ocrx_word' id='word_1_208' title='bbox 210 2645 224 2654; x_wconf 78' lang='grc'><strong><em>,</em></strong></span> <span class='ocrx_word' id='word_1_209' title='bbox 254 2585 636 2667; x_wconf 87' lang='lat' dir='ltr'><strong>proportione</strong></span> <span class='ocrx_word' id='word_1_210' title='bbox 681 2586 886 2648; x_wconf 88' lang='lat' dir='ltr'><strong>radios</strong></span> <span class='ocrx_word' id='word_1_211' title='bbox 930 2585 991 2648; x_wconf 91' lang='lat' dir='ltr'><strong>in</strong></span> <span class='ocrx_word' id='word_1_212' title='bbox 1039 2586 1275 2666; x_wconf 85' lang='lat' dir='ltr'><strong>singula</strong></span> <span class='ocrx_word' id='word_1_213' title='bbox 1316 2584 1754 2666; x_wconf 87' lang='lat' dir='ltr'><strong>hemisphaeria</strong></span> <span class='ocrx_word' id='word_1_214' title='bbox 1782 2585 1822 2663; x_wconf 83' lang='grc' dir='ltr'>β</span> <span class='ocrx_word' id='word_1_215' title='bbox 1866 2592 1929 2647; x_wconf 88' lang='lat' dir='ltr'><strong>et</strong></span> <span class='ocrx_word' id='word_1_216' title='bbox 1955 2609 2003 2666; x_wconf 86' lang='lat' dir='ltr'><strong>y.</strong></span> <span class='ocrx_word' id='word_1_217' title='bbox 2074 2587 2170 2649; x_wconf 90' lang='lat' dir='ltr'><strong>Ac</strong></span> <span class='ocrx_word' id='word_1_218' title='bbox 2214 2594 2282 2650; x_wconf 98' lang='grc' dir='ltr'><strong>ιιι</strong></span> <span class='ocrx_word' id='word_1_219' title='bbox 2321 2607 2385 2650; x_wconf 93' lang='lat' dir='ltr'><strong>se</strong></span> <span class='ocrx_word' id='word_1_220' title='bbox 2431 2588 2614 2651; x_wconf 88' lang='lat' dir='ltr'><strong>habet</strong></span> 
     </span>
     <span class='ocr_line' id='line_1_23' title="bbox 255 2666 2612 2758; baseline 0.002 -22"><span class='ocrx_word' id='word_1_221' title='bbox 255 2675 549 2739; x_wconf 89' lang='lat' dir='ltr'><strong>distantia</strong></span> <span class='ocrx_word' id='word_1_222' title='bbox 591 2676 666 2737; x_wconf 87' lang='lat' dir='ltr'><strong>ab</strong></span> <span class='ocrx_word' id='word_1_223' title='bbox 712 2666 1050 2755; x_wconf 65' lang='lat' dir='ltr'><strong>hujusmodi</strong></span> <span class='ocrx_word' id='word_1_224' title='bbox 1094 2675 1255 2738; x_wconf 91' lang='lat' dir='ltr'><strong>linea</strong></span> <span class='ocrx_word' id='word_1_225' title='bbox 1289 2674 1572 2754; x_wconf 71' lang='lat' dir='ltr'><strong>,circulari</strong></span> <span class='ocrx_word' id='word_1_226' title='bbox 1621 2674 1801 2754; x_wconf 89' lang='lat' dir='ltr'><strong>(quae</strong></span> <span class='ocrx_word' id='word_1_227' title='bbox 1848 2675 2076 2738; x_wconf 88' lang='lat' dir='ltr'><strong>eminus</strong></span> <span class='ocrx_word' id='word_1_228' title='bbox 2122 2685 2373 2758; x_wconf 89' lang='lat' dir='ltr'><strong>apparet</strong></span> <span class='ocrx_word' id='word_1_229' title='bbox 2413 2680 2612 2752; x_wconf 86' lang='lat' dir='ltr'><strong>recta)</strong></span> 
     </span>
     <span class='ocr_line' id='line_1_24' title="bbox 255 2764 2612 2847; baseline 0.001 -22"><span class='ocrx_word' id='word_1_230' title='bbox 255 2765 492 2846; x_wconf 89' lang='lat' dir='ltr'><strong>longior</strong></span> <span class='ocrx_word' id='word_1_231' title='bbox 520 2788 603 2845; x_wconf 77' lang='lat' dir='ltr'><strong>ay</strong></span> <span class='ocrx_word' id='word_1_232' title='bbox 647 2765 725 2828; x_wconf 89' lang='lat' dir='ltr'><strong>ad</strong></span> <span class='ocrx_word' id='word_1_233' title='bbox 754 2764 1088 2828; x_wconf 87' lang='lat' dir='ltr'><strong>breviorem</strong></span> <span class='ocrx_word' id='word_1_234' title='bbox 1117 2766 1226 2843; x_wconf 80' lang='grc' dir='ltr'><strong>αβ,</strong></span> <span class='ocrx_word' id='word_1_235' title='bbox 1272 2764 1604 2827; x_wconf 86' lang='lat' dir='ltr'><strong>conversim</strong></span> <span class='ocrx_word' id='word_1_236' title='bbox 1638 2764 1823 2831; x_wconf 88' lang='lat' dir='ltr'><strong>habet</strong></span> <span class='ocrx_word' id='word_1_237' title='bbox 1852 2783 1918 2826; x_wconf 87' lang='lat' dir='ltr'><strong>se</strong></span> <span class='ocrx_word' id='word_1_238' title='bbox 1948 2766 2301 2847; x_wconf 87' lang='lat' dir='ltr'><strong>apparentia</strong></span> <span class='ocrx_word' id='word_1_239' title='bbox 2339 2768 2612 2831; x_wconf 89' lang='lat' dir='ltr'><strong>diametri</strong></span> 
     </span>
     <span class='ocr_line' id='line_1_25' title="bbox 255 2852 2611 2936; baseline 0.002 -21"><span class='ocrx_word' id='word_1_240' title='bbox 255 2853 463 2917; x_wconf 88' lang='lat' dir='ltr'><strong>circuli</strong></span> <span class='ocrx_word' id='word_1_241' title='bbox 509 2853 569 2915; x_wconf 92' lang='lat' dir='ltr'><strong>in</strong></span> <span class='ocrx_word' id='word_1_242' title='bbox 615 2854 906 2916; x_wconf 87' lang='lat' dir='ltr'><strong>dist-antia</strong></span> <span class='ocrx_word' id='word_1_243' title='bbox 948 2853 1239 2929; x_wconf 82' lang='lat' dir='ltr'><strong>breviori,</strong></span> <span class='ocrx_word' id='word_1_244' title='bbox 1304 2872 1410 2915; x_wconf 89' lang='lat' dir='ltr'><strong>sen</strong></span> <span class='ocrx_word' id='word_1_245' title='bbox 1455 2852 1578 2930; x_wconf 76' lang='grc' dir='ltr'><strong>ᾶβο</strong></span> <span class='ocrx_word' id='word_1_246' title='bbox 1623 2852 1876 2932; x_wconf 80' lang='lat' dir='ltr'><strong>angulus</strong></span> <span class='ocrx_word' id='word_1_247' title='bbox 1894 2902 1910 2928; x_wconf 91' lang='lat'><strong>,</strong></span> <span class='ocrx_word' id='word_1_248' title='bbox 1971 2856 2047 2916; x_wconf 88' lang='lat' dir='ltr'><strong>ad</strong></span> <span class='ocrx_word' id='word_1_249' title='bbox 2094 2857 2508 2936; x_wconf 86' lang='lat' dir='ltr'><strong>apparentiam</strong></span> <span class='ocrx_word' id='word_1_250' title='bbox 2549 2857 2611 2919; x_wconf 93' lang='lat' dir='ltr'><strong>in</strong></span> 
     </span>
     <span class='ocr_line' id='line_1_26' title="bbox 256 2939 2615 3027; baseline 0.002 -23"><span class='ocrx_word' id='word_1_251' title='bbox 256 2942 549 3005; x_wconf 90' lang='lat' dir='ltr'><strong>distantia</strong></span> <span class='ocrx_word' id='word_1_252' title='bbox 592 2942 875 3023; x_wconf 89' lang='lat' dir='ltr'><strong>longiori,</strong></span> <span class='ocrx_word' id='word_1_253' title='bbox 938 2961 1044 3005; x_wconf 85' lang='lat' dir='ltr'><strong>seu</strong></span> <span class='ocrx_word' id='word_1_254' title='bbox 1089 2946 1200 3022; x_wconf 73' lang='grc' dir='ltr'><strong>ὅγε</strong></span> <span class='ocrx_word' id='word_1_255' title='bbox 1256 2942 1552 3022; x_wconf 87' lang='lat' dir='ltr'><strong>angulum.</strong></span> <span class='ocrx_word' id='word_1_256' title='bbox 1647 2939 1801 3003; x_wconf 83' lang='lat' dir='ltr'><strong>Cum</strong></span> <span class='ocrx_word' id='word_1_257' title='bbox 1844 2959 1986 3021; x_wconf 87' lang='lat' dir='ltr'><strong>ergo</strong></span> <span class='ocrx_word' id='word_1_258' title='bbox 2033 2943 2270 3022; x_wconf 88' lang='lat' dir='ltr'><strong>longior</strong></span> <span class='ocrx_word' id='word_1_259' title='bbox 2326 2954 2615 3027; x_wconf 86' lang='lat' dir='ltr'><strong>appareat</strong></span> 
     </span>
     <span class='ocr_line' id='line_1_27' title="bbox 251 3030 2611 3116; baseline 0.001 -21"><span class='ocrx_word' id='word_1_260' title='bbox 251 3032 404 3096; x_wconf 89' lang='lat' dir='ltr'><strong>haec</strong></span> <span class='ocrx_word' id='word_1_261' title='bbox 459 3031 749 3094; x_wconf 87' lang='lat' dir='ltr'><strong>diameter</strong></span> <span class='ocrx_word' id='word_1_262' title='bbox 795 3051 828 3091; x_wconf 92' lang='lat' dir='ltr'><strong>e</strong></span> <span class='ocrx_word' id='word_1_263' title='bbox 880 3031 1210 3113; x_wconf 89' lang='lat' dir='ltr'><strong>propinquo</strong></span> <span class='ocrx_word' id='word_1_264' title='bbox 1257 3032 1297 3107; x_wconf 77' lang='grc' dir='ltr'>β</span> <span class='ocrx_word' id='word_1_265' title='bbox 1355 3048 1530 3115; x_wconf 90' lang='lat' dir='ltr'><strong>quam</strong></span> <span class='ocrx_word' id='word_1_266' title='bbox 1576 3048 1609 3090; x_wconf 92' lang='lat' dir='ltr'><strong>e</strong></span> <span class='ocrx_word' id='word_1_267' title='bbox 1656 3030 1979 3111; x_wconf 90' lang='lat' dir='ltr'><strong>longinquo</strong></span> <span class='ocrx_word' id='word_1_268' title='bbox 2022 3054 2052 3111; x_wconf 85' lang='lat' dir='ltr'><em>y</em></span> <span class='ocrx_word' id='word_1_269' title='bbox 2098 3031 2156 3093; x_wconf 89' lang='lat' dir='ltr'><strong>in</strong></span> <span class='ocrx_word' id='word_1_270' title='bbox 2203 3034 2412 3096; x_wconf 89' lang='lat' dir='ltr'><strong>eadem</strong></span> <span class='ocrx_word' id='word_1_271' title='bbox 2467 3054 2611 3116; x_wconf 89' lang='lat' dir='ltr'><strong>pro-</strong></span> 
     </span>
     <span class='ocr_line' id='line_1_28' title="bbox 249 3118 2612 3203; baseline 0.001 -20"><span class='ocrx_word' id='word_1_272' title='bbox 249 3121 564 3202; x_wconf 86' lang='lat' dir='ltr'><strong>portione;</strong></span> <span class='ocrx_word' id='word_1_273' title='bbox 611 3120 854 3183; x_wconf 89' lang='lat' dir='ltr'><strong>densior</strong></span> <span class='ocrx_word' id='word_1_274' title='bbox 899 3128 1098 3182; x_wconf 87' lang='lat' dir='ltr'><strong>autem</strong></span> <span class='ocrx_word' id='word_1_275' title='bbox 1145 3119 1324 3183; x_wconf 88' lang='lat' dir='ltr'><strong>etiam</strong></span> <span class='ocrx_word' id='word_1_276' title='bbox 1370 3118 1691 3198; x_wconf 88' lang='lat' dir='ltr'><strong>cujuslibet</strong></span> <span class='ocrx_word' id='word_1_277' title='bbox 1733 3119 1939 3198; x_wconf 87' lang='lat' dir='ltr'><strong>puncti</strong></span> <span class='ocrx_word' id='word_1_278' title='bbox 1984 3120 2239 3183; x_wconf 86' lang='lat' dir='ltr'><strong>radiatio</strong></span> <span class='ocrx_word' id='word_1_279' title='bbox 2286 3141 2318 3184; x_wconf 91' lang='lat' dir='ltr'><strong>e</strong></span> <span class='ocrx_word' id='word_1_280' title='bbox 2361 3124 2612 3203; x_wconf 89' lang='lat' dir='ltr'><strong>propin-</strong></span> 
     </span>
     <span class='ocr_line' id='line_1_29' title="bbox 251 3206 2616 3293; baseline 0 -20"><span class='ocrx_word' id='word_1_281' title='bbox 251 3230 368 3293; x_wconf 91' lang='lat' dir='ltr'><strong>quo</strong></span> <span class='ocrx_word' id='word_1_282' title='bbox 415 3211 455 3289; x_wconf 83' lang='grc' dir='ltr'>β</span> <span class='ocrx_word' id='word_1_283' title='bbox 498 3228 675 3290; x_wconf 89' lang='lat' dir='ltr'><strong>quam</strong></span> <span class='ocrx_word' id='word_1_284' title='bbox 721 3229 753 3283; x_wconf 87' lang='lat' dir='ltr'><strong>e</strong></span> <span class='ocrx_word' id='word_1_285' title='bbox 800 3209 1121 3289; x_wconf 86' lang='lat' dir='ltr'><strong>longinquo</strong></span> <span class='ocrx_word' id='word_1_286' title='bbox 1167 3229 1230 3288; x_wconf 86' lang='lat' dir='ltr'><strong>y:</strong></span> <span class='ocrx_word' id='word_1_287' title='bbox 1294 3209 1354 3270; x_wconf 91' lang='lat' dir='ltr'><strong>in</strong></span> <span class='ocrx_word' id='word_1_288' title='bbox 1401 3207 1584 3287; x_wconf 89' lang='lat' dir='ltr'><strong>dupla</strong></span> <span class='ocrx_word' id='word_1_289' title='bbox 1627 3206 1811 3287; x_wconf 87' lang='lat' dir='ltr'><strong>igitur</strong></span> <span class='ocrx_word' id='word_1_290' title='bbox 1862 3209 2243 3290; x_wconf 89' lang='lat' dir='ltr'><strong>proportione</strong></span> <span class='ocrx_word' id='word_1_291' title='bbox 2289 3212 2479 3291; x_wconf 88' lang='lat' dir='ltr'><strong>ipsius</strong></span> <span class='ocrx_word' id='word_1_292' title='bbox 2525 3208 2616 3290; x_wconf 77' lang='grc' dir='ltr'><strong>ἀβ</strong></span> 
     </span>
     <span class='ocr_line' id='line_1_30' title="bbox 252 3294 2615 3381; baseline 0.001 -17"><span class='ocrx_word' id='word_1_293' title='bbox 252 3301 333 3364; x_wconf 90' lang='lat' dir='ltr'><strong>ad</strong></span> <span class='ocrx_word' id='word_1_294' title='bbox 379 3322 448 3379; x_wconf 80' lang='lat' dir='ltr'><strong>ay</strong></span> <span class='ocrx_word' id='word_1_295' title='bbox 497 3299 737 3362; x_wconf 88' lang='lat' dir='ltr'><strong>densior</strong></span> <span class='ocrx_word' id='word_1_296' title='bbox 782 3298 1018 3360; x_wconf 86' lang='lat' dir='ltr'><strong>videtur</strong></span> <span class='ocrx_word' id='word_1_297' title='bbox 1062 3298 1265 3361; x_wconf 86' lang='lat' dir='ltr'><strong>futura</strong></span> <span class='ocrx_word' id='word_1_298' title='bbox 1307 3295 1567 3359; x_wconf 91' lang='lat' dir='ltr'><strong>radiatio</strong></span> <span class='ocrx_word' id='word_1_299' title='bbox 1615 3294 1824 3359; x_wconf 89' lang='lat' dir='ltr'><strong>circuli</strong></span> <span class='ocrx_word' id='word_1_300' title='bbox 1871 3296 1943 3359; x_wconf 91' lang='lat' dir='ltr'><strong>de</strong></span> <span class='ocrx_word' id='word_1_301' title='bbox 1979 3296 2308 3381; x_wconf 86' lang='lat' dir='ltr'><strong>propinquo</strong></span> <span class='ocrx_word' id='word_1_302' title='bbox 2354 3300 2394 3378; x_wconf 83' lang='grc' dir='ltr'>β</span> <span class='ocrx_word' id='word_1_303' title='bbox 2440 3318 2615 3380; x_wconf 88' lang='lat' dir='ltr'><strong>quam</strong></span> 
     </span>
     <span class='ocr_line' id='line_1_31' title="bbox 251 3387 2770 3472; baseline -0.002 -21"><span class='ocrx_word' id='word_1_304' title='bbox 251 3390 329 3451; x_wconf 90' lang='lat' dir='ltr'><strong>de</strong></span> <span class='ocrx_word' id='word_1_305' title='bbox 375 3387 696 3469; x_wconf 86' lang='lat' dir='ltr'><strong>longinquo</strong></span> <span class='ocrx_word' id='word_1_306' title='bbox 742 3410 788 3468; x_wconf 77' lang='lat' dir='ltr'><strong>y.</strong></span> <span class='ocrx_word' id='word_1_307' title='bbox 851 3467 857 3472; x_wconf 20' lang='grc' dir='ltr'><strong><em>ο</em></strong></span> <span class='ocrx_word' id='word_1_308' title='bbox 2734 3429 2770 3472; x_wconf 36' lang='lat' dir='ltr'><strong>a.</strong></span> 
     </span>
    </p>

    <p class='ocr_par' dir='ltr' id='par_1_9' title="bbox 247 3474 2933 4977">
     <span class='ocr_line' id='line_1_32' title="bbox 431 3474 2766 3556; baseline -0.001 -15"><span class='ocrx_word' id='word_1_309' title='bbox 431 3477 529 3541; x_wconf 91' lang='lat' dir='ltr'><strong>Sit</strong></span> <span class='ocrx_word' id='word_1_310' title='bbox 568 3476 750 3539; x_wconf 88' lang='lat' dir='ltr'><strong>tertio</strong></span> <span class='ocrx_word' id='word_1_311' title='bbox 812 3475 1014 3538; x_wconf 91' lang='lat' dir='ltr'><strong>discus</strong></span> <span class='ocrx_word' id='word_1_312' title='bbox 1077 3474 1204 3556; x_wconf 91' lang='lat' dir='ltr'><strong>ipse</strong></span> <span class='ocrx_word' id='word_1_313' title='bbox 1269 3491 1566 3555; x_wconf 88' lang='lat' dir='ltr'><strong>apparens</strong></span> <span class='ocrx_word' id='word_1_314' title='bbox 1632 3474 1899 3554; x_wconf 87' lang='lat' dir='ltr'><strong>corporis</strong></span> <span class='ocrx_word' id='word_1_315' title='bbox 1944 3474 2110 3538; x_wconf 88' lang='lat' dir='ltr'><strong>Solis</strong></span> <span class='ocrx_word' id='word_1_316' title='bbox 2156 3481 2314 3552; x_wconf 73' lang='grc' dir='ltr'><strong>δαε,</strong></span> <span class='ocrx_word' id='word_1_317' title='bbox 2377 3483 2441 3539; x_wconf 89' lang='lat' dir='ltr'><strong>et</strong></span> <span class='ocrx_word' id='word_1_318' title='bbox 2482 3493 2616 3539; x_wconf 86' lang='lat' dir='ltr'><strong>cum</strong></span> <span class='ocrx_word' id='word_1_319' title='bbox 2730 3479 2766 3525; x_wconf 75' lang='grc' dir='ltr'><strong>ι’</strong></span> 
     </span>
     <span class='ocr_line' id='line_1_33' title="bbox 252 3562 2749 3648; baseline -0 -17"><span class='ocrx_word' id='word_1_320' title='bbox 252 3565 603 3648; x_wconf 87' lang='lat' dir='ltr'><strong>superficies</strong></span> <span class='ocrx_word' id='word_1_321' title='bbox 649 3563 878 3628; x_wconf 88' lang='lat' dir='ltr'><strong>similes</strong></span> <span class='ocrx_word' id='word_1_322' title='bbox 916 3566 1014 3637; x_wconf 87' lang='lat' dir='ltr'><strong>(nt</strong></span> <span class='ocrx_word' id='word_1_323' title='bbox 1041 3563 1138 3626; x_wconf 91' lang='lat' dir='ltr'><strong>hic</strong></span> <span class='ocrx_word' id='word_1_324' title='bbox 1185 3563 1504 3626; x_wconf 87' lang='lat' dir='ltr'><strong>circulares</strong></span> <span class='ocrx_word' id='word_1_325' title='bbox 1551 3562 1703 3626; x_wconf 90' lang='lat' dir='ltr'><strong>disci</strong></span> <span class='ocrx_word' id='word_1_326' title='bbox 1750 3566 2140 3645; x_wconf 86' lang='lat' dir='ltr'><strong>apparentes)</strong></span> <span class='ocrx_word' id='word_1_327' title='bbox 2187 3565 2310 3628; x_wconf 89' lang='lat' dir='ltr'><strong>sint</strong></span> <span class='ocrx_word' id='word_1_328' title='bbox 2344 3564 2406 3630; x_wconf 90' lang='lat' dir='ltr'><strong>in</strong></span> <span class='ocrx_word' id='word_1_329' title='bbox 2435 3566 2619 3647; x_wconf 92' lang='lat' dir='ltr'><strong>dupla</strong></span> <span class='ocrx_word' id='word_1_330' title='bbox 2748 3627 2749 3630; x_wconf 74' lang='grc'>,</span> 
     </span>
     <span class='ocr_line' id='line_1_34' title="bbox 247 3651 2847 3739; baseline -0.001 -20"><span class='ocrx_word' id='word_1_331' title='bbox 247 3655 635 3739; x_wconf 90' lang='lat' dir='ltr'><strong>proportione</strong></span> <span class='ocrx_word' id='word_1_332' title='bbox 680 3655 1104 3717; x_wconf 87' lang='lat' dir='ltr'><strong>diametrorum</strong></span> <span class='ocrx_word' id='word_1_333' title='bbox 1125 3699 1141 3728; x_wconf 87' lang='lat'><strong>,</strong></span> <span class='ocrx_word' id='word_1_334' title='bbox 1189 3651 1487 3715; x_wconf 73' lang='lat' dir='ltr'><strong>diametri·</strong></span> <span class='ocrx_word' id='word_1_335' title='bbox 1511 3671 1654 3715; x_wconf 91' lang='lat' dir='ltr'><strong>vero</strong></span> <span class='ocrx_word' id='word_1_336' title='bbox 1684 3652 1849 3716; x_wconf 89' lang='lat' dir='ltr'><strong>Solis</strong></span> <span class='ocrx_word' id='word_1_337' title='bbox 1897 3662 2254 3736; x_wconf 88' lang='lat' dir='ltr'><strong>apparentes</strong></span> <span class='ocrx_word' id='word_1_338' title='bbox 2300 3655 2360 3717; x_wconf 92' lang='lat' dir='ltr'><strong>in</strong></span> <span class='ocrx_word' id='word_1_339' title='bbox 2400 3656 2618 3738; x_wconf 89' lang='lat' dir='ltr'><strong>simpla</strong></span> <span class='ocrx_word' id='word_1_340' title='bbox 2839 3669 2847 3737; x_wconf 58' lang='grc' dir='ltr'>ζ</span> 
     </span>
     <span class='ocr_line' id='line_1_35' title="bbox 247 3738 2718 3837; baseline -0 -30"><span class='ocrx_word' id='word_1_341' title='bbox 247 3744 634 3827; x_wconf 88' lang='lat' dir='ltr'><strong>proportione</strong></span> <span class='ocrx_word' id='word_1_342' title='bbox 707 3743 1129 3806; x_wconf 87' lang='lat' dir='ltr'><strong>distantiarum</strong></span> <span class='ocrx_word' id='word_1_343' title='bbox 1191 3765 1302 3823; x_wconf 78' lang='lat' dir='ltr'><strong>ay,</strong></span> <span class='ocrx_word' id='word_1_344' title='bbox 1363 3765 1404 3802; x_wconf 90' lang='grc' dir='ltr'><strong>α</strong></span> <span class='ocrx_word' id='word_1_345' title='bbox 1412 3741 1453 3818; x_wconf 80' lang='grc' dir='ltr'>β</span> <span class='ocrx_word' id='word_1_346' title='bbox 1515 3760 1760 3805; x_wconf 83' lang='lat' dir='ltr'><strong>eversa:</strong></span> <span class='ocrx_word' id='word_1_347' title='bbox 1835 3742 1987 3805; x_wconf 90' lang='lat' dir='ltr'><strong>disci</strong></span> <span class='ocrx_word' id='word_1_348' title='bbox 2047 3743 2230 3823; x_wconf 89' lang='lat' dir='ltr'><strong>igitur</strong></span> <span class='ocrx_word' id='word_1_349' title='bbox 2294 3744 2618 3807; x_wconf 88' lang='lat' dir='ltr'><strong>circulares</strong></span> <span class='ocrx_word' id='word_1_350' title='bbox 2710 3738 2718 3837; x_wconf 61' lang='lat'><strong>‚⁵</strong></span> 
     </span>
     <span class='ocr_line' id='line_1_36' title="bbox 251 3829 2793 3916; baseline -0 -20"><span class='ocrx_word' id='word_1_351' title='bbox 251 3834 628 3916; x_wconf 86' lang='lat' dir='ltr'><strong>apparebunt</strong></span> <span class='ocrx_word' id='word_1_352' title='bbox 670 3832 731 3895; x_wconf 90' lang='lat' dir='ltr'><strong>in</strong></span> <span class='ocrx_word' id='word_1_353' title='bbox 777 3832 958 3913; x_wconf 89' lang='lat' dir='ltr'><strong>dupla</strong></span> <span class='ocrx_word' id='word_1_354' title='bbox 1001 3831 1384 3912; x_wconf 88' lang='lat' dir='ltr'><strong>proportione</strong></span> <span class='ocrx_word' id='word_1_355' title='bbox 1429 3829 1852 3894; x_wconf 88' lang='lat' dir='ltr'><strong>distantiarum</strong></span> <span class='ocrx_word' id='word_1_356' title='bbox 1897 3856 1995 3912; x_wconf 82' lang='lat' dir='ltr'><strong>ay,</strong></span> <span class='ocrx_word' id='word_1_357' title='bbox 2033 3834 2139 3911; x_wconf 84' lang='grc' dir='ltr'><strong>αβ.</strong></span> <span class='ocrx_word' id='word_1_358' title='bbox 2217 3830 2368 3896; x_wconf 81' lang='lat' dir='ltr'><strong>Cnm</strong></span> <span class='ocrx_word' id='word_1_359' title='bbox 2416 3840 2616 3895; x_wconf 87' lang='lat' dir='ltr'><strong>autem</strong></span> <span class='ocrx_word' id='word_1_360' title='bbox 2707 3836 2730 3901; x_wconf 75' lang='grc'><strong>,“</strong></span> <span class='ocrx_word' id='word_1_361' title='bbox 2791 3847 2793 3849; x_wconf 79' lang='grc'><strong>’</strong></span> 
     </span>
     <span class='ocr_line' id='line_1_37' title="bbox 248 3920 2718 4003; baseline -0.001 -17"><span class='ocrx_word' id='word_1_362' title='bbox 248 3922 509 3986; x_wconf 86' lang='lat' dir='ltr'><strong>radiatio</strong></span> <span class='ocrx_word' id='word_1_363' title='bbox 554 3921 762 3985; x_wconf 88' lang='lat' dir='ltr'><strong>circuli</strong></span> <span class='ocrx_word' id='word_1_364' title='bbox 790 3927 866 3984; x_wconf 72' lang='grc' dir='ltr'><strong>δε</strong></span> <span class='ocrx_word' id='word_1_365' title='bbox 910 3920 971 3983; x_wconf 91' lang='lat' dir='ltr'><strong>in</strong></span> <span class='ocrx_word' id='word_1_366' title='bbox 1009 3943 1039 4000; x_wconf 85' lang='lat' dir='ltr'><em>y</em></span> <span class='ocrx_word' id='word_1_367' title='bbox 1082 3927 1145 3981; x_wconf 91' lang='lat' dir='ltr'><strong>et</strong></span> <span class='ocrx_word' id='word_1_368' title='bbox 1187 3920 1227 3998; x_wconf 83' lang='grc' dir='ltr'>β</span> <span class='ocrx_word' id='word_1_369' title='bbox 1262 3920 1391 4000; x_wconf 88' lang='lat' dir='ltr'><strong>jam</strong></span> <span class='ocrx_word' id='word_1_370' title='bbox 1442 3920 1697 4000; x_wconf 86' lang='lat' dir='ltr'><strong>probata</strong></span> <span class='ocrx_word' id='word_1_371' title='bbox 1742 3920 1825 3982; x_wconf 85' lang='lat' dir='ltr'><strong>sit</strong></span> <span class='ocrx_word' id='word_1_372' title='bbox 1870 3920 2052 4001; x_wconf 90' lang='lat' dir='ltr'><strong>dupla</strong></span> <span class='ocrx_word' id='word_1_373' title='bbox 2096 3921 2184 3983; x_wconf 91' lang='lat' dir='ltr'><strong>uti</strong></span> <span class='ocrx_word' id='word_1_374' title='bbox 2228 3922 2609 4003; x_wconf 90' lang='lat' dir='ltr'><strong>proportione</strong></span> <span class='ocrx_word' id='word_1_375' title='bbox 2702 3940 2718 3999; x_wconf 68' lang='lat' dir='ltr'><strong>*f</strong></span> 
     </span>
     <span class='ocr_line' id='line_1_38' title="bbox 249 4006 2710 4091; baseline -0.001 -16"><span class='ocrx_word' id='word_1_376' title='bbox 249 4011 673 4076; x_wconf 82' lang='lat' dir='ltr'><strong>distantiarum</strong></span> <span class='ocrx_word' id='word_1_377' title='bbox 700 4011 807 4088; x_wconf 80' lang='grc' dir='ltr'><strong>αβ,</strong></span> <span class='ocrx_word' id='word_1_378' title='bbox 839 4032 934 4089; x_wconf 80' lang='lat' dir='ltr'><strong>ay,</strong></span> <span class='ocrx_word' id='word_1_379' title='bbox 980 4027 1165 4072; x_wconf 91' lang='lat' dir='ltr'><strong>causa</strong></span> <span class='ocrx_word' id='word_1_380' title='bbox 1193 4010 1349 4072; x_wconf 90' lang='lat' dir='ltr'><strong>alius</strong></span> <span class='ocrx_word' id='word_1_381' title='bbox 1381 4014 1560 4090; x_wconf 89' lang='lat' dir='ltr'><strong>atque</strong></span> <span class='ocrx_word' id='word_1_382' title='bbox 1606 4008 1760 4071; x_wconf 91' lang='lat' dir='ltr'><strong>alius</strong></span> <span class='ocrx_word' id='word_1_383' title='bbox 1793 4029 1935 4071; x_wconf 84' lang='lat' dir='ltr'><strong>suae</strong></span> <span class='ocrx_word' id='word_1_384' title='bbox 1975 4010 2294 4073; x_wconf 88' lang='lat' dir='ltr'><strong>densitatis</strong></span> <span class='ocrx_word' id='word_1_385' title='bbox 2312 4058 2328 4086; x_wconf 92' lang='lat'>,</span> <span class='ocrx_word' id='word_1_386' title='bbox 2376 4011 2610 4091; x_wconf 85' lang='lat' dir='ltr'><strong>videtur</strong></span> <span class='ocrx_word' id='word_1_387' title='bbox 2698 4006 2710 4034; x_wconf 85' lang='lat'><strong>&#39;¹</strong></span> 
     </span>
     <span class='ocr_line' id='line_1_39' title="bbox 249 4070 2863 4181; baseline 0.002 -17"><span class='ocrx_word' id='word_1_388' title='bbox 249 4102 392 4164; x_wconf 88' lang='lat' dir='ltr'><strong>hinc</strong></span> <span class='ocrx_word' id='word_1_389' title='bbox 436 4098 691 4163; x_wconf 86' lang='lat' dir='ltr'><strong>radiatio</strong></span> <span class='ocrx_word' id='word_1_390' title='bbox 738 4098 907 4174; x_wconf 89' lang='lat' dir='ltr'><strong>disci,</strong></span> <span class='ocrx_word' id='word_1_391' title='bbox 956 4118 1138 4161; x_wconf 87' lang='lat' dir='ltr'><strong>causa</strong></span> <span class='ocrx_word' id='word_1_392' title='bbox 1184 4096 1501 4160; x_wconf 85' lang='lat' dir='ltr'><strong>densitatis</strong></span> <span class='ocrx_word' id='word_1_393' title='bbox 1552 4098 1650 4159; x_wconf 87' lang='lat' dir='ltr'><strong>vel</strong></span> <span class='ocrx_word' id='word_1_394' title='bbox 1681 4097 2070 4177; x_wconf 84' lang='lat' dir='ltr'><strong>fortitudinis,</strong></span> <span class='ocrx_word' id='word_1_395' title='bbox 2116 4100 2299 4181; x_wconf 88' lang='lat' dir='ltr'><strong>tripla</strong></span> <span class='ocrx_word' id='word_1_396' title='bbox 2341 4098 2429 4161; x_wconf 91' lang='lat' dir='ltr'><strong>uti</strong></span> <span class='ocrx_word' id='word_1_397' title='bbox 2464 4117 2611 4180; x_wconf 93' lang='lat' dir='ltr'><strong>pro-</strong></span> <span class='ocrx_word' id='word_1_398' title='bbox 2690 4070 2726 4167; x_wconf 65' lang='lat' dir='ltr'><strong>i·</strong></span> <span class='ocrx_word' id='word_1_399' title='bbox 2815 4109 2863 4125; x_wconf 39' lang='grc' dir='ltr'>Ἴ</span> 
     </span>
     <span class='ocr_line' id='line_1_40' title="bbox 254 4168 2819 4272; baseline 0 -19"><span class='ocrx_word' id='word_1_400' title='bbox 254 4190 529 4272; x_wconf 90' lang='lat' dir='ltr'><strong>portione</strong></span> <span class='ocrx_word' id='word_1_401' title='bbox 592 4188 1014 4251; x_wconf 86' lang='lat' dir='ltr'><strong>distantiarum</strong></span> <span class='ocrx_word' id='word_1_402' title='bbox 1065 4210 1167 4267; x_wconf 82' lang='lat' dir='ltr'><strong>ay,</strong></span> <span class='ocrx_word' id='word_1_403' title='bbox 1215 4188 1322 4264; x_wconf 84' lang='grc' dir='ltr'><strong>αβ.</strong></span> <span class='ocrx_word' id='word_1_404' title='bbox 1412 4186 1498 4248; x_wconf 87' lang='lat' dir='ltr'><strong>Ut</strong></span> <span class='ocrx_word' id='word_1_405' title='bbox 1557 4186 1608 4249; x_wconf 91' lang='lat' dir='ltr'><strong>si</strong></span> <span class='ocrx_word' id='word_1_406' title='bbox 1655 4186 2001 4249; x_wconf 79' lang='lat' dir='ltr'><strong>&#39;distantiae</strong></span> <span class='ocrx_word' id='word_1_407' title='bbox 2067 4196 2271 4251; x_wconf 90' lang='lat' dir='ltr'><strong>essent</strong></span> <span class='ocrx_word' id='word_1_408' title='bbox 2316 4211 2395 4268; x_wconf 82' lang='lat' dir='ltr'><strong>ay</strong></span> <span class='ocrx_word' id='word_1_409' title='bbox 2437 4195 2504 4250; x_wconf 93' lang='lat' dir='ltr'><strong>ut</strong></span> <span class='ocrx_word' id='word_1_410' title='bbox 2548 4186 2611 4264; x_wconf 85' lang='lat'><strong>2,</strong></span> <span class='ocrx_word' id='word_1_411' title='bbox 2690 4168 2726 4222; x_wconf 59' lang='lat' dir='ltr'><strong>&#39;J</strong></span> <span class='ocrx_word' id='word_1_412' title='bbox 2770 4181 2819 4253; x_wconf 63' lang='lat' dir='ltr'><strong>s-T&#39;</strong></span> 
     </span>
     <span class='ocr_line' id='line_1_41' title="bbox 256 4249 2883 4359; baseline -0.001 -17"><span class='ocrx_word' id='word_1_413' title='bbox 256 4282 347 4359; x_wconf 84' lang='grc' dir='ltr'><strong>αβ</strong></span> <span class='ocrx_word' id='word_1_414' title='bbox 387 4284 457 4342; x_wconf 85' lang='grc' dir='ltr'><strong>ιιι</strong></span> <span class='ocrx_word' id='word_1_415' title='bbox 500 4276 575 4340; x_wconf 60' lang='grc' dir='ltr'><strong>»1ε</strong></span> <span class='ocrx_word' id='word_1_416' title='bbox 625 4286 829 4343; x_wconf 89' lang='lat' dir='ltr'><strong>essent</strong></span> <span class='ocrx_word' id='word_1_417' title='bbox 872 4276 1243 4339; x_wconf 88' lang='lat' dir='ltr'><strong>radiationes</strong></span> <span class='ocrx_word' id='word_1_418' title='bbox 1283 4276 1488 4359; x_wconf 73' lang='lat' dir='ltr'><strong>puncti</strong></span> <span class='ocrx_word' id='word_1_419' title='bbox 1535 4297 1614 4354; x_wconf 78' lang='lat' dir='ltr'><strong>ay</strong></span> <span class='ocrx_word' id='word_1_420' title='bbox 1659 4283 1724 4337; x_wconf 89' lang='lat' dir='ltr'><strong>ut</strong></span> <span class='ocrx_word' id='word_1_421' title='bbox 1775 4275 1831 4350; x_wconf 94' lang='lat'><strong>1,</strong></span> <span class='ocrx_word' id='word_1_422' title='bbox 1879 4277 1969 4354; x_wconf 81' lang='grc' dir='ltr'><strong>αβ</strong></span> <span class='ocrx_word' id='word_1_423' title='bbox 2012 4284 2079 4338; x_wconf 81' lang='grc' dir='ltr'><strong>ιιι</strong></span> <span class='ocrx_word' id='word_1_424' title='bbox 2124 4274 2185 4353; x_wconf 82' lang='grc'><strong>2,</strong></span> <span class='ocrx_word' id='word_1_425' title='bbox 2232 4297 2416 4340; x_wconf 89' lang='lat' dir='ltr'><strong>eausa</strong></span> <span class='ocrx_word' id='word_1_426' title='bbox 2462 4277 2611 4340; x_wconf 88' lang='lat' dir='ltr'><strong>den-</strong></span> <span class='ocrx_word' id='word_1_427' title='bbox 2722 4249 2883 4309; x_wconf 43' lang='grc' dir='ltr'><strong>Η]</strong></span> 
     </span>
     <span class='ocr_line' id='line_1_42' title="bbox 258 4363 2611 4448; baseline 0 -17"><span class='ocrx_word' id='word_1_428' title='bbox 258 4368 460 4431; x_wconf 89' lang='lat' dir='ltr'><strong>sitatis</strong></span> <span class='ocrx_word' id='word_1_429' title='bbox 503 4366 654 4429; x_wconf 89' lang='lat' dir='ltr'><strong>lucis</strong></span> <span class='ocrx_word' id='word_1_430' title='bbox 673 4413 691 4440; x_wconf 90' lang='lat'>‚</span> <span class='ocrx_word' id='word_1_431' title='bbox 739 4373 814 4427; x_wconf 62' lang='lat' dir='ltr'><strong>et,</strong></span> <span class='ocrx_word' id='word_1_432' title='bbox 846 4363 1123 4427; x_wconf 88' lang='lat' dir='ltr'><strong>diametri</strong></span> <span class='ocrx_word' id='word_1_433' title='bbox 1169 4364 1374 4426; x_wconf 87' lang='lat' dir='ltr'><strong>circuli</strong></span> <span class='ocrx_word' id='word_1_434' title='bbox 1421 4371 1784 4445; x_wconf 87' lang='lat' dir='ltr'><strong>apparentes</strong></span> <span class='ocrx_word' id='word_1_435' title='bbox 1829 4364 1891 4426; x_wconf 91' lang='lat' dir='ltr'><strong>in</strong></span> <span class='ocrx_word' id='word_1_436' title='bbox 1934 4388 1980 4445; x_wconf 86' lang='lat' dir='ltr'><strong>y,</strong></span> <span class='ocrx_word' id='word_1_437' title='bbox 2021 4365 2075 4441; x_wconf 92' lang='lat'><strong>1,</strong></span> <span class='ocrx_word' id='word_1_438' title='bbox 2121 4366 2183 4428; x_wconf 93' lang='lat' dir='ltr'><strong>in</strong></span> <span class='ocrx_word' id='word_1_439' title='bbox 2229 4368 2288 4445; x_wconf 80' lang='grc' dir='ltr'><strong>β,</strong></span> <span class='ocrx_word' id='word_1_440' title='bbox 2322 4363 2381 4430; x_wconf 85' lang='grc'><strong>2.</strong></span> <span class='ocrx_word' id='word_1_441' title='bbox 2448 4367 2611 4448; x_wconf 89' lang='lat' dir='ltr'><strong>Ergo</strong></span> 
     </span>
     <span class='ocr_line' id='line_1_43' title="bbox 257 4450 2933 4540; baseline 0 -20"><span class='ocrx_word' id='word_1_442' title='bbox 257 4456 624 4520; x_wconf 85' lang='lat' dir='ltr'><strong>radiationes</strong></span> <span class='ocrx_word' id='word_1_443' title='bbox 668 4460 742 4516; x_wconf 74' lang='grc' dir='ltr'><strong>δα</strong></span> <span class='ocrx_word' id='word_1_444' title='bbox 788 4454 1064 4516; x_wconf 88' lang='lat' dir='ltr'><strong>diametri</strong></span> <span class='ocrx_word' id='word_1_445' title='bbox 1093 4452 1316 4515; x_wconf 76' lang='lat' dir='ltr'><strong>circuli</strong></span> <span class='ocrx_word' id='word_1_446' title='bbox 1359 4452 1421 4513; x_wconf 92' lang='lat' dir='ltr'><strong>in</strong></span> <span class='ocrx_word' id='word_1_447' title='bbox 1466 4474 1512 4531; x_wconf 83' lang='lat' dir='ltr'><strong>y,</strong></span> <span class='ocrx_word' id='word_1_448' title='bbox 1567 4450 1620 4527; x_wconf 91' lang='lat'><strong>1,</strong></span> <span class='ocrx_word' id='word_1_449' title='bbox 1667 4452 1729 4515; x_wconf 91' lang='lat' dir='ltr'><strong>in</strong></span> <span class='ocrx_word' id='word_1_450' title='bbox 1775 4453 1833 4531; x_wconf 83' lang='grc' dir='ltr'><strong>β,</strong></span> <span class='ocrx_word' id='word_1_451' title='bbox 1862 4450 1923 4515; x_wconf 90' lang='grc'><strong>4.</strong></span> <span class='ocrx_word' id='word_1_452' title='bbox 2026 4454 2150 4526; x_wconf 86' lang='lat' dir='ltr'><strong>Sed</strong></span> <span class='ocrx_word' id='word_1_453' title='bbox 2196 4455 2347 4517; x_wconf 91' lang='lat' dir='ltr'><strong>disci</strong></span> <span class='ocrx_word' id='word_1_454' title='bbox 2393 4463 2531 4518; x_wconf 89' lang='lat' dir='ltr'><strong>sunt</strong></span> <span class='ocrx_word' id='word_1_455' title='bbox 2574 4458 2634 4520; x_wconf 91' lang='lat' dir='ltr'><strong>in</strong></span> <span class='ocrx_word' id='word_1_456' title='bbox 2679 4476 2933 4540; x_wconf 88' lang='lat' dir='ltr'><strong>propor-</strong></span> 
     </span>
     <span class='ocr_line' id='line_1_44' title="bbox 254 4540 2929 4625; baseline -0 -16"><span class='ocrx_word' id='word_1_457' title='bbox 254 4547 420 4614; x_wconf 87' lang='lat' dir='ltr'><strong>tione</strong></span> <span class='ocrx_word' id='word_1_458' title='bbox 455 4545 640 4625; x_wconf 89' lang='lat' dir='ltr'><strong>dupla</strong></span> <span class='ocrx_word' id='word_1_459' title='bbox 675 4543 1119 4615; x_wconf 63' lang='lat' dir='ltr'><strong>diametrorum,</strong></span> <span class='ocrx_word' id='word_1_460' title='bbox 1187 4541 1354 4622; x_wconf 87' lang='lat' dir='ltr'><strong>Ergo</strong></span> <span class='ocrx_word' id='word_1_461' title='bbox 1396 4540 1547 4602; x_wconf 89' lang='lat' dir='ltr'><strong>disci</strong></span> <span class='ocrx_word' id='word_1_462' title='bbox 1593 4541 1947 4622; x_wconf 87' lang='lat' dir='ltr'><strong>apparentia</strong></span> <span class='ocrx_word' id='word_1_463' title='bbox 1983 4544 2045 4605; x_wconf 91' lang='lat' dir='ltr'><strong>in</strong></span> <span class='ocrx_word' id='word_1_464' title='bbox 2080 4567 2110 4623; x_wconf 85' lang='lat' dir='ltr'><em>y</em></span> <span class='ocrx_word' id='word_1_465' title='bbox 2154 4550 2318 4606; x_wconf 86' lang='lat' dir='ltr'><strong>esset</strong></span> <span class='ocrx_word' id='word_1_466' title='bbox 2351 4543 2404 4621; x_wconf 89' lang='lat'><strong>1,</strong></span> <span class='ocrx_word' id='word_1_467' title='bbox 2452 4545 2514 4606; x_wconf 91' lang='lat' dir='ltr'><strong>in</strong></span> <span class='ocrx_word' id='word_1_468' title='bbox 2561 4547 2602 4624; x_wconf 84' lang='grc' dir='ltr'><strong><em>β</em></strong></span> <span class='ocrx_word' id='word_1_469' title='bbox 2646 4554 2808 4610; x_wconf 87' lang='lat' dir='ltr'><strong>esset</strong></span> <span class='ocrx_word' id='word_1_470' title='bbox 2850 4542 2929 4609; x_wconf 83' lang='lat'><strong>4:</strong></span> 
     </span>
     <span class='ocr_line' id='line_1_45' title="bbox 260 4628 2932 4717; baseline 0 -19"><span class='ocrx_word' id='word_1_471' title='bbox 260 4634 430 4717; x_wconf 87' lang='lat' dir='ltr'><strong>quasi</strong></span> <span class='ocrx_word' id='word_1_472' title='bbox 475 4634 661 4709; x_wconf 86' lang='lat' dir='ltr'><strong>dicas,</strong></span> <span class='ocrx_word' id='word_1_473' title='bbox 708 4632 939 4695; x_wconf 89' lang='lat' dir='ltr'><strong>discum</strong></span> <span class='ocrx_word' id='word_1_474' title='bbox 969 4638 1055 4694; x_wconf 76' lang='grc' dir='ltr'><strong>δα</strong></span> <span class='ocrx_word' id='word_1_475' title='bbox 1072 4654 1099 4693; x_wconf 76' lang='lat' dir='ltr'><strong>e</strong></span> <span class='ocrx_word' id='word_1_476' title='bbox 1145 4648 1223 4691; x_wconf 87' lang='lat' dir='ltr'><strong>ex</strong></span> <span class='ocrx_word' id='word_1_477' title='bbox 1248 4633 1287 4709; x_wconf 85' lang='grc' dir='ltr'>β</span> <span class='ocrx_word' id='word_1_478' title='bbox 1330 4628 1520 4691; x_wconf 83' lang='lat' dir='ltr'><strong>videri</strong></span> <span class='ocrx_word' id='word_1_479' title='bbox 1566 4630 1895 4712; x_wconf 89' lang='lat' dir='ltr'><strong>quadruplo</strong></span> <span class='ocrx_word' id='word_1_480' title='bbox 1940 4633 2115 4712; x_wconf 88' lang='lat' dir='ltr'><strong>plura</strong></span> <span class='ocrx_word' id='word_1_481' title='bbox 2158 4641 2379 4713; x_wconf 86' lang='lat' dir='ltr'><strong>puncta</strong></span> <span class='ocrx_word' id='word_1_482' title='bbox 2424 4635 2727 4698; x_wconf 87' lang='lat' dir='ltr'><strong>continere</strong></span> <span class='ocrx_word' id='word_1_483' title='bbox 2756 4654 2932 4717; x_wconf 85' lang='lat' dir='ltr'><strong>quam</strong></span> 
     </span>
     <span class='ocr_line' id='line_1_46' title="bbox 263 4716 2927 4806; baseline 0 -21"><span class='ocrx_word' id='word_1_484' title='bbox 263 4743 337 4785; x_wconf 87' lang='lat' dir='ltr'><strong>ex</strong></span> <span class='ocrx_word' id='word_1_485' title='bbox 379 4747 432 4803; x_wconf 78' lang='lat' dir='ltr'><strong>y,</strong></span> <span class='ocrx_word' id='word_1_486' title='bbox 499 4741 747 4805; x_wconf 87' lang='lat' dir='ltr'><strong>quorum</strong></span> <span class='ocrx_word' id='word_1_487' title='bbox 805 4728 1154 4803; x_wconf 89' lang='lat' dir='ltr'><strong>punctorum</strong></span> <span class='ocrx_word' id='word_1_488' title='bbox 1212 4716 1517 4800; x_wconf 88' lang='lat' dir='ltr'><strong>quodlibet</strong></span> <span class='ocrx_word' id='word_1_489' title='bbox 1579 4718 1639 4782; x_wconf 91' lang='lat' dir='ltr'><strong>in</strong></span> <span class='ocrx_word' id='word_1_490' title='bbox 1685 4720 1725 4797; x_wconf 81' lang='grc' dir='ltr'>β</span> <span class='ocrx_word' id='word_1_491' title='bbox 1792 4718 1973 4800; x_wconf 91' lang='lat' dir='ltr'><strong>duplo</strong></span> <span class='ocrx_word' id='word_1_492' title='bbox 2032 4721 2274 4784; x_wconf 85' lang='lat' dir='ltr'><strong>densius</strong></span> <span class='ocrx_word' id='word_1_493' title='bbox 2337 4724 2497 4786; x_wconf 90' lang='lat' dir='ltr'><strong>lucet</strong></span> <span class='ocrx_word' id='word_1_494' title='bbox 2559 4742 2735 4806; x_wconf 87' lang='lat' dir='ltr'><strong>quam</strong></span> <span class='ocrx_word' id='word_1_495' title='bbox 2776 4724 2837 4787; x_wconf 91' lang='lat' dir='ltr'><strong>in</strong></span> <span class='ocrx_word' id='word_1_496' title='bbox 2880 4747 2927 4805; x_wconf 81' lang='lat' dir='ltr'><strong>y.</strong></span> 
     </span>
     <span class='ocr_line' id='line_1_47' title="bbox 263 4805 2932 4896; baseline -0 -19"><span class='ocrx_word' id='word_1_497' title='bbox 263 4810 629 4895; x_wconf 85' lang='lat' dir='ltr'><strong>Compositis</strong></span> <span class='ocrx_word' id='word_1_498' title='bbox 681 4811 863 4891; x_wconf 90' lang='lat' dir='ltr'><strong>igitur</strong></span> <span class='ocrx_word' id='word_1_499' title='bbox 919 4808 1402 4890; x_wconf 87' lang='lat' dir='ltr'><strong>proportionibus</strong></span> <span class='ocrx_word' id='word_1_500' title='bbox 1479 4805 1835 4870; x_wconf 87' lang='lat' dir='ltr'><strong>radiationis</strong></span> <span class='ocrx_word' id='word_1_501' title='bbox 1890 4810 2076 4873; x_wconf 85' lang='lat' dir='ltr'><strong>totius</strong></span> <span class='ocrx_word' id='word_1_502' title='bbox 2122 4810 2273 4874; x_wconf 89' lang='lat' dir='ltr'><strong>disci</strong></span> <span class='ocrx_word' id='word_1_503' title='bbox 2319 4817 2443 4875; x_wconf 73' lang='grc' dir='ltr'><strong>ῦαε</strong></span> <span class='ocrx_word' id='word_1_504' title='bbox 2486 4813 2753 4876; x_wconf 88' lang='lat' dir='ltr'><strong>densitas</strong></span> <span class='ocrx_word' id='word_1_505' title='bbox 2800 4813 2860 4875; x_wconf 89' lang='lat' dir='ltr'><strong>in</strong></span> <span class='ocrx_word' id='word_1_506' title='bbox 2900 4835 2932 4896; x_wconf 73' lang='lat' dir='ltr'><em>y</em></span> 
     </span>
     <span class='ocr_line' id='line_1_48' title="bbox 260 4893 2568 4977; baseline -0.001 -12"><span class='ocrx_word' id='word_1_507' title='bbox 260 4902 336 4965; x_wconf 89' lang='lat' dir='ltr'><strong>ad</strong></span> <span class='ocrx_word' id='word_1_508' title='bbox 381 4900 745 4965; x_wconf 89' lang='lat' dir='ltr'><strong>densitatem</strong></span> <span class='ocrx_word' id='word_1_509' title='bbox 785 4898 1140 4962; x_wconf 89' lang='lat' dir='ltr'><strong>radiationis</strong></span> <span class='ocrx_word' id='word_1_510' title='bbox 1186 4896 1372 4960; x_wconf 87' lang='lat' dir='ltr'><strong>totius</strong></span> <span class='ocrx_word' id='word_1_511' title='bbox 1419 4893 1571 4957; x_wconf 88' lang='lat' dir='ltr'><strong>disci</strong></span> <span class='ocrx_word' id='word_1_512' title='bbox 1613 4901 1743 4959; x_wconf 73' lang='grc' dir='ltr'><strong>δαε</strong></span> <span class='ocrx_word' id='word_1_513' title='bbox 1789 4897 1850 4960; x_wconf 85' lang='grc' dir='ltr'><strong>ἰιι</strong></span> <span class='ocrx_word' id='word_1_514' title='bbox 1894 4900 1935 4977; x_wconf 86' lang='grc' dir='ltr'>β</span> <span class='ocrx_word' id='word_1_515' title='bbox 1979 4906 2144 4962; x_wconf 86' lang='lat' dir='ltr'><strong>esset</strong></span> <span class='ocrx_word' id='word_1_516' title='bbox 2185 4907 2253 4963; x_wconf 91' lang='lat' dir='ltr'><strong>ut</strong></span> <span class='ocrx_word' id='word_1_517' title='bbox 2304 4900 2335 4964; x_wconf 93' lang='lat'>1</span> <span class='ocrx_word' id='word_1_518' title='bbox 2386 4901 2465 4963; x_wconf 86' lang='lat' dir='ltr'><strong>ad</strong></span> <span class='ocrx_word' id='word_1_519' title='bbox 2509 4899 2568 4965; x_wconf 85' lang='lat'><strong>8.</strong></span> 
     </span>
    </p>

    <p class='ocr_par' dir='ltr' id='par_1_10' title="bbox 396 4984 2927 5071">
     <span class='ocr_line' id='line_1_49' title="bbox 396 4984 2927 5071; baseline -0 -15"><span class='ocrx_word' id='word_1_520' title='bbox 396 5048 398 5058; x_wconf 80' lang='grc'>,</span> <span class='ocrx_word' id='word_1_521' title='bbox 438 4989 606 5054; x_wconf 87' lang='lat' dir='ltr'><strong>Nihil</strong></span> <span class='ocrx_word' id='word_1_522' title='bbox 651 4988 748 5052; x_wconf 85' lang='lat' dir='ltr'><strong>hio</strong></span> <span class='ocrx_word' id='word_1_523' title='bbox 792 5007 903 5052; x_wconf 89' lang='lat' dir='ltr'><strong>nos</strong></span> <span class='ocrx_word' id='word_1_524' title='bbox 949 4988 1170 5060; x_wconf 88' lang='lat' dir='ltr'><strong>turbat,</strong></span> <span class='ocrx_word' id='word_1_525' title='bbox 1214 4984 1370 5068; x_wconf 92' lang='lat' dir='ltr'><strong>quod</strong></span> <span class='ocrx_word' id='word_1_526' title='bbox 1415 4993 1802 5066; x_wconf 82' lang='lat' dir='ltr'><strong>apparentem</strong></span> <span class='ocrx_word' id='word_1_527' title='bbox 1847 4986 2073 5053; x_wconf 87' lang='lat' dir='ltr'><strong>discum</strong></span> <span class='ocrx_word' id='word_1_528' title='bbox 2110 4985 2271 5053; x_wconf 88' lang='lat' dir='ltr'><strong>Solis</strong></span> <span class='ocrx_word' id='word_1_529' title='bbox 2318 4999 2746 5071; x_wconf 86' lang='lat' dir='ltr'><strong>computamus,</strong></span> <span class='ocrx_word' id='word_1_530' title='bbox 2795 5005 2927 5055; x_wconf 87' lang='lat' dir='ltr'><strong>cum</strong></span> 
     </span>
    </p>
   </div>
   <div class='ocr_carea' id='block_1_7' title="bbox 2719 2531 2878 3962">
    <p class='ocr_par' dir='ltr' id='par_1_11' title="bbox 2719 2531 2878 3962">
     <span class='ocr_line' id='line_1_50' title="bbox 2719 2531 2878 3962; baseline 0 0"><span class='ocrx_word' id='word_1_531' title='bbox 2719 2531 2878 3962; x_wconf 95' lang='lat' dir='ltr'><strong> </strong></span> 
     </span>
    </p>
   </div>
  </div>
 </body>
</html>
