3517 5525
468 378 473 387 '
531 378 564 433 de
581 378 770 434 Commentarlle
787 378 818 433 de
835 384 904 432 motu
922 379 1008 431 0101100
1027 378 1123 431 blattis
1341 324 1355 337 ‘
1427 369 1491 443 109

133 558 173 622 ad
199 559 312 623 11010000
334 580 375 623 ex
391 558 472 623 Sole.
514 558 603 632 Quod
620 568 719 624 autem
732 560 856 640 planeta
879 558 990 622 transit
1013 558 1050 621 de
1074 558 1170 637 gradu
1191 554 1311 621 virtutis
1333 556 1365 619 in
1387 554 1488 633 alium,

133 651 164 713 id
188 651 227 714 fit
249 651 375 733 egregia
396 650 513 713 ratione
537 670 574 713 ex
592 651 659 732 jam
679 650 789 731 positis
811 648 977 731 principiis.
1019 645 1100 718 Quid
1116 656 1149 709 10
1169 648 1366 728 responderes
1386 646 1488 727 philo-

134 740 252 821 sopho,
285 740 337 822 qui
368 746 510 819 negaret,
543 746 574 801 te
598 759 636 803 ex
660 760 758 803 rerum
787 748 896 802 natura
919 737 1000 818 loqui
1024 736 1190 811 dicentem:
1223 736 1253 799 in
1282 743 1347 799 toto
1377 734 1489 802 ambitu

132 828 378 910 0100010οο1111
402 827 606 891 0000010110
629 849 687 892 uuo
711 830 776 909 ejus
797 828 930 910 0000101
966 826 1117 906 Numquid
1137 826 1229 903 dices,
1251 825 1309 889 hoc
1333 824 1374 888 nil
1398 825 1488 886 dero-

133 936 211 999 gare
232 917 412 998 perfectioni
435 917 576 980 coelestis
600 918 745 993 ambitum
776 919 931 998 planetam
963 915 1040 977 enim
1069 934 1127 978 nou
1159 932 1249 996 posse
1277 912 1397 977 esseio
1422 919 1487 976 toto

31 1080 35 1085 ,
133 1008 256 1071 ambitu
278 1008 379 1080 simul,
399 1007 453 1068 sed
476 1008 545 1087 cogi
566 1006 647 1069 intra
666 1007 754 1070 unius
773 1006 859 1089 quasi
877 1005 981 1087 puncti
1005 1004 1170 1086 angustias,
1186 1013 1227 1067 et
1245 1012 1344 1067 tamen
1365 1022 1489 1065 succes-

134 1098 205 1161 0100
229 1096 334 1159 venire
357 1098 388 1160 iu
411 1097 473 1159 alia
495 1096 593 1159 omnia
615 1096 745 1176 puncta?
787 1096 873 1160 Idem
897 1114 952 1175 ego
977 1094 1058 1157 dico:
1084 1093 1111 1157 si
1134 1092 1163 1156 10
1187 1092 1323 1155 omnibns
1347 1090 1490 1172 gradibus

133 1187 263 1249 virtutis
286 1204 324 1249 ex
346 1184 419 1249 Sole
442 1186 646 1249 consisterent
667 1187 808 1266 planetae
831 1184 929 1266 ibique
952 1190 1108 1246 manerent
1130 1182 1254 1261 singuli,
1280 1180 1334 1245 Sol
1366 1180 1487 1261 experi-

134 1283 223 1339 retur
246 1276 354 1338 eodem
375 1282 480 1339 tencre
504 1294 606 1337 omnes
630 1275 742 1356 gradus
764 1274 886 1337 virtutis
910 1292 982 1335 suae
1005 1272 1035 1334 iu
1063 1272 1134 1335 illos
1158 1270 1246 1352 idque
1269 1270 1417 1333 invariata
1424 1288 1433 1344 ;
1458 1278 1491 1331 01

134 1365 209 1445 quia
231 1362 374 1446 planetae
398 1384 456 1428 nou
479 1372 606 1444 possunt
629 1384 697 1426 esse
720 1362 808 1425 simul
830 1364 860 1424 in
880 1362 1016 1424 omnibus
1039 1361 1182 1440 gradibus
1205 1360 1326 1423 virtutis
1349 1379 1387 1421 ex
1406 1357 1488 1433 Sole,

136 1455 308 1517 succedunt
330 1458 463 1535 tempore
487 1473 525 1515 ex
547 1473 606 1516 000
628 1453 658 1515 10
683 1452 783 1527 aliam,
807 1459 842 1514 ut
864 1469 968 1514 omues
990 1450 1144 1531 impleant.

227 1540 318 1613 Quod
331 1542 388 1618 ais,
413 1561 470 1605 nou
485 1532 616 1619 dubium,
640 1542 711 1624 quin
730 1561 832 1604 omnes
855 1548 955 1603 motus
977 1540 1053 1603 1001
1074 1559 1128 1621 000
1146 1537 1286 1602 circulum
1310 1535 1489 1617 perlectum,

133 1632 161 1695 si
194 1632 233 1695 de
262 1632 438 1712 compositis
462 1631 496 1705 (i.
521 1651 547 1693 e.
572 1631 718 1706 realibus)
742 1629 887 1713 loqueris,
918 1630 1035 1691 falsum.
1084 1630 1175 1692 Fiunt
1202 1626 1280 1689 euim
1309 1624 1489 1713 Coperuico,

132 1730 169 1784 01
192 1719 268 1796 dixi,
293 1738 347 1801 per
369 1721 496 1783 orbitam
520 1721 558 1783 ad
581 1722 679 1785 latera
702 1720 803 1783 circuli
827 1720 1030 1794 excedentem,
1055 1718 1230 1784 Ptolemaeo
1250 1725 1282 1779 01
1295 1715 1416 1778 Braheo
1438 1712 1488 1775 iu-

134 1829 229 1891 super
252 1829 308 1891 per
330 1808 438 1890 spiras.
486 1808 541 1873 Sin
572 1818 673 1872 autem
696 1810 827 1892 loqueris
860 1810 897 1871 da
921 1808 1181 1886 componentibus,
1216 1806 1256 1867 de
1284 1804 1362 1867 10110
1395 1802 1488 1883 igitur

132 1902 163 1965 h.
190 1920 218 1964 0.
245 1898 282 1972 de
305 1898 396 1962 nullis
418 1899 557 1980 loqueris.
587 1898 671 1961 Nihil
693 1900 771 1961 euim
794 1898 824 1961 in
847 1896 930 1960 00010
954 1898 1090 1961 circumit
1112 1903 1234 1979 praeter
1256 1896 1354 1975 ipsum
1377 1909 1495 1972 000000·

132 1991 292 2069 01000100,
316 1988 417 2051 001100
435 1988 527 2062 orbis,
551 1990 649 2051 nullus
664 1987 824 2070 epicyclus‚
845 1988 923 2068 quod
938 1986 1116 2049 Braheauae
1131 1984 1332 2048 astronomiae
1353 1982 1490 2045 initiatus

132 2080 278 2159 ignorare
302 2096 360 2139 nou
383 2086 482 2157 potas.
520 2078 585 2140 Hoc
599 2096 670 2158 ergo
689 2078 788 2158 000110
804 2076 1008 2151 mndamento,
1032 2076 1105 2137 nihil
1119 2073 1232 2137 moveri
1245 2082 1366 2155 praeter
1380 2072 1489 2151 plane-
1540 2112 1545 2119 -

134 2177 239 2230 rarum
262 2184 398 2247 corpora,
421 2169 447 2229 si
465 2168 530 2249 jam
555 2175 724 2247 quaeratur,
750 2166 846 2247 qualis
868 2165 922 2227 101
945 2162 1024 2226 linea
1038 2182 1161 2245 corpore
1176 2160 1395 2226 circumeunte?
1419 2178 1487 2222 res-

134 2256 257 2338 pondeo
282 2256 338 2319 tibi
361 2275 417 2336 ego
439 2276 498 2318 non
514 2276 552 2319 ex
564 2255 725 2338 hypothesi
739 2263 891 2335 00000010,
917 2254 969 2316 001
985 2272 1023 2316 ex
1038 2252 1165 2316 scientia
1183 2248 1489 2314 demonstrationibus

135 2344 332 2427 geometricis
355 2346 543 2427 undiquaque
567 2346 780 2420 munitissima,
809 2345 868 2407 iter
891 2344 1024 2423 corporis
1047 2342 1110 2405 fieri
1135 2342 1235 2414 00010,
1268 2342 1330 2402 1000
1354 2346 1388 2401 01
1411 2338 1491 2419 0001

136 2434 356 2516 Goperuicum,
389 2434 437 2514 qui
466 2440 587 2515 praeter
614 2452 721 2515 corpus
749 2435 890 2513 planetae
918 2434 1009 2495 etiam
1039 2432 1188 2515 epicyclos
1212 2436 1244 2491 01
1267 2430 1355 2491 orbes
1382 2436 1490 2490 movet.

136 2523 257 2597 Quodsi
282 2524 424 2586 darentur
447 2522 534 2585 orbes
558 2523 655 2599 solidi,
679 2542 800 2605 possem
823 2522 925 2603 utique
949 2528 981 2583 et
1003 2522 1068 2601 ipae
1093 2519 1233 2583 facillime
1249 2518 1367 2583 evalem
1380 2517 1490 2579 lineam

135 2620 370 2695 repraesentare
402 2630 457 2692 per
483 2612 701 2675 concentricum
734 2620 768 2674 01
797 2612 872 2673 1000
910 2611 1074 2694 epicyclos,
1113 2628 1236 2692 quorum
1274 2604 1489 2669 semidiametri

132 2703 261 2783 junctae
286 2711 416 2782 aequent
440 2702 694 2765 eccentricitatem
719 2700 887 2777 0000010101,
913 2700 1011 2780 011000
1039 2700 1162 2764 minoris
1186 2698 1332 2763 diameter
1355 2696 1491 2778 aequalis

136 2790 293 2854 latitudini
316 2791 450 2866 lunulae,
484 2812 541 2873 000
572 2791 672 2854 differt
701 2792 815 2872 ellipsis
839 2811 858 2853 a
880 2789 1001 2853 circulo.
1047 2790 1221 2868 Tribuerem
1254 2788 1332 2850 enirn
1355 2786 1491 2868 epicyclo

137 2888 252 2953 (majori)
273 2888 387 2943 motum
410 2881 593 2944 contrarium
614 2881 707 2942 motui
730 2880 911 2943 concentrici
935 2888 967 2942 01
990 2880 1145 2962 aequalem
1159 2879 1187 2940 ei
1200 2877 1230 2940 iu
1249 2883 1383 2958 tempore
1398 2874 1490 2937 resti-

137 2969 263 3045 tutorio,
288 2969 421 3052 epicyclo
445 2975 557 3041 (000001)
580 2970 766 3032 celeritatem
790 2969 910 3050 duplam
934 2969 963 3031 iu
976 2977 1079 3050 partes
1096 2969 1217 3030 easdem
1239 2985 1305 3030 cum
1320 2963 1435 3046 majori,
1460 2970 1492 3025 et

137 3078 282 3140 ponerem
305 3059 459 3141 planetam
482 3058 571 3120 simul
593 3059 624 3120 in
649 3075 784 3140 apogaeo
807 3059 961 3138 utriusque
993 3058 1132 3140 epicyoli,
1166 3056 1251 3120 simul
1277 3055 1369 3116 etiam
1400 3061 1432 3116 et
1460 3052 1490 3115 in
1544 3103 1550 3115 .

136 3147 282 3231 perigaeo
308 3156 339 3210 01
361 3148 391 3210 10
413 3157 524 3230 000010
548 3153 673 3218 (moris)
691 3147 832 3229 epicyoli,
858 3148 937 3228 0001
960 3155 1009 3210 001
1032 3165 1050 3208 0
1074 3153 1176 3209 000100
1200 3145 1322 3227 majoris
1345 3141 1490 3206 remotis-

139 3239 264 3312 simum;
288 3237 327 3299 ad
348 3237 448 3300 latera
468 3255 541 3301 vero
564 3237 746 3300 couceutrici
768 3236 904 3298 0000110
927 3235 1069 3316 perigaeo
1093 3239 1216 3307 (marom)
1243 3233 1381 3316 epicyoli.

227 3343 311 3406 Ecce
334 3342 391 3407 tibi
414 3345 631 3426 supellectilem
646 3341 885 3424 Copernicanam
900 3341 1055 3405 levissima
1075 3339 1241 3406 mutatione
1256 3338 1488 3420 transpositam

139 3433 247 3516 ecquid
269 3433 394 3513 placet?
439 3433 516 3496 Mihi
538 3433 669 3496 minime.
715 3431 845 3494 Primum
869 3432 947 3494 enirn
971 3433 1058 3494 orbes
1082 3429 1155 3493 nulli
1186 3437 1269 3504 sunt;
1301 3428 1383 3510 quid·
1399 3427 1492 3507 igitur

134 3525 227 3606 juvat
249 3521 369 3585 mentiri
392 3524 511 3586 causae'
524 3532 622 3585 motus
645 3523 787 3605 planetae
811 3521 928 3584 ovalis?
962 3521 1080 3584 Deinde
1097 3539 1200 3582 omnes
1218 3519 1248 3581 hi
1262 3528 1335 3593 tres,
1359 3536 1491 3580 concen-

138 3613 235 3675 tricus
260 3631 325 3674 cum
349 3611 464 3675 duobus
486 3612 643 3695 epicyolis,
676 3613 858 3693 fingerentur
891 3610 1056 3693 aequaliter
1075 3611 1140 3691 jam
1170 3609 1250 3672 tardi
1269 3608 1335 3689 jam
1358 3607 1488 3682 veloces,

139 3709 284 3782 essetque
306 3719 447 3763 mensura
468 3721 617 3765 morarum
638 3701 669 3764 in
693 3701 827 3782 quolibet
848 3721 920 3764 0000
939 3700 1086 3762 distantia
1100 3699 1242 3780 planetae
1258 3719 1276 3760 a
1291 3702 1392 3760 centro
1417 3714 1491 3757 con-

140 3788 279 3854 centrici.
317 3791 363 3852 At
385 3811 461 3872 quae
484 3790 581 3854 causa*
599 3799 690 3866 esset,
716 3810 768 3852 cur
791 3789 996 3854 concentricus
1016 3799 1129 3852 motum
1144 3789 1271 3850 haberet
1285 3785 1493 3866 inaequalem?

141 3900 197 3943 cur
224 3877 372 3963 epicyoli?
404 3887 436 3942 01
467 3881 543 3958 0000
576 3881 719 3942 connexio
752 3879 841 3958 hujus
865 3897 1022 3941 mensurae
1051 3897 1117 3941 cum
1143 3875 1339 3939 mensurato?
1380 3873 1423 3936 Et
1445 3883 1493 3936 est

140 3979 246 4032 tamen
278 3968 354 4030 haec
386 3987 527 4032 mensura
559 3967 634 4030 adeo
667 3969 788 4052 propria
819 3968 908 4050 hujus
940 3966 1109 4042 tarditatis,
1147 3975 1181 4029 ut
1212 3965 1325 4028 nullum
1357 3972 1491 4027 centrum

142 4058 304 4138 aequantia
327 4078 364 4120 ue
388 4057 507 4140 quidem
530 4058 661 4121 libratile
685 4057 869 4120 circulariter
888 4057 979 4137 juxta
1009 4077 1042 4120 se
1066 4055 1144 4119 10001
1168 4063 1220 4117 001
1242 4073 1296 4135 pro
1319 4073 1352 4115 se
1376 4053 1491 4118 substi-

139 4157 228 4211 tuere
251 4146 359 4226 possit.
404 4147 487 4228 Ergo
511 4156 544 4210 01
566 4166 659 4209 00000
680 4153 787 4228 001001
819 4146 1010 4208 connexionis
1039 4147 1118 4209 inter
1148 4162 1323 4208 mensurans
1348 4151 1380 4205 et
1406 4161 1492 4206 men-

142 4244 295 4311 suratum,
329 4245 449 4317 oportet
471 4237 590 4299 mittere
614 4237 700 4298 fictos
723 4235 850 4299 01000100
873 4243 905 4296 01
928 4235 1010 4315 ipsas
1035 4235 1175 4316 amplecti
1204 4231 1382 4309 distantias,
1416 4251 1491 4313 quo-

141 4326 292 4407 modoque
315 4345 354 4386 00
375 4325 413 4388 110
436 4325 571 4407 elliptica
592 4326 642 4387 010
665 4327 781 4388 ratione
805 4324 934 4387 naturali
958 4325 1114 4400 efficiatur,
1137 4323 1333 4404 perpendere.

232 4431 418 4482 Fabricius:
435 4431 493 4483 Non
511 4433 603 4483 0011011
619 4431 715 4482 arduam
734 4446 805 4496 posse
822 4437 913 4488 motus,
931 4431 976 4482 ssd
995 4433 1070 4483 etiam
1088 4431 1151 4481 tales
1168 4429 1316 4494 hypotheses
1335 4429 1491 4491 constituere,

142 4515 209 4570 qnae
226 4503 351 4568 principiis
368 4504 522 4555 0010001010οι
539 4497 639 4554 minime
658 4503 811 4553 diuentiuut

233 4574 434 4654 Keplerus:
464 4575 592 4638 Mirifice
614 4593 761 4637 consensu
785 4575 949 4654 amplector
972 4573 1027 4636 hoc
1051 4581 1134 4636 tuum
1158 4573 1282 4654 dogma3
1307 4580 1338 4633 01
1361 4591 1397 4633 00
1420 4571 1493 4634 mihi

143 4683 238 4727 cansa
265 4664 321 4726 luit
347 4663 433 4727 multi
463 4663 575 4728 laboris
607 4665 637 4725 in
661 4662 892 4726 Commentariis
914 4664 1035 4726 Martis.
1082 4663 1125 4724 Te
1157 4681 1227 4724 vero
1260 4661 1338 4744 quod
1368 4661 1489 4735 attinet,

144 4753 330 4817 admonitum
351 4754 435 4828 0010,
471 4761 505 4816 01
532 4774 598 4817 cum
613 4752 772 4816 'Osiaudro
802 4753 970 4832 transigam
1004 4754 1053 4835 qni
1076 4751 1293 4833 praelationem
1316 4749 1439 4830 scripsit
1460 4750 1490 4812 iu

143 4862 220 4925 opus
240 4841 399 4924 (loperuici
418 4861 476 4906 non
496 4843 634 4935 apposito
654 4842 769 4905 nomine
792 4849 891 4915 (comp.
913 4850 969 4902 Vol.
989 4849 1009 4901 l.
1027 4866 1052 4916 0.
1071 4849 1123 4901 215
1141 4850 1275 4902 00100100
1298 4859 1408 4900 evomam
1427 4847 1491 4898 10011

142 4938 314 5010 10100-1001),
338 4933 491 5015 transigas
514 4934 606 4998 etiam
628 4951 695 4998 curu
710 4930 883 4999 Christiano
898 4931 1035 4997 Severini
1049 4936 1276 5007 (Lougcrucurauo)
1301 4928 1350 5012 qui
1372 4937 1495 5011 001001,Ι
