3517 5525
547 434 551 443 ·
620 413 683 470 em
700 415 801 480 anna.
837 415 919 482 capu
935 415 1050 470 nxvnr.
1174 359 1178 374 ⁸
1442 407 1507 480 ltu

170 591 276 673 quibus
306 591 352 656 sui
383 593 519 674 partibus
542 595 617 680 lixas
639 593 785 675 pristinas
808 596 922 676 deserit
945 605 975 657 et
997 597 1035 657 ad
1058 594 1135 658 alias
1158 593 1276 658 transit.
1320 593 1385 658 Hoc
1408 599 1508 654 tamen

170 683 214 745 sic
237 683 384 761 sequitur,
407 685 434 751 si
455 683 641 764 recipiamus,
666 685 759 745 nodos
782 685 892 751 Martis
916 693 946 746 et
968 686 1063 746 nodos
1077 683 1224 758 Telluris,
1248 686 1304 746 hoo
1327 691 1374 745 est
1394 683 1507 746 sectio-

167 792 222 836 nes
248 786 324 852 quas
357 773 471 835 faciunt
501 774 558 834 b'ae
586 773 702 834 orbitae
732 788 799 834 cnm
827 774 880 836 illo
909 773 1019 838 circulo
1043 793 1133 836 caeco
1157 773 1278 848 LOIM,
1320 791 1379 834 non
1403 771 1517 834 iisdem.
1554 845 1560 858 ,

169 879 287 942 semper
309 861 479 923 intervallis
501 863 637 923 incaelo
660 861 853 938 circumferri,
878 864 933 924 sed
951 863 1027 926 alios
1043 864 1111 924 aliis
1130 883 1197 924 esse
1217 863 1386 926 celeriores.
1410 861 1508 940 Hujus

166 949 212 1014 rei
234 947 393 1030 genuinum
416 950 584 1031 exemplum
602 951 666 1031 jam
689 953 818 1031 positum
841 961 899 1014 est.
945 951 1023 1014 Dum
1052 953 1131 1014 enirn
1154 962 1298 1032 aequatur
1321 958 1509 1012 constantem

168 1047 268 1102 tuetur
289 1039 516 1102 inclinationem
538 1041 577 1102 ad
600 1059 722 1102 caecum
743 1042 821 1103 bunc
844 1040 986 1118 circulum
1008 1041 1123 1114 LOIM,
1147 1041 1285 1122 ecliptica
1306 1041 1366 1102 HK
1389 1039 1508 1100 interim
1607 1037 1609 1050 '

166 1129 336 1190 translata:
357 1129 483 1209 denique
499 1130 651 1192 mutabilis
669 1138 715 1191 est
731 1131 919 1211 deprebensa
937 1131 1107 1212 aequaturis
1127 1131 1164 1193 ab
1177 1130 1315 1210 ecliptica
1332 1127 1507 1192 declinatio.

255 1215 303 1280 Sit
325 1219 355 1278 A
378 1219 464 1297 polus
488 1219 644 1298 eclipticae
676 1220 812 1294 mediae,
845 1239 898 1280 seu
920 1228 1080 1300 punctum,
1104 1221 1133 1283 in
1157 1221 1236 1302 quod
1258 1217 1363 1280 incidit
1386 1223 1470 1279 recta
1494 1237 1510 1278 e

121 1292 127 1304 ⁸
167 1312 270 1367 centro
289 1306 369 1369 Solis
393 1322 446 1388 per
469 1309 568 1388 polum
592 1309 723 1386 corperis
738 1307 854 1372 Solaria
878 1309 979 1371 ducta.
1179 1361 1206 1412 F,
1256 1357 1301 1408 ¹3¹

166 1394 325 1459 Scribatur
356 1405 457 1460 centro
480 1399 528 1471 A,
559 1399 657 1477 spatio
679 1398 736 1462 AB
760 1393 820 1460 23⁰
842 1393 905 1471 422
931 1398 977 1458 vel
1199 1377 1232 1428 ιε’
1306 1395 1312 1407 “

166 1504 225 1553 non
245 1483 439 1558 multo.alio,
464 1487 592 1549 circulus
614 1485 722 1560 minor,
753 1494 785 1548 et
808 1485 870 1547 sint
891 1488 928 1560 B,
953 1485 977 1549 G

165 1573 234 1649 ioca
255 1575 317 1654 poli
339 1575 441 1636 mundi
462 1576 602 1652 borealis,
626 1575 690 1637 sive
706 1583 825 1654 puncta,
850 1575 880 1636 in
904 1593 978 1656 quae

55 1691 67 1708 ·
166 1662 274 1746 incidit
299 1663 380 1725 linea
408 1683 447 1725 ex
474 1674 575 1726 centro
606 1665 739 1745 corporis
768 1663 897 1726 Telluris
926 1683 980 1742 per
1042 1691 1048 1704 ·

167 1751 267 1831 polum
295 1761 395 1814 motus
426 1753 523 1815 diurni
552 1747 685 1833 ejusdem
717 1754 846 1819 Telluris
877 1754 978 1826 ducta,
1027 1733 1052 1860 J?

151 1843 192 1903 ΙΒ
216 1850 348 1923 ternpore
378 1843 599 1911 Ptolemaei,
631 1842 812 1922 Ctempore
842 1852 977 1904 nostro.
1025 1874 1044 1926 Β

168 1928 284 2001 Quodsi
327 1932 520 1993 retrocedunt
564 1933 655 1993 etiam
700 1931 856 2011 eclipticae
901 1929 978 2003 nodi,

168 2038 291 2107 necesse
314 2028 362 2082 est
386 2021 509 2095 limitem
535 2021 656 2082 boreum
685 2021 780 2082 statui
803 2021 883 2082 circa
905 2021 980 2081 tiras

100 2174 106 2185 ,
163 2109 198 2183 in
225 2109 349 2188 confinio
372 2110 488 2172 Arietis
511 2118 542 2170 et
564 2109 704 2172 Piscium.
749 2111 829 2172 Nam
855 2110 979 2171 fixarum

168 2197 331 2260 borealium
349 2199 379 2260 in
395 2197 529 2261 Geminis
548 2207 579 2260 et
594 2197 710 2260 Cancro
729 2200 823 2261 crevit
842 2199 979 2273 latitudo,

167 2293 203 2347 ut
232 2287 316 2367 prius
343 2288 465 2349 dietum.
511 2288 652 2351 Sumatur
679 2288 709 2351 D
735 2297 877 2370 punctum
904 2289 981 2350 inter

166 2374 204 2450 B,
222 2375 247 2439 G
263 2377 480 2450 intermedium,
500 2379 661 2439 ostendens
677 2376 773 2440 locum
791 2378 852 2458 poli
867 2397 979 2457 aequa-

169 2466 245 2528 toris
268 2473 400 2546 ternpore
425 2467 609 2543 intermedio,
634 2475 665 2530 et
686 2475 903 2529 connectantur
927 2467 966 2541 A,
991 2468 1029 2528 D.
1078 2468 1216 2532 Circulus
1239 2470 1331 2548 igitur
1353 2469 1412 2531 AD
1435 2488 1507 2531 cou-

171 2554 306 2616 tinnatus
329 2555 472 2617 transibit
493 2575 547 2636 per
570 2556 732 2618 solstitium
755 2557 898 2636 temporis
923 2557 1101 2620 intermedii.
1148 2557 1283 2622 Ducatur
1306 2560 1333 2620 ei
1357 2579 1393 2621 ex
1417 2559 1445 2620 Α
1470 2559 1508 2619 ad

171 2651 271 2705 rectos
298 2643 374 2719 Au,
406 2644 455 2725 qui
488 2645 678 2707 continuatus
709 2645 851 2710 transibit
883 2665 936 2725 per
967 2646 1185 2726 aequinoctium
1212 2669 1334 2711 vernum
1366 2649 1509 2728 temporis
1586 2688 1589 2697 ·

171 2733 348 2796 intermedii.
394 2733 475 2813 Ergo
505 2753 597 2816 prope
629 2734 739 2797 lineam
760 2735 818 2799 ΑΕ
852 2735 953 2820 ΐιιετίῐἱ
971 2735 1058 2816 polus
1091 2735 1210 2814 circuli,
1240 2740 1295 2801 sub
1324 2758 1380 2821 quo
1411 2739 1510 2801 orbita

172 2822 371 2902 circuitusque
399 2823 528 2886 Telluris
560 2824 753 2887 ordinabatur
782 2826 863 2887 olim.
912 2825 954 2886 Et
982 2826 1051 2905 quia
1079 2827 1108 2889 in
1131 2828 1236 2891 Ariete
1271 2828 1356 2891 limes
1389 2829 1509 2901 boreus,

118 2929 123 2940 ·
172 2912 354 2992 producatur
388 2912 481 2991 igitur
510 2912 571 2976 EA
600 2913 631 2975 in
659 2921 762 2994 partes
785 2914 830 2987 A,
864 2920 896 2976 et
921 2916 1012 2994 juxta
1049 2916 1130 2977 illam
1168 2919 1342 2996 productam
1380 2918 1509 2997 eligatur

171 3010 312 3083 punctum
335 3001 351 3062 I
372 3001 461 3064 inira.
506 3003 599 3064 Polus
621 3000 713 3081 igitur
745 3003 901 3082 eclipticae
925 3004 1128 3067 Ptolemaicae
1160 3006 1301 3069 fueritin
1325 3007 1348 3067 I.
1396 3004 1508 3071 Oentro

170 3093 211 3167 A,
236 3093 334 3169 spatio
357 3089 412 3166 Al,
437 3090 587 3153 scribatur
610 3091 755 3165 cistellas,
779 3093 885 3172 inquo
909 3100 1042 3155 sumatur
1065 3094 1146 3157 alind
1168 3102 1311 3175 punctum
1326 3094 1363 3169 0,
1386 3094 1508 3175 propius

68 3249 72 3258 ,
170 3182 229 3262 ipsi
252 3180 288 3254 0,
313 3200 401 3261 qnam
424 3187 471 3241 est
493 3181 510 3243 I
535 3180 594 3262 ipsi
616 3180 670 3266 B.
700 3180 804 3259 Sitque
828 3180 1036 3279 O'eclipticae
1067 3183 1229 3245 hodiernae
1258 3183 1359 3264 polus,
1391 3183 1509 3245 distans

172 3293 193 3333 a
215 3269 240 3334 0
264 3266 324 3333 23⁰
347 3260 453 3351 Μ’,
478 3289 543 3332 cnm
566 3272 582 3333 I
602 3270 688 3351 polus
712 3269 868 3350 eclipticae
892 3270 1096 3333 Ptolemaidos
1119 3273 1215 3334 distet
1238 3266 1507 3353 a1323⁰51¹qt

171 3361 240 3423 Erit
261 3360 335 3421 haec
359 3359 476 3420 theoria
498 3366 630 3422 mutatae
653 3358 840 3440 obliquitatis
864 3360 1022 3437 eclipticas
1044 3369 1076 3423 et
1094 3362 1262 3423 latitudinis
1286 3362 1428 3437 fixarum
1450 3361 1509 3423 nisi

172 3449 251 3530 quod
274 3448 310 3510 de
333 3448 515 3511 dimensione
538 3447 624 3510 nobis
648 3467 704 3509 non
728 3455 850 3510 constat
871 3448 966 3529 ipsius
997 3450 1110 3513 circelli
1134 3451 1188 3515 01.
1234 3452 1389 3514 Nam'illa
1412 3471 1509 3531 qnan-

171 3539 246 3601 titas
269 3536 324 3601 20¹
347 3536 532 3617 obliquitatis
563 3537 718 3617 eclipticae
748 3545 882 3599 mutatae
906 3538 988 3600 varie
1018 3540 1095 3601 effici
1125 3540 1296 3620 potest*)'
1326 3540 1368 3603 Et
1390 3540 1459 3622 quia
1482 3538 1515 3602 0-

173 3636 220 3690 est
241 3627 330 3710 polus
352 3626 508 3705 eclipticae
531 3627 702 3702 hodiernae,
726 3635 758 3689 et
776 3626 832 3691 OO
855 3628 885 3689 in
909 3621 1086 3709 principium
1102 3630 1210 3693 Cancri
1232 3630 1349 3709 vergit:
1375 3630 1416 3691 sit
1439 3648 1509 3709 ergo

174 3717 225 3783 ΟΡ
248 3734 321 3795 pars
344 3725 453 3778 octava
475 3715 591 3791 circuli,
616 3725 647 3778 et
669 3716 694 3777 P
716 3716 845 3778 medium
867 3717 995 3791 Leonis,
1031 3719 1080 3780 ubi
1111 3719 1198 3782 bodie
1223 3728 1270 3783 est
1293 3719 1378 3783 limes
1399 3720 1510 3783 Martis

173 3808 290 3869 boreus.
337 3805 534 3869 Continuetnr
556 3804 610 3867 ΡΟ
634 3805 714 3867 ultra
737 3804 781 3881 O,
811 3806 896 3887 eique
926 3808 1049 3869 ducatur
1072 3826 1125 3887 per
1146 3810 1162 3869 Ι
1183 3809 1317 3890 proxime
1348 3809 1511 3889 parallelos

174 3946 302 3957 —n—-——-=

261 4008 287 4074 'i
308 4011 392 4065 Polus
413 4012 515 4065 Terrae
530 4028 584 4065 non
604 4012 688 4081 plane
709 4014 760 4065 suh
778 4013 836 4081 ipso
850 4012 921 4067 BCE
942 4012 1051 4065 ciroello
1071 4013 1180 4076 incedit,
1203 4015 1249 4067 sed
1264 4016 1315 4069 sub
1336 4014 1416 4085 spiris
1436 4016 1511 4084 apud

173 4094 198 4147 E
219 4091 343 4162 depictis,
364 4090 481 4160 singulis
502 4091 581 4145 annis
601 4109 682 4153 unam
703 4094 790 4146 talem
820 4093 938 4162 spiram,
960 4098 988 4145 et
1008 4093 1134 4162 opposito
1155 4094 1219 4162 polo
1244 4095 1399 4163 oppositam
1425 4098 1511 4149 consi·

174 4172 264 4227 milam
285 4171 454 4234 describens,
478 4172 615 4242 aliamque
636 4191 672 4226 ex
693 4172 751 4226 alia
777 4181 902 4236 nectens,
934 4190 970 4226 ex
993 4190 1045 4243 quo
1065 4191 1142 4235 nexu
1160 4180 1204 4227 est
1223 4190 1385 4244 progressus
1415 4176 1512 4247 aequi-

175 4252 324 4307 noctiorum
343 4258 373 4304 et
393 4249 579 4308 solstitiorum.
620 4255 673 4307 Est
693 4259 786 4306 autem
812 4252 952 4324 quaelibet
978 4254 1074 4307 harum
1104 4254 1238 4323 spirarum
1266 4260 1358 4321 tauta,
1394 4262 1512 4327 quantus
1559 4242 1571 4271 ⁹
1631 4284 1633 4291 v

175 4331 324 4402 Copernieo
346 4330 420 4385 orbis
449 4348 589 4405 magnus,
612 4333 712 4386 ceteris
739 4334 812 4387 orbis
834 4333 921 4397 Solis,
952 4334 1005 4386 hoe
1024 4338 1068 4387 est
1093 4335 1234 4403 proportio
1261 4336 1342 4404 huJ'ns
1364 4336 1456 4405 spirae
1477 4338 1513 4389 ad

176 4412 347 4482 superficiem
368 4411 485 4465 fixarum
505 4413 643 4481 sphaerae
664 4412 830 4467 insensibilis
851 4421 903 4467 est.
944 4415 1040 4483 Itaque
1062 4431 1110 4485 pro
1131 4432 1207 4469 mera
1232 4416 1307 4469 linea
1326 4416 1396 4470 BCE
1415 4415 1514 4469 haberi

174 4499 298 4567 possunt.
339 4492 494 4557 Notandum
514 4499 605 4547 autern
627 4510 678 4562 pro
700 4494 895 4564 imaginatione
914 4500 993 4550 recta
1014 4494 1095 4563 hujus
1116 4500 1213 4559 motus,
1236 4499 1305 4566 quod
1326 4497 1387 4551 axis
1409 4512 1512 4567 aeque.-

174 4574 243 4629 toris
266 4572 417 4627 Terrestris
447 4573 621 4640 continuatus
650 4574 777 4645 utrinque
799 4577 834 4627 ad
853 4576 924 4632 fixas
947 4575 1023 4629 annis
1054 4574 1170 4645 singurlis
1196 4576 1347 4641 describat,
1363 4577 1513 4647 cylindrum

182 4671 216 4708 ea
236 4653 431 4723 amplitudine,
463 4671 518 4725 qua
538 4661 581 4709 est
601 4670 657 4709 una
675 4672 712 4709 ex
733 4654 776 4707 his
797 4652 890 4723 spiris,
922 4656 966 4725 qui
992 4672 1088 4725 corpus
1110 4655 1180 4710 Solis
1202 4658 1289 4711 habet
1309 4658 1334 4709 in
1356 4656 1396 4711 sui
1416 4656 1513 4711 medio.

176 4739 216 4789 At
235 4734 307 4789 idem
327 4734 388 4791 axis
409 4734 527 4789 Telluris
548 4752 676 4789 successu
696 4735 850 4788 seculorum
870 4735 1000 4790 describit
1028 4754 1109 4791 sonos
1131 4738 1211 4801 duos,
1232 4738 1379 4792 verticibus
1401 4735 1428 4789 in
1449 4736 1513 4789 Sole

176 4816 347 4887 aequalibus,
368 4813 420 4872 imo
440 4832 507 4869 rero
526 4814 646 4871 corbeis
666 4816 727 4869 inde
749 4832 767 4868 a
787 4814 902 4869 circuitu
922 4816 1039 4869 Telluris
1062 4818 1135 4871 eirca
1154 4818 1263 4883 Solem,
1291 4817 1391 4889 quippe
1412 4816 1513 4870 utrius·

178 4914 233 4966 que,
251 4897 311 4950 coni
330 4895 434 4948 vertice
454 4896 482 4949 in
496 4896 612 4950 alterius
633 4912 731 4965 corpus
752 4896 854 4959 abdito,
877 4903 992 4966 propter
1005 4914 1164 4953 concursum
1185 4898 1300 4959 omnium
1322 4897 1512 4969 cylindrorum,

176 4974 237 5037 bari
257 4994 322 5036 vero
343 4976 423 5035 BGE.
464 4977 507 5033 lto
527 4995 565 5033 ex
584 4977 675 5037 multis
697 4974 825 5050 cylindris
846 4978 1129 5067 onnuscomponitur,
