3517 5525
275 380 319 449 25
696 378 922 453 mannans
937 356 1086 449 mimae
1103 342 1206 437 anau
1314 460 1316 469 Ι

364 561 497 643 Oportet
514 559 578 641 jam
605 560 760 641 regionem
792 559 874 623 cuca
894 558 922 621 Β
945 557 1079 621 dividere
1102 556 1133 621 in
1154 554 1178 621 Α
1201 559 1347 639 angulos,
1372 531 1521 642 aequales
1543 556 1628 623 datis

238 731 249 738 ἱ,
276 671 303 729 c,
325 652 354 727 d,
378 652 399 727 s,
423 670 451 727 e,
475 656 507 713 et
528 648 681 731 regionem
704 649 785 711 circa
805 649 837 727 Α
858 648 890 709 in
913 642 935 710 4
957 647 1100 730 aequales
1119 647 1209 733 datis‘
1226 668 1256 729 g,
1276 649 1306 724 h,
1325 649 1345 722 i,
1364 649 1400 725 lu,
1424 649 1469 712 sic
1491 648 1627 731 quidem,
1704 648 1707 653 “

227 785 231 793 =
275 750 310 806 ut
331 742 481 803 sectiones
503 747 667 821 quaternae
695 738 843 801 linearum
865 738 952 803 exB
978 746 1011 799 et
1039 756 1078 799 ex
1099 736 1130 799 A
1159 738 1398 821 concurrentium
1427 738 1564 801 incidant
1593 738 1629 801 in

148 888 152 894 .
276 830 548 897 circumferentiam
573 828 639 908 ejus
662 828 784 902 circuli,
815 826 900 906 cnjus
915 822 996 893 ΒΑ,
1013 826 1151 911 utrinque
1183 826 1358 890 continuata
1390 824 1536 895 diameter
1568 835 1629 889 est.

275 920 334 982 Hic
365 919 529 1001 cylindros.
547 926 579 980 et
607 938 699 980 conos
729 924 762 979 et
791 914 1003 996 quicquidest
1034 914 1251 997 suppellectilis
1277 916 1478 996 geometricae
1507 915 1628 1003 expedi,

188 1062 191 1068 .
276 1008 420 1090 Apolloni
443 1007 573 1071 Gallice.
618 1008 699 1070 Nam
721 1006 797 1068 iacit
817 1002 959 1066 instituta
981 1004 1214 1067 restaurationis
1241 1006 1461 1071 ‘astrtnomicae
1482 1003 1630 1086 ἀκριβιια,

276 1108 311 1161 ut
331 1099 380 1173 iis,
403 1116 481 1179 quae
504 1097 569 1177 jam
591 1092 818 1167 demonstrasti,
840 1110 947 1174 parum
970 1092 1029 1155 imi
1051 1094 1203 1174 possimus
1224 1094 1266 1155 ad
1285 1095 1403 1175 majora¹
1423 1095 1630 1176 adspirantes.
1670 1172 1673 1180 ,
1714 1156 1719 1169 ,

274 1247 277 1253 ,
363 1187 475 1251 Modus
497 1206 556 1269 qno
578 1204 636 1267 ego
661 1204 728 1248 snm
749 1202 823 1245 usus
846 1182 992 1263 inopere
1016 1182 1103 1263 (quia
1123 1182 1174 1245 bic
1195 1182 1352 1263 problema
1373 1182 1553 1259 illustrabit)
1569 1184 1632 1265 biq
1665 1186 1670 1193 '

539 1298 542 1304 ·
754 1271 820 1336 fuit
843 1272 919 1334 Esto
934 1270 1064 1335 circulus
1082 1272 1305 1356 propositardm
1323 1274 1490 1339 sectionum
1502 1271 1638 1351 Dese,
1672 1280 1700 1329 „e
1731 1266 1738 1311 ²

753 1362 839 1423 Haec
861 1360 910 1421 est
932 1360 983 1421 via
1003 1360 1101 1441 ipsius
1127 1362 1269 1441 planetae
1297 1363 1424 1445 ejusque
1447 1368 1575 1465 qnatnqr
1598 1357 1635 1422 lri
1687 1428 1703 1442 ..
1726 1356 1732 1371 '

752 1449 808 1511 illa
831 1449 988 1511 stationes.
1030 1449 1174 1515 Centrum
1197 1450 1262 1530 ejus
1285 1450 1327 1513 sit
1344 1454 1381 1527 B,
1406 1451 1553 1513 diameter
1567 1445 1681 1532 pei·''
1719 1490 1726 1504 .

751 1544 865 1621 puncta
901 1536 961 1600 duo
1001 1540 1158 1620 proposita
1194 1543 1285 1622 (quae
1318 1541 1384 1620 jam
1423 1540 1486 1602 siut
1514 1540 1557 1617 C,
1588 1540 1668 1615 Aa,
1718 1558 1738 1618 J

751 1628 782 1690 Α
800 1634 936 1689 centrum
950 1627 1029 1692 unde
1052 1634 1242 1708 computatur
1256 1628 1476 1703 eccentricitas,
1501 1648 1545 1691 sc.
1561 1626 1648 1710 ipse·
1702 1652 1710 1661 ·

624 1744 628 1749 ’
750 1717 815 1789 Sol,
841 1716 867 1780 O
887 1722 1021 1795 centrum
1040 1713 1255 1805 aequalitatis)
1278 1718 1431 1781 transiens
1449 1718 1504 1781 HI.
1516 1768 1526 1786 ,
1539 1711 1661 1803 Come·

749 1812 909 1867 nectantur
933 1803 998 1880 OD,
1024 1804 1087 1881 ΘΕ,
1113 1805 1174 1882 ΘΕ,
1201 1806 1267 1881 OG,
1301 1808 1345 1870 sic
1375 1808 1446 1885 AD,
1470 1808 1633 1895 AE’aff’
1695 1812 1707 1887 ,ξ
1737 1866 1744 1875 .

751 1894 823 1957 ΑΘ.
869 1894 949 1959 Item
970 1894 1037 1969 BD,
1060 1894 1125 1968 BE,
1147 1895 1210 1968 BF,
1232 1892 1311 1972 BG3
1342 1904 1406 1959 tum
1437 1890 1529 1971 etiarn
1560 1896 1633 1976 ΒΕ,
1700 1919 1744 1937 ·ι

519 2005 528 2067 i
750 1984 814 2057 ΕΕ,
837 1982 904 2057 ΕΘ,
929 1982 1005 2059 GD;
1029 1980 1155 2066 denique
1179 1984 1245 2049 GE.
1291 1987 1411 2048 Dantur
1438 2004 1511 2065 ergo
1534 1983 1634 2059 DCE,
1689 1998 1696 2024 '·

753 2072 845 2145 ECF,
866 2071 961 2146 ΕΘΘ,
986 2071 1072 2140 Gon
1096 2092 1134 2134 ex
1162 2074 1340 2137 intervallis·
1360 2076 1527 2155 temporum
1549 2074 1657 2163 teter·
1690 2069 1744 2133 '⁴.=

755 2159 994 2224 observationes.
1041 2163 1159 2224 Dantur
1183 2164 1274 2226 etiam
1297 2165 1395 2243 ΒΑΕ,
1414 2164 1508 2239 ΕΑΒ,
1530 2162 1633 2237 ΒΑΘ,
1661 2164 1666 2177 “
1703 2186 1716 2201 ··
1733 2190 1744 2239 „¹

756 2251 846 2316 GAD
869 2268 909 2311 ex
926 2248 1081 2315 distantiis
1105 2252 1385 2339 locorum'aodinci.
1423 2253 1537 2329 Tertio,
1560 2245 1655 2345 quid,

756 2341 795 2414 D,
817 2340 860 2418 E,
888 2340 927 2414 F,
952 2338 982 2402 G
1011 2348 1082 2401 sunt
1112 2340 1143 2402 ie
1172 2342 1302 2417 circulo,
1315 2383 1318 2393 .
1333 2342 1402 2405 ideo
1433 2340 1636 2423 quadrilateri
1699 2394 1735 2409 ,.

280 2442 392 2512 ΒΕΒΘ
407 2440 476 2505 bini
500 2434 642 2521 oppositi,
664 2440 699 2495 ut
720 2430 814 2502 EFG,
837 2428 937 2503 EDG,
961 2428 1075 2490 faciunt
1098 2448 1243 2499 summam
1258 2428 1471 2512 'tractorum
1494 2440 1526 2493 et
1547 2426 1636 2493 EFG
1722 2438 1730 2447 '

281 2515 559 2597 circumferentialis
591 2533 639 2587 est
667 2518 808 2584 dimidius
840 2516 984 2593 centralis
1012 2518 1112 2593 ΕΒΘ,
1137 2527 1168 2581 et
1182 2520 1259 2596 ΒΕ,
1286 2520 1345 2583 BG
1376 2522 1520 2603 aequales
1551 2526 1634 2582 sunt.

282 2622 398 2696 Quarto
420 2618 602 2703 postulatur,
624 2620 660 2675 ut
682 2610 773 2683 OBE,
796 2606 882 2669 ΕΒΑ
904 2604 1019 2667 iaciant
1042 2626 1189 2671 summam
1212 2607 1231 2671 2
1256 2618 1414 2671 rectorum.
1451 2610 1536 2681 llaec
1560 2627 1636 2688 ergo

281 2708 518 2792 suntprincipia
547 2693 815 2769 demonstrationis
845 2694 977 2778 petitae,
1007 2704 1224 2780 praetereaque
1251 2699 1344 2764 nulla.
1392 2698 1503 2784 Cetera
1531 2698 1648 2762 omnia*

282 2808 470 2886 quaeruntur.
508 2797 576 2878 Ego
598 2794 700 2872 itaque
716 2789 760 2851 sic
774 2787 832 2866 egi.
869 2785 1014 2860 Primum,
1037 2794 1071 2849 ut
1091 2786 1123 2850 in
1140 2788 1340 2868 regulatalsi
1364 2789 1496 2852 solemus
1518 2799 1661 2870 ponere·

261 2889 312 2956 sid
335 2891 414 2974 quod
444 2886 613 2972 quaeritur,
646 2881 690 2942 sic
723 2897 779 2958 ago
806 2874 895 2956 pos'ui
927 2876 1024 2938 locum
1055 2877 1182 2958 apogaei
1205 2878 1243 2942 H.
1262 2884 1386 2939 cenum.
1432 2879 1499 2942 Hoc
1529 2879 1636 2958 posito

282 2987 444 3062 sequuntur
466 2975 570 3056 anguli
583 2972 683 3044 HAD,
701 2963 799 3041 HAE,
818 2965 914 3041 ΒΑΕ,
928 2965 1030 3040 HAG,
1053 2974 1085 3028 et
1107 2965 1327 3048 complementa
1349 2967 1387 3028 ad
1411 2967 1633 3030 semicirculum

281 3071 364 3143 ῙΑῙ),
387 3067 471 3142 ME,
494 3066 575 3138 IAF,
598 3059 684 3123 lAG.
732 3054 871 3119 Secundo
894 3054 982 3136 posui
1001 3056 1092 3137 *quasi
1120 3065 1235 3124 certam
1263 3055 1479 3137 longitudinem
1502 3056 1660 3119 mediam·¹

282 3159 345 3222 sive
364 3154 546 3219 anomaliam
566 3147 707 3222 accentui,
730 3146 787 3209 boc
805 3152 854 3205 est
866 3137 965 3219 ΗΘΒ,
980 3143 1076 3220 ΗΘΒ,
1090 3144 1183 3220 HCF,
1198 3145 1296 3221 HOG,
1320 3165 1387 3208 cum
1406 3147 1637 3227 complementis

282 3239 654 3323 10D,10E,IOF,IOG.
692 3237 729 3298 In
746 3231 908 3313 triangulis
931 3231 1023 3312 igitur
1046 3229 1174 3315 quatuor
1197 3231 1287 3316 super
1301 3237 1459 3316 communi
1482 3236 1549 3300 basi
1564 3235 1637 3312 ΑΟ,
1741 3299 1743 3306 ,

282 3357 358 3421 quae
382 3343 452 3410 sunt
473 3329 572 3408 ΑΕΘ,
587 3326 682 3403 ΑΕΘ,
701 3323 798 3397 ΑΕΘ,
814 3321 903 3386 Aac
927 3323 1036 3385 dantur
1050 3323 1161 3413 'auguli
1184 3341 1298 3400 omnes,
1322 3333 1353 3388 et
1373 3325 1458 3388 basis
1472 3325 1539 3390 ἈΟ
1561 3345 1638 3409 per-

282 3428 413 3490 mittitur
435 3422 560 3486 arbitrio
581 3424 706 3480 nostro:
731 3411 868 3496 quaesivi
892 3429 963 3490 ergo
981 3413 1192 3492 proportiones
1215 3414 1299 3476 basis
1312 3413 1370 3477 ΑΟ
1394 3415 1433 3476 ad
1448 3415 1545 3478 lineas
1563 3417 1638 3494 ΑΙ),

284 3515 352 3592 ΑΕ,
374 3516 441 3589 AF,
464 3511 535 3575 AG.
580 3509 714 3570 Rursum
735 3519 808 3581 ergo
829 3501 861 3562 in
884 3508 1013 3581 quatuor
1038 3501 1199 3581 trlangulis
1221 3504 1261 3565 ad
1283 3517 1468 3566 communem
1489 3505 1639 3568 verticem

281 3607 326 3680 Α,
359 3604 435 3686 qna'e
466 3607 536 3663 sunt
557 3595 655 3670 DAE,
677 3593 771 3666 EAF,
794 3589 892 3665 ΕΑΘ,
915 3589 1023 3666 GAD,
1055 3591 1165 3653 danmr
1195 3591 1266 3655 bina
1296 3593 1394 3655 latera
1418 3593 1484 3674 jam
1512 3595 1639 3656 iuventa

283 3713 351 3755 cum
375 3689 593 3772 comprehenso
616 3683 655 3745 ad
670 3683 717 3758 Ας
742 3678 878 3762 quaesivi
901 3695 972 3758 ergo
996 3679 1027 3740 iu
1048 3679 1339 3762 singulis'angulum
1361 3701 1451 3746 unum
1474 3683 1514 3746 ad
1536 3685 1637 3760 basin,
1694 3717 1696 3720 ·

284 3781 404 3845 scilicet
425 3777 527 3852 ΑΒΘ,
543 3775 641 3848 ΑΒΕ,
655 3771 751 3845 ΑΒΘ,
767 3769 860 3833 ΑΒΕ.
906 3767 948 3831 Hi
970 3777 1108 3850 quatuor,
1132 3769 1201 3852 quia
1224 3779 1294 3834 snut
1311 3781 1419 3853 partes
1439 3773 1639 3835 'absumentes

284 3872 359 3936 duos
383 3870 413 3932 in
433 3867 638 3952 quadrilatero
654 3859 759 3923 eueni
781 3857 948 3940 oppositos,
971 3857 1067 3923 additi
1085 3868 1118 3922 et
1130 3867 1232 3923 mutuo
1247 3861 1358 3924 debent
1372 3862 1473 3924 facere
1490 3879 1638 3925 summam

283 3959 305 4025 2
327 3951 487 4022 rectomm.
533 3956 579 4019 Αι
601 3952 628 4015 si
649 3952 708 4013 boc
737 3969 797 4011 non
812 3948 815 3952 ’
828 3947 938 4023 tiebat,
961 3947 1019 4010 fuit
1041 3949 1115 4013 mihi
1136 3951 1303 4032 repetenda
1331 3951 1487 4034 operatio,
1516 3960 1639 4015 retenta
1732 3969 1735 3974 ·

215 4111 228 4136 ,
282 4048 434 4131 positione
457 4042 654 4126 longitudinis
675 4040 792 4102 mediae
815 4045 848 4100 et
864 4045 980 4100 mutato
1004 4041 1159 4121 apogaeot
1184 4041 1310 4102 retentis
1333 4061 1374 4104 sc.
1388 4041 1637 4106 inclinationibus

281 4137 341 4202 ΗΘ
361 4139 400 4201 ad
424 4141 636 4200 concurrentes
658 4131 689 4193 in
713 4129 748 4205 Ο,
773 4127 828 4190 sed
850 4127 976 4192 mutatis
999 4127 1244 4192 inclinationibus
1267 4131 1327 4194 ΗΑ
1350 4131 1388 4192 ad
1413 4139 1642 4194 concurrentes,

283 4229 376 4311 quue
399 4225 570 4290 faciendum
592 4220 650 4286 iuit
671 4239 730 4282 non
751 4217 800 4280 bis
822 4224 941 4280 tautum
964 4218 1052 4290 (nam.
1070 4220 1175 4299 regula
1198 4220 1268 4283 falsi
1291 4228 1344 4284 aut
1362 4241 1453 4286 cossa
1474 4211 1541 4284 uou'
1556 4241 1637 4304 qua-

283 4318 374 4380 drant
394 4317 468 4390 bno)
492 4315 546 4376 scd
569 4309 763 4393 saepissime,
785 4307 1005 4388 donecanguli
1029 4307 1102 4369 dicti
1125 4311 1260 4372 facerent
1286 4329 1432 4373 summam
1454 4311 1634 4394 quaesitam.

283 4408 367 4469 Tunc
399 4425 473 4486 ergo
502 4420 633 4484 pergens
664 4396 800 4480 quaesivi
832 4397 862 4459 in
886 4395 973 4460 ΘΑΕ
1006 4417 1044 4458 ex
1074 4399 1155 4460 datis
1179 4397 1248 4474 GA,
1271 4401 1329 4462 ΑΕ
1354 4409 1385 4462 et
1408 4402 1494 4464 GAE
1518 4401 1636 4476 (GAD,
1734 4411 1737 4416 '

283 4497 371 4576 ΒΑΕ
402 4494 518 4559 faciunt
539 4490 642 4563 GAE)
666 4487 808 4567 angulum
830 4485 920 4548 ΑΕΘ
943 4493 975 4548 et
996 4486 1054 4549 GE
1085 4487 1172 4550 basin
1202 4497 1387 4562 communem
1416 4490 1636 4570 triangulomm

286 4584 379 4661 GFE,
403 4584 509 4648 GBE..
543 4582 579 4642 Iu
608 4577 760 4657 triangulo
789 4575 880 4655 igitur
904 4573 987 4638 ΘΒΕ
1018 4576 1204 4654 daturam,
1228 4587 1259 4641 et
1282 4579 1366 4642 GBE
1389 4587 1437 4642 est
1463 4579 1571 4659 duplus
1594 4579 1636 4639 ad

286 4672 379 4750 GFE,
402 4673 564 4755 quinctus
587 4667 688 4731 estin
710 4665 846 4747 partibus
870 4663 964 4739 GFA,
989 4665 1080 4728 AFE.
1126 4667 1262 4748 thnia
1284 4669 1521 4749 aequecrurium,
1546 4669 1637 4731 datur

286 4764 319 4824 et'
339 4763 468 4843 angulus
491 4760 531 4821 ad
547 4755 745 4821 baainBEG.
781 4755 884 4816 Antea
906 4773 977 4816 vero
996 4755 1123 4817 dabatur
1137 4757 1236 4846 ΑΕΘ,
1260 4757 1349 4822 datur
1371 4775 1442 4840 ergo
1466 4758 1636 4822 differentia

287 4853 463 4933 angulorum
486 4848 585 4924 ΑΕΘ,
608 4841 704 4920 ΒΕΘ,
736 4843 855 4907 scilicet
877 4843 975 4918 ΒΕΑ.
1021 4846 1092 4907 Jam
1122 4845 1153 4909 in
1179 4847 1281 4929 ΒΕΑ,
1314 4849 1385 4930 quia
1415 4849 1516 4912 nescio
1545 4850 1635 4922 auB

286 4940 482 5009 cecideritin
510 4937 620 5002 lineam
644 4933 719 5010 CA,
751 4941 785 4997 ut
806 4950 931 4998 necesse
962 4939 1010 5000 est
1041 4935 1089 5012 (iu
1111 4937 1333 5002 construetione
1364 4938 1482 5026 quidem
1510 4937 1540 5002 id
1569 4937 1635 5002 lieri
