<?xml version="1.0" encoding="UTF-8"?>
<!DOCTYPE html PUBLIC "-//W3C//DTD XHTML 1.0 Transitional//EN"
    "http://www.w3.org/TR/xhtml1/DTD/xhtml1-transitional.dtd">
<html xmlns="http://www.w3.org/1999/xhtml" xml:lang="en" lang="en">
 <head>
  <title>
</title>
<meta http-equiv="Content-Type" content="text/html;charset=utf-8" />
  <meta name='ocr-system' content='tesseract 3.04.00' />
  <meta name='ocr-capabilities' content='ocr_page ocr_carea ocr_par ocr_line ocrx_word'/>
</head>
<body>
  <div class='ocr_page' id='page_1' title='image "./joanniskepleria23frisgoog/joanniskepleria23frisgoog_0227.png"; bbox 0 0 3517 5525; ppageno 0'>
   <div class='ocr_carea' id='block_1_1' title="bbox 324 363 1216 475">
    <p class='ocr_par' dir='ltr' id='par_1_1' title="bbox 324 363 1216 475">
     <span class='ocr_line' id='line_1_1' title="bbox 324 363 1216 475; baseline -0.015 -1"><span class='ocrx_word' id='word_1_1' title='bbox 324 404 389 475; x_wconf 81' lang='lat'><strong>216</strong></span> <span class='ocrx_word' id='word_1_2' title='bbox 561 363 563 370; x_wconf 32' lang='lat'><strong>¹</strong></span> <span class='ocrx_word' id='word_1_3' title='bbox 804 409 845 462; x_wconf 71' lang='lat' dir='ltr'><strong>na</strong></span> <span class='ocrx_word' id='word_1_4' title='bbox 862 410 970 463; x_wconf 69' lang='lat' dir='ltr'><strong>nausa</strong></span> <span class='ocrx_word' id='word_1_5' title='bbox 989 410 1081 465; x_wconf 71' lang='lat' dir='ltr'><strong>seua</strong></span> <span class='ocrx_word' id='word_1_6' title='bbox 1098 409 1216 465; x_wconf 70' lang='lat' dir='ltr'><strong>unu,</strong></span> 
     </span>
    </p>
   </div>
   <div class='ocr_carea' id='block_1_2' title="bbox 309 582 1754 3345">
    <p class='ocr_par' dir='ltr' id='par_1_2' title="bbox 353 582 1754 2185">
     <span class='ocr_line' id='line_1_2' title="bbox 409 582 1670 670; baseline 0 -18"><span class='ocrx_word' id='word_1_7' title='bbox 409 586 463 652; x_wconf 72' lang='lat' dir='ltr'><strong>mg.</strong></span> <span class='ocrx_word' id='word_1_8' title='bbox 483 582 525 637; x_wconf 77' lang='lat'><strong>⁶²·</strong></span> <span class='ocrx_word' id='word_1_9' title='bbox 703 584 841 650; x_wconf 88' lang='lat' dir='ltr'><strong>Secundo</strong></span> <span class='ocrx_word' id='word_1_10' title='bbox 863 588 955 668; x_wconf 91' lang='lat' dir='ltr'><strong>igitur</strong></span> <span class='ocrx_word' id='word_1_11' title='bbox 978 588 1034 651; x_wconf 89' lang='lat' dir='ltr'><strong>hoc</strong></span> <span class='ocrx_word' id='word_1_12' title='bbox 1058 589 1205 665; x_wconf 86' lang='lat' dir='ltr'><strong>desidero,</strong></span> <span class='ocrx_word' id='word_1_13' title='bbox 1231 590 1309 670; x_wconf 90' lang='lat' dir='ltr'><strong>qnod</strong></span> <span class='ocrx_word' id='word_1_14' title='bbox 1327 589 1356 653; x_wconf 91' lang='lat' dir='ltr'><strong>in</strong></span> <span class='ocrx_word' id='word_1_15' title='bbox 1372 588 1487 658; x_wconf 86' lang='lat' dir='ltr'><strong>tabella</strong></span> <span class='ocrx_word' id='word_1_16' title='bbox 1509 590 1670 653; x_wconf 90' lang='lat' dir='ltr'><strong>reducendi</strong></span> 
     </span>
     <span class='ocr_line' id='line_1_3' title="bbox 353 676 1670 742; baseline 0 -2"><span class='ocrx_word' id='word_1_17' title='bbox 353 678 371 721; x_wconf 56' lang='grc' dir='ltr'><strong>Α</strong></span> <span class='ocrx_word' id='word_1_18' title='bbox 611 677 758 741; x_wconf 86' lang='lat' dir='ltr'><strong>rationem</strong></span> <span class='ocrx_word' id='word_1_19' title='bbox 780 696 837 738; x_wconf 92' lang='lat' dir='ltr'><strong>non</strong></span> <span class='ocrx_word' id='word_1_20' title='bbox 861 677 971 739; x_wconf 91' lang='lat' dir='ltr'><strong>bonam</strong></span> <span class='ocrx_word' id='word_1_21' title='bbox 995 676 1092 741; x_wconf 88' lang='lat' dir='ltr'><strong>secuti</strong></span> <span class='ocrx_word' id='word_1_22' title='bbox 1114 686 1194 741; x_wconf 88' lang='lat' dir='ltr'><strong>sunt.</strong></span> <span class='ocrx_word' id='word_1_23' title='bbox 1232 679 1312 742; x_wconf 91' lang='lat' dir='ltr'><strong>Nam</strong></span> <span class='ocrx_word' id='word_1_24' title='bbox 1335 680 1406 742; x_wconf 90' lang='lat' dir='ltr'><strong>dato</strong></span> <span class='ocrx_word' id='word_1_25' title='bbox 1429 679 1457 741; x_wconf 93' lang='grc' dir='ltr'>Ε</span> <span class='ocrx_word' id='word_1_26' title='bbox 1479 680 1545 742; x_wconf 91' lang='lat' dir='ltr'><strong>loco</strong></span> <span class='ocrx_word' id='word_1_27' title='bbox 1559 678 1670 741; x_wconf 87' lang='lat' dir='ltr'><strong>Martis</strong></span> 
     </span>
     <span class='ocr_line' id='line_1_4' title="bbox 611 764 1668 848; baseline 0.004 -19"><span class='ocrx_word' id='word_1_28' title='bbox 611 766 749 847; x_wconf 85' lang='lat' dir='ltr'><strong>ecliptico</strong></span> <span class='ocrx_word' id='word_1_29' title='bbox 780 774 812 827; x_wconf 93' lang='grc' dir='ltr'><strong>ει</strong></span> <span class='ocrx_word' id='word_1_30' title='bbox 842 764 897 828; x_wconf 99' lang='grc' dir='ltr'><strong>ΕΟ</strong></span> <span class='ocrx_word' id='word_1_31' title='bbox 930 766 1090 831; x_wconf 90' lang='lat' dir='ltr'><strong>latitudine</strong></span> <span class='ocrx_word' id='word_1_32' title='bbox 1123 767 1207 841; x_wconf 88' lang='lat' dir='ltr'><strong>visa,</strong></span> <span class='ocrx_word' id='word_1_33' title='bbox 1241 777 1454 848; x_wconf 84' lang='lat' dir='ltr'><strong>computarent</strong></span> <span class='ocrx_word' id='word_1_34' title='bbox 1485 768 1579 848; x_wconf 84' lang='lat' dir='ltr'><strong>ipsius</strong></span> <span class='ocrx_word' id='word_1_35' title='bbox 1609 766 1668 833; x_wconf 85' lang='grc' dir='ltr'><strong>ΑΟ</strong></span> 
     </span>
     <span class='ocr_line' id='line_1_5' title="bbox 593 856 1670 938; baseline 0 -21"><span class='ocrx_word' id='word_1_36' title='bbox 593 856 823 936; x_wconf 63' lang='lat' dir='ltr'><strong>,longitudinem</strong></span> <span class='ocrx_word' id='word_1_37' title='bbox 853 864 885 917; x_wconf 88' lang='lat' dir='ltr'><strong>et</strong></span> <span class='ocrx_word' id='word_1_38' title='bbox 912 863 1088 937; x_wconf 87' lang='lat' dir='ltr'><strong>posueruut,</strong></span> <span class='ocrx_word' id='word_1_39' title='bbox 1127 864 1196 918; x_wconf 91' lang='lat' dir='ltr'><strong>tuuc</strong></span> <span class='ocrx_word' id='word_1_40' title='bbox 1229 857 1383 938; x_wconf 80' lang='lat' dir='ltr'>planetam</span> <span class='ocrx_word' id='word_1_41' title='bbox 1416 858 1447 921; x_wconf 90' lang='lat' dir='ltr'><strong>iu</strong></span> <span class='ocrx_word' id='word_1_42' title='bbox 1483 857 1583 919; x_wconf 88' lang='lat' dir='ltr'><strong>orbita</strong></span> <span class='ocrx_word' id='word_1_43' title='bbox 1610 876 1670 920; x_wconf 87' lang='lat' dir='ltr'><strong>sua</strong></span> 
     </span>
     <span class='ocr_line' id='line_1_6' title="bbox 607 942 1754 1029; baseline 0.001 -23"><span class='ocrx_word' id='word_1_44' title='bbox 607 946 777 1027; x_wconf 83' lang='lat' dir='ltr'><strong>quantitate</strong></span> <span class='ocrx_word' id='word_1_45' title='bbox 807 942 865 1009; x_wconf 85' lang='grc' dir='ltr'><strong>ΑΟ</strong></span> <span class='ocrx_word' id='word_1_46' title='bbox 898 967 916 1007; x_wconf 92' lang='lat' dir='ltr'><strong>a</strong></span> <span class='ocrx_word' id='word_1_47' title='bbox 944 946 1021 1007; x_wconf 90' lang='lat' dir='ltr'><strong>uodo</strong></span> <span class='ocrx_word' id='word_1_48' title='bbox 1057 945 1214 1029; x_wconf 86' lang='lat' dir='ltr'><strong>removeri.</strong></span> <span class='ocrx_word' id='word_1_49' title='bbox 1260 947 1357 1027; x_wconf 87' lang='lat' dir='ltr'><strong>Atqui</strong></span> <span class='ocrx_word' id='word_1_50' title='bbox 1389 946 1490 1009; x_wconf 88' lang='lat' dir='ltr'><strong>orbita</strong></span> <span class='ocrx_word' id='word_1_51' title='bbox 1525 947 1668 1027; x_wconf 88' lang='lat' dir='ltr'><strong>planetae</strong></span> <span class='ocrx_word' id='word_1_52' title='bbox 1751 989 1754 995; x_wconf 89' lang='lat'>-</span> 
     </span>
     <span class='ocr_line' id='line_1_7' title="bbox 594 1033 1666 1115; baseline 0.002 -20"><span class='ocrx_word' id='word_1_53' title='bbox 594 1034 707 1113; x_wconf 55' lang='lat' dir='ltr'><strong>(cujus</strong></span> <span class='ocrx_word' id='word_1_54' title='bbox 729 1034 856 1114; x_wconf 89' lang='lat' dir='ltr'><strong>primam</strong></span> <span class='ocrx_word' id='word_1_55' title='bbox 875 1034 1122 1113; x_wconf 74' lang='lat' dir='ltr'><strong>inaequalitatem</strong></span> <span class='ocrx_word' id='word_1_56' title='bbox 1145 1034 1377 1115; x_wconf 84' lang='lat' dir='ltr'><strong>investigamus)</strong></span> <span class='ocrx_word' id='word_1_57' title='bbox 1396 1054 1455 1098; x_wconf 93' lang='lat' dir='ltr'><strong>uon</strong></span> <span class='ocrx_word' id='word_1_58' title='bbox 1476 1043 1523 1097; x_wconf 88' lang='lat' dir='ltr'><strong>est</strong></span> <span class='ocrx_word' id='word_1_59' title='bbox 1537 1036 1592 1099; x_wconf 89' lang='lat' dir='ltr'><strong>sub</strong></span> <span class='ocrx_word' id='word_1_60' title='bbox 1608 1033 1666 1099; x_wconf 87' lang='grc' dir='ltr'><strong>ΑΟ</strong></span> 
     </span>
     <span class='ocr_line' id='line_1_8' title="bbox 608 1124 1667 1205; baseline 0.002 -20"><span class='ocrx_word' id='word_1_61' title='bbox 608 1125 661 1185; x_wconf 93' lang='lat' dir='ltr'><strong>sed</strong></span> <span class='ocrx_word' id='word_1_62' title='bbox 684 1124 738 1186; x_wconf 87' lang='lat' dir='ltr'><strong>sub</strong></span> <span class='ocrx_word' id='word_1_63' title='bbox 763 1124 830 1198; x_wconf 89' lang='lat' dir='ltr'><strong>AD,</strong></span> <span class='ocrx_word' id='word_1_64' title='bbox 855 1132 890 1184; x_wconf 91' lang='lat' dir='ltr'><strong>ut</strong></span> <span class='ocrx_word' id='word_1_65' title='bbox 909 1124 974 1203; x_wconf 90' lang='lat' dir='ltr'><strong>jam</strong></span> <span class='ocrx_word' id='word_1_66' title='bbox 996 1130 1161 1187; x_wconf 88' lang='lat' dir='ltr'><strong>ostensum.</strong></span> <span class='ocrx_word' id='word_1_67' title='bbox 1206 1126 1290 1189; x_wconf 90' lang='lat' dir='ltr'><strong>Nihil</strong></span> <span class='ocrx_word' id='word_1_68' title='bbox 1321 1126 1413 1205; x_wconf 87' lang='lat' dir='ltr'><strong>igitur</strong></span> <span class='ocrx_word' id='word_1_69' title='bbox 1442 1126 1556 1187; x_wconf 84' lang='lat' dir='ltr'><strong>attinet</strong></span> <span class='ocrx_word' id='word_1_70' title='bbox 1578 1142 1667 1187; x_wconf 83' lang='lat' dir='ltr'><strong>arcus</strong></span> 
     </span>
     <span class='ocr_line' id='line_1_9' title="bbox 495 1212 1665 1293; baseline 0.001 -19"><span class='ocrx_word' id='word_1_71' title='bbox 495 1239 498 1245; x_wconf 96' lang='lat'><em>·</em></span> <span class='ocrx_word' id='word_1_72' title='bbox 608 1212 665 1275; x_wconf 83' lang='grc' dir='ltr'><strong>ΔΟ</strong></span> <span class='ocrx_word' id='word_1_73' title='bbox 689 1212 728 1275; x_wconf 90' lang='lat' dir='ltr'><strong>ad</strong></span> <span class='ocrx_word' id='word_1_74' title='bbox 750 1212 996 1292; x_wconf 85' lang='lat' dir='ltr'><strong>inaequalitatem</strong></span> <span class='ocrx_word' id='word_1_75' title='bbox 1015 1214 1149 1293; x_wconf 88' lang='lat' dir='ltr'><strong>primam,</strong></span> <span class='ocrx_word' id='word_1_76' title='bbox 1174 1216 1229 1275; x_wconf 90' lang='lat' dir='ltr'><strong>sed</strong></span> <span class='ocrx_word' id='word_1_77' title='bbox 1248 1214 1402 1277; x_wconf 84' lang='lat' dir='ltr'><strong>adulterat</strong></span> <span class='ocrx_word' id='word_1_78' title='bbox 1418 1234 1508 1276; x_wconf 86' lang='lat' dir='ltr'><strong>veras</strong></span> <span class='ocrx_word' id='word_1_79' title='bbox 1522 1214 1665 1293; x_wconf 88' lang='lat' dir='ltr'><strong>planetae</strong></span> 
     </span>
     <span class='ocr_line' id='line_1_10' title="bbox 478 1281 1667 1386; baseline 0.003 -25"><span class='ocrx_word' id='word_1_80' title='bbox 478 1281 515 1386; x_wconf 54' lang='lat' dir='ltr'><strong>,s</strong></span> <span class='ocrx_word' id='word_1_81' title='bbox 607 1302 814 1381; x_wconf 90' lang='lat' dir='ltr'><strong>elongatioues</strong></span> <span class='ocrx_word' id='word_1_82' title='bbox 838 1302 875 1362; x_wconf 86' lang='lat' dir='ltr'><strong>ab</strong></span> <span class='ocrx_word' id='word_1_83' title='bbox 900 1303 939 1363; x_wconf 89' lang='lat' dir='ltr'><strong>A.</strong></span> <span class='ocrx_word' id='word_1_84' title='bbox 985 1301 1107 1363; x_wconf 86' lang='lat' dir='ltr'><strong>Etenim</strong></span> <span class='ocrx_word' id='word_1_85' title='bbox 1135 1302 1201 1364; x_wconf 90' lang='lat' dir='ltr'><strong>visa</strong></span> <span class='ocrx_word' id='word_1_86' title='bbox 1234 1303 1361 1365; x_wconf 88' lang='lat' dir='ltr'><strong>latitudo</strong></span> <span class='ocrx_word' id='word_1_87' title='bbox 1385 1311 1433 1366; x_wconf 89' lang='lat' dir='ltr'><strong>est</strong></span> <span class='ocrx_word' id='word_1_88' title='bbox 1456 1302 1559 1379; x_wconf 86' lang='grc' dir='ltr'>ΕΗΟ,</span> <span class='ocrx_word' id='word_1_89' title='bbox 1592 1321 1667 1365; x_wconf 88' lang='lat' dir='ltr'><strong>vera</strong></span> 
     </span>
     <span class='ocr_line' id='line_1_11' title="bbox 499 1390 1662 1472; baseline 0.001 -20"><span class='ocrx_word' id='word_1_90' title='bbox 499 1435 539 1471; x_wconf 38' lang='grc' dir='ltr'>χ</span> <span class='ocrx_word' id='word_1_91' title='bbox 609 1400 707 1452; x_wconf 90' lang='lat' dir='ltr'><strong>autem</strong></span> <span class='ocrx_word' id='word_1_92' title='bbox 730 1391 871 1470; x_wconf 88' lang='lat' dir='ltr'><strong>punctiF</strong></span> <span class='ocrx_word' id='word_1_93' title='bbox 893 1390 1033 1464; x_wconf 89' lang='lat' dir='ltr'><strong>latitudo,</strong></span> <span class='ocrx_word' id='word_1_94' title='bbox 1057 1411 1109 1453; x_wconf 89' lang='lat' dir='ltr'><strong>sen</strong></span> <span class='ocrx_word' id='word_1_95' title='bbox 1132 1391 1285 1455; x_wconf 85' lang='lat' dir='ltr'><strong>inclinatio</strong></span> <span class='ocrx_word' id='word_1_96' title='bbox 1309 1392 1405 1455; x_wconf 84' lang='lat' dir='ltr'><strong>haeae</strong></span> <span class='ocrx_word' id='word_1_97' title='bbox 1424 1390 1479 1455; x_wconf 77' lang='grc' dir='ltr'><strong>ΟΕ</strong></span> <span class='ocrx_word' id='word_1_98' title='bbox 1502 1393 1540 1454; x_wconf 93' lang='lat' dir='ltr'><strong>ad</strong></span> <span class='ocrx_word' id='word_1_99' title='bbox 1565 1390 1662 1472; x_wconf 87' lang='lat' dir='ltr'><strong>eclip-</strong></span> 
     </span>
     <span class='ocr_line' id='line_1_12' title="bbox 407 1466 1663 1567; baseline 0.002 -27"><span class='ocrx_word' id='word_1_100' title='bbox 407 1531 409 1561; x_wconf 33' lang='grc' dir='ltr'><strong>ἒ</strong></span> <span class='ocrx_word' id='word_1_101' title='bbox 457 1542 490 1567; x_wconf 36' lang='grc' dir='ltr'>Ἢ</span> <span class='ocrx_word' id='word_1_102' title='bbox 539 1466 548 1479; x_wconf 62' lang='grc'><strong>’</strong></span> <span class='ocrx_word' id='word_1_103' title='bbox 608 1482 708 1549; x_wconf 88' lang='lat' dir='ltr'><strong>ticam,</strong></span> <span class='ocrx_word' id='word_1_104' title='bbox 732 1490 781 1540; x_wconf 88' lang='lat' dir='ltr'><strong>est</strong></span> <span class='ocrx_word' id='word_1_105' title='bbox 804 1478 896 1542; x_wconf 81' lang='grc' dir='ltr'>ΕΟΕ.</span> <span class='ocrx_word' id='word_1_106' title='bbox 937 1480 1042 1559; x_wconf 89' lang='lat' dir='ltr'><strong>Itaque</strong></span> <span class='ocrx_word' id='word_1_107' title='bbox 1067 1481 1124 1541; x_wconf 87' lang='lat' dir='ltr'><strong>etsi</strong></span> <span class='ocrx_word' id='word_1_108' title='bbox 1148 1482 1279 1543; x_wconf 87' lang='lat' dir='ltr'><strong>secunda</strong></span> <span class='ocrx_word' id='word_1_109' title='bbox 1302 1482 1503 1562; x_wconf 83' lang='lat' dir='ltr'><strong>inaequalitas</strong></span> <span class='ocrx_word' id='word_1_110' title='bbox 1526 1481 1663 1561; x_wconf 91' lang='lat' dir='ltr'><strong>longitu-</strong></span> 
     </span>
     <span class='ocr_line' id='line_1_13' title="bbox 607 1568 1664 1654; baseline 0.003 -23.701"><span class='ocrx_word' id='word_1_111' title='bbox 607 1570 685 1631; x_wconf 91' lang='lat' dir='ltr'><strong>dinis</strong></span> <span class='ocrx_word' id='word_1_112' title='bbox 709 1569 887 1631; x_wconf 85' lang='lat' dir='ltr'><strong>absorbetur</strong></span> <span class='ocrx_word' id='word_1_113' title='bbox 908 1569 937 1630; x_wconf 92' lang='lat' dir='ltr'><strong>iu</strong></span> <span class='ocrx_word' id='word_1_114' title='bbox 962 1568 1150 1654; x_wconf 87' lang='lat' dir='ltr'><strong>oppositione</strong></span> <span class='ocrx_word' id='word_1_115' title='bbox 1172 1590 1240 1633; x_wconf 88' lang='lat' dir='ltr'><strong>cum</strong></span> <span class='ocrx_word' id='word_1_116' title='bbox 1263 1568 1345 1646; x_wconf 89' lang='lat' dir='ltr'><strong>Sole,</strong></span> <span class='ocrx_word' id='word_1_117' title='bbox 1370 1570 1537 1633; x_wconf 90' lang='lat' dir='ltr'><strong>latitudinis</strong></span> <span class='ocrx_word' id='word_1_118' title='bbox 1560 1578 1664 1633; x_wconf 88' lang='lat' dir='ltr'><strong>tamen</strong></span> 
     </span>
     <span class='ocr_line' id='line_1_14' title="bbox 607 1657 1665 1739; baseline 0.002 -20"><span class='ocrx_word' id='word_1_119' title='bbox 607 1657 806 1738; x_wconf 85' lang='lat' dir='ltr'><strong>inaequalitas</strong></span> <span class='ocrx_word' id='word_1_120' title='bbox 831 1659 963 1720; x_wconf 89' lang='lat' dir='ltr'><strong>secunda</strong></span> <span class='ocrx_word' id='word_1_121' title='bbox 987 1668 1057 1720; x_wconf 90' lang='lat' dir='ltr'><strong>tuuc</strong></span> <span class='ocrx_word' id='word_1_122' title='bbox 1081 1660 1213 1721; x_wconf 84' lang='lat' dir='ltr'><strong>estsere</strong></span> <span class='ocrx_word' id='word_1_123' title='bbox 1236 1660 1367 1723; x_wconf 86' lang='lat' dir='ltr'><strong>maxima</strong></span> <span class='ocrx_word' id='word_1_124' title='bbox 1390 1669 1575 1723; x_wconf 88' lang='lat' dir='ltr'><strong>etmensura</strong></span> <span class='ocrx_word' id='word_1_125' title='bbox 1597 1660 1665 1739; x_wconf 91' lang='lat' dir='ltr'><strong>ejus</strong></span> 
     </span>
     <span class='ocr_line' id='line_1_15' title="bbox 607 1745 1663 1830; baseline 0.003 -22"><span class='ocrx_word' id='word_1_126' title='bbox 607 1745 753 1811; x_wconf 87' lang='lat' dir='ltr'><strong>est.HIG</strong></span> <span class='ocrx_word' id='word_1_127' title='bbox 776 1748 914 1825; x_wconf 90' lang='lat' dir='ltr'><strong>angulus.</strong></span> <span class='ocrx_word' id='word_1_128' title='bbox 962 1746 1219 1817; x_wconf 84' lang='lat' dir='ltr'><strong>Quemadmodum</strong></span> <span class='ocrx_word' id='word_1_129' title='bbox 1242 1748 1333 1830; x_wconf 90' lang='lat' dir='ltr'><strong>igitur</strong></span> <span class='ocrx_word' id='word_1_130' title='bbox 1362 1757 1428 1811; x_wconf 87' lang='lat' dir='ltr'><strong>tota</strong></span> <span class='ocrx_word' id='word_1_131' title='bbox 1455 1749 1583 1811; x_wconf 87' lang='lat' dir='ltr'><strong>latitudo</strong></span> <span class='ocrx_word' id='word_1_132' title='bbox 1606 1748 1663 1811; x_wconf 87' lang='grc' dir='ltr'><strong>ΕΟ</strong></span> 
     </span>
     <span class='ocr_line' id='line_1_16' title="bbox 607 1830 1663 1918; baseline 0.002 -21"><span class='ocrx_word' id='word_1_133' title='bbox 607 1830 708 1911; x_wconf 85' lang='lat' dir='ltr'><strong>efficit,</strong></span> <span class='ocrx_word' id='word_1_134' title='bbox 733 1845 766 1898; x_wconf 92' lang='lat' dir='ltr'><strong>ut</strong></span> <span class='ocrx_word' id='word_1_135' title='bbox 788 1836 845 1900; x_wconf 83' lang='lat' dir='ltr'><strong>Ao</strong></span> <span class='ocrx_word' id='word_1_136' title='bbox 870 1836 984 1916; x_wconf 82' lang='lat' dir='ltr'><strong>longior</strong></span> <span class='ocrx_word' id='word_1_137' title='bbox 1014 1837 1056 1898; x_wconf 88' lang='lat' dir='ltr'><strong>sit</strong></span> <span class='ocrx_word' id='word_1_138' title='bbox 1077 1856 1165 1917; x_wconf 90' lang='lat' dir='ltr'><strong>quam</strong></span> <span class='ocrx_word' id='word_1_139' title='bbox 1189 1836 1245 1899; x_wconf 82' lang='grc' dir='ltr'><strong>ΑΕ</strong></span> <span class='ocrx_word' id='word_1_140' title='bbox 1273 1856 1344 1901; x_wconf 86' lang='lat' dir='ltr'><strong>arcu</strong></span> <span class='ocrx_word' id='word_1_141' title='bbox 1367 1838 1439 1901; x_wconf 85' lang='lat' dir='ltr'><strong>EB:</strong></span> <span class='ocrx_word' id='word_1_142' title='bbox 1468 1837 1513 1899; x_wconf 88' lang='lat' dir='ltr'><strong>ita</strong></span> <span class='ocrx_word' id='word_1_143' title='bbox 1535 1845 1567 1899; x_wconf 91' lang='lat' dir='ltr'><strong>et</strong></span> <span class='ocrx_word' id='word_1_144' title='bbox 1589 1857 1663 1918; x_wconf 84' lang='lat' dir='ltr'><strong>pars</strong></span> 
     </span>
     <span class='ocr_line' id='line_1_17' title="bbox 606 1925 1663 2008; baseline 0.004 -23"><span class='ocrx_word' id='word_1_145' title='bbox 606 1926 693 2007; x_wconf 86' lang='lat' dir='ltr'><strong>hujus</strong></span> <span class='ocrx_word' id='word_1_146' title='bbox 716 1925 884 1987; x_wconf 88' lang='lat' dir='ltr'><strong>latitudinis</strong></span> <span class='ocrx_word' id='word_1_147' title='bbox 908 1925 990 1987; x_wconf 87' lang='lat' dir='ltr'><strong>visae</strong></span> <span class='ocrx_word' id='word_1_148' title='bbox 1005 1926 1056 1989; x_wconf 86' lang='lat' dir='ltr'><strong>FO</strong></span> <span class='ocrx_word' id='word_1_149' title='bbox 1080 1926 1129 1987; x_wconf 87' lang='lat' dir='ltr'><strong>vel</strong></span> <span class='ocrx_word' id='word_1_150' title='bbox 1148 1925 1235 2001; x_wconf 88' lang='lat' dir='ltr'><strong>HIG,</strong></span> <span class='ocrx_word' id='word_1_151' title='bbox 1260 1947 1336 2007; x_wconf 90' lang='lat' dir='ltr'><strong>quae</strong></span> <span class='ocrx_word' id='word_1_152' title='bbox 1360 1935 1409 1990; x_wconf 88' lang='lat' dir='ltr'><strong>est</strong></span> <span class='ocrx_word' id='word_1_153' title='bbox 1432 1946 1469 1989; x_wconf 90' lang='lat' dir='ltr'><strong>ex</strong></span> <span class='ocrx_word' id='word_1_154' title='bbox 1491 1927 1663 2008; x_wconf 89' lang='lat' dir='ltr'><strong>inaequali-</strong></span> 
     </span>
     <span class='ocr_line' id='line_1_18' title="bbox 606 2014 1661 2097; baseline 0.003 -22"><span class='ocrx_word' id='word_1_155' title='bbox 606 2024 670 2076; x_wconf 88' lang='lat' dir='ltr'><strong>tate</strong></span> <span class='ocrx_word' id='word_1_156' title='bbox 693 2015 834 2089; x_wconf 91' lang='lat' dir='ltr'><strong>secunda,</strong></span> <span class='ocrx_word' id='word_1_157' title='bbox 859 2014 965 2089; x_wconf 84' lang='lat' dir='ltr'><strong>eflicit,</strong></span> <span class='ocrx_word' id='word_1_158' title='bbox 988 2023 1023 2079; x_wconf 91' lang='lat' dir='ltr'><strong>ut</strong></span> <span class='ocrx_word' id='word_1_159' title='bbox 1046 2014 1151 2076; x_wconf 87' lang='lat' dir='ltr'><strong>eadem</strong></span> <span class='ocrx_word' id='word_1_160' title='bbox 1173 2015 1229 2079; x_wconf 89' lang='grc' dir='ltr'><strong>ΑΟ</strong></span> <span class='ocrx_word' id='word_1_161' title='bbox 1262 2016 1376 2096; x_wconf 89' lang='lat' dir='ltr'><strong>longior</strong></span> <span class='ocrx_word' id='word_1_162' title='bbox 1405 2016 1446 2078; x_wconf 90' lang='lat' dir='ltr'><strong>sit</strong></span> <span class='ocrx_word' id='word_1_163' title='bbox 1476 2034 1564 2097; x_wconf 89' lang='lat' dir='ltr'><strong>quam</strong></span> <span class='ocrx_word' id='word_1_164' title='bbox 1585 2016 1661 2079; x_wconf 77' lang='lat' dir='ltr'><strong>Ar:</strong></span> 
     </span>
     <span class='ocr_line' id='line_1_19' title="bbox 606 2104 1661 2185; baseline 0.002 -20"><span class='ocrx_word' id='word_1_165' title='bbox 606 2104 721 2183; x_wconf 90' lang='lat' dir='ltr'><strong>longior</strong></span> <span class='ocrx_word' id='word_1_166' title='bbox 752 2104 844 2184; x_wconf 90' lang='lat' dir='ltr'><strong>igitur</strong></span> <span class='ocrx_word' id='word_1_167' title='bbox 869 2104 965 2183; x_wconf 90' lang='lat' dir='ltr'><strong>justo.</strong></span> <span class='ocrx_word' id='word_1_168' title='bbox 1012 2104 1112 2183; x_wconf 86' lang='lat' dir='ltr'><strong>Atque</strong></span> <span class='ocrx_word' id='word_1_169' title='bbox 1145 2106 1200 2167; x_wconf 91' lang='lat' dir='ltr'><strong>hoc</strong></span> <span class='ocrx_word' id='word_1_170' title='bbox 1233 2114 1389 2185; x_wconf 88' lang='lat' dir='ltr'><strong>peccatum</strong></span> <span class='ocrx_word' id='word_1_171' title='bbox 1419 2105 1567 2167; x_wconf 84' lang='lat' dir='ltr'><strong>contemni</strong></span> <span class='ocrx_word' id='word_1_172' title='bbox 1601 2125 1661 2167; x_wconf 90' lang='lat' dir='ltr'><strong>non</strong></span> 
     </span>
    </p>

    <p class='ocr_par' dir='ltr' id='par_1_3' title="bbox 605 2190 1106 2271">
     <span class='ocr_line' id='line_1_20' title="bbox 605 2190 1106 2271; baseline 0.002 -17"><span class='ocrx_word' id='word_1_173' title='bbox 605 2201 726 2271; x_wconf 87' lang='lat' dir='ltr'><strong>potest;</strong></span> <span class='ocrx_word' id='word_1_174' title='bbox 749 2194 879 2255; x_wconf 85' lang='lat' dir='ltr'><strong>excurrit</strong></span> <span class='ocrx_word' id='word_1_175' title='bbox 902 2193 979 2254; x_wconf 90' lang='lat' dir='ltr'><strong>enim</strong></span> <span class='ocrx_word' id='word_1_176' title='bbox 1002 2193 1041 2254; x_wconf 88' lang='lat' dir='ltr'><strong>ad</strong></span> <span class='ocrx_word' id='word_1_177' title='bbox 1065 2190 1106 2257; x_wconf 86' lang='lat'><strong>9¹.</strong></span> 
     </span>
    </p>

    <p class='ocr_par' dir='ltr' id='par_1_4' title="bbox 442 2280 1658 2540">
     <span class='ocr_line' id='line_1_21' title="bbox 693 2280 1658 2363; baseline 0.002 -19"><span class='ocrx_word' id='word_1_178' title='bbox 693 2282 796 2345; x_wconf 89' lang='lat' dir='ltr'><strong>Potuit</strong></span> <span class='ocrx_word' id='word_1_179' title='bbox 818 2301 902 2344; x_wconf 87' lang='lat' dir='ltr'><strong>error</strong></span> <span class='ocrx_word' id='word_1_180' title='bbox 922 2282 972 2343; x_wconf 88' lang='lat' dir='ltr'><strong>vel</strong></span> <span class='ocrx_word' id='word_1_181' title='bbox 995 2302 1032 2341; x_wconf 92' lang='lat' dir='ltr'><strong>ex</strong></span> <span class='ocrx_word' id='word_1_182' title='bbox 1046 2302 1081 2342; x_wconf 90' lang='lat' dir='ltr'><strong>eo</strong></span> <span class='ocrx_word' id='word_1_183' title='bbox 1106 2280 1296 2360; x_wconf 85' lang='lat' dir='ltr'><strong>deprehendi,</strong></span> <span class='ocrx_word' id='word_1_184' title='bbox 1321 2282 1399 2363; x_wconf 92' lang='lat' dir='ltr'><strong>quod</strong></span> <span class='ocrx_word' id='word_1_185' title='bbox 1422 2283 1548 2362; x_wconf 87' lang='lat' dir='ltr'><strong>angulus</strong></span> <span class='ocrx_word' id='word_1_186' title='bbox 1562 2282 1658 2361; x_wconf 73' lang='lat' dir='ltr'><strong>Bac,</strong></span> 
     </span>
     <span class='ocr_line' id='line_1_22' title="bbox 442 2370 1656 2458; baseline -0.002 -20"><span class='ocrx_word' id='word_1_187' title='bbox 442 2396 529 2458; x_wconf 90' lang='lat' dir='ltr'><strong>quem</strong></span> <span class='ocrx_word' id='word_1_188' title='bbox 552 2375 720 2438; x_wconf 90' lang='lat' dir='ltr'><strong>tribuerunt</strong></span> <span class='ocrx_word' id='word_1_189' title='bbox 748 2372 933 2433; x_wconf 85' lang='lat' dir='ltr'><strong>inclinationi</strong></span> <span class='ocrx_word' id='word_1_190' title='bbox 963 2371 1119 2450; x_wconf 89' lang='lat' dir='ltr'><strong>planorum</strong></span> <span class='ocrx_word' id='word_1_191' title='bbox 1151 2370 1308 2449; x_wconf 83' lang='lat' dir='ltr'><strong>eclipticas</strong></span> <span class='ocrx_word' id='word_1_192' title='bbox 1333 2380 1364 2433; x_wconf 91' lang='lat' dir='ltr'><strong>et</strong></span> <span class='ocrx_word' id='word_1_193' title='bbox 1393 2372 1509 2435; x_wconf 87' lang='lat' dir='ltr'><strong>orbitae</strong></span> <span class='ocrx_word' id='word_1_194' title='bbox 1534 2372 1656 2447; x_wconf 86' lang='lat' dir='ltr'><strong>Martis,</strong></span> 
     </span>
     <span class='ocr_line' id='line_1_23' title="bbox 443 2454 1657 2540; baseline -0.002 -15"><span class='ocrx_word' id='word_1_195' title='bbox 443 2479 500 2527; x_wconf 89' lang='lat' dir='ltr'><strong>nou</strong></span> <span class='ocrx_word' id='word_1_196' title='bbox 535 2469 637 2526; x_wconf 89' lang='lat' dir='ltr'><strong>manet</strong></span> <span class='ocrx_word' id='word_1_197' title='bbox 667 2468 820 2521; x_wconf 87' lang='lat' dir='ltr'><strong>constans.</strong></span> <span class='ocrx_word' id='word_1_198' title='bbox 855 2460 903 2522; x_wconf 86' lang='lat' dir='ltr'><strong>.Id</strong></span> <span class='ocrx_word' id='word_1_199' title='bbox 927 2462 1004 2521; x_wconf 88' lang='lat' dir='ltr'><strong>euim</strong></span> <span class='ocrx_word' id='word_1_200' title='bbox 1035 2454 1072 2520; x_wconf 83' lang='lat' dir='ltr'><strong>ex</strong></span> <span class='ocrx_word' id='word_1_201' title='bbox 1104 2459 1285 2521; x_wconf 86' lang='lat' dir='ltr'><strong>resolutione</strong></span> <span class='ocrx_word' id='word_1_202' title='bbox 1318 2468 1421 2540; x_wconf 87' lang='lat' dir='ltr'><strong>patet,</strong></span> <span class='ocrx_word' id='word_1_203' title='bbox 1452 2462 1480 2523; x_wconf 88' lang='lat' dir='ltr'><strong>si</strong></span> <span class='ocrx_word' id='word_1_204' title='bbox 1512 2468 1657 2540; x_wconf 88' lang='lat' dir='ltr'><strong>quautam</strong></span> 
     </span>
    </p>

    <p class='ocr_par' dir='ltr' id='par_1_5' title="bbox 309 2522 1656 2899">
     <span class='ocr_line' id='line_1_24' title="bbox 310 2522 1656 2631; baseline 0 -18"><span class='ocrx_word' id='word_1_205' title='bbox 310 2526 338 2581; x_wconf 72' lang='lat'><strong>⁴·</strong></span> <span class='ocrx_word' id='word_1_206' title='bbox 363 2522 402 2582; x_wconf 70' lang='lat'><strong>⁵8</strong></span> <span class='ocrx_word' id='word_1_207' title='bbox 440 2554 626 2617; x_wconf 86' lang='lat' dir='ltr'><strong>additionem</strong></span> <span class='ocrx_word' id='word_1_208' title='bbox 648 2549 754 2611; x_wconf 89' lang='lat' dir='ltr'><strong>tabula</strong></span> <span class='ocrx_word' id='word_1_209' title='bbox 776 2548 930 2629; x_wconf 82' lang='lat' dir='ltr'><strong>exprimit,</strong></span> <span class='ocrx_word' id='word_1_210' title='bbox 963 2558 1049 2611; x_wconf 88' lang='lat' dir='ltr'><strong>tanto</strong></span> <span class='ocrx_word' id='word_1_211' title='bbox 1078 2556 1198 2610; x_wconf 89' lang='lat' dir='ltr'><strong>auctum</strong></span> <span class='ocrx_word' id='word_1_212' title='bbox 1225 2567 1321 2628; x_wconf 89' lang='lat' dir='ltr'><strong>ponas</strong></span> <span class='ocrx_word' id='word_1_213' title='bbox 1354 2568 1453 2613; x_wconf 89' lang='lat' dir='ltr'><strong>arcum</strong></span> <span class='ocrx_word' id='word_1_214' title='bbox 1476 2548 1533 2612; x_wconf 78' lang='grc' dir='ltr'><strong>ΑΟ</strong></span> <span class='ocrx_word' id='word_1_215' title='bbox 1558 2568 1656 2631; x_wconf 86' lang='lat' dir='ltr'><strong>exque</strong></span> 
     </span>
     <span class='ocr_line' id='line_1_25' title="bbox 310 2637 1656 2719; baseline 0.004 -24"><span class='ocrx_word' id='word_1_216' title='bbox 310 2640 338 2695; x_wconf 77' lang='lat' dir='ltr'><strong>l.</strong></span> <span class='ocrx_word' id='word_1_217' title='bbox 363 2638 402 2696; x_wconf 86' lang='lat'><strong>58</strong></span> <span class='ocrx_word' id='word_1_218' title='bbox 442 2661 477 2703; x_wconf 92' lang='lat' dir='ltr'><strong>eo</strong></span> <span class='ocrx_word' id='word_1_219' title='bbox 501 2651 533 2706; x_wconf 89' lang='lat' dir='ltr'><strong>et</strong></span> <span class='ocrx_word' id='word_1_220' title='bbox 558 2642 612 2706; x_wconf 90' lang='grc' dir='ltr'><strong>ΕΟ</strong></span> <span class='ocrx_word' id='word_1_221' title='bbox 645 2647 800 2717; x_wconf 90' lang='lat' dir='ltr'><strong>computes</strong></span> <span class='ocrx_word' id='word_1_222' title='bbox 826 2637 912 2701; x_wconf 83' lang='lat' dir='ltr'><strong>EAG</strong></span> <span class='ocrx_word' id='word_1_223' title='bbox 944 2639 1093 2717; x_wconf 90' lang='lat' dir='ltr'><strong>angulum.</strong></span> <span class='ocrx_word' id='word_1_224' title='bbox 1140 2638 1292 2700; x_wconf 90' lang='lat' dir='ltr'><strong>Prodeunt</strong></span> <span class='ocrx_word' id='word_1_225' title='bbox 1322 2639 1399 2701; x_wconf 90' lang='lat' dir='ltr'><strong>enim</strong></span> <span class='ocrx_word' id='word_1_226' title='bbox 1432 2638 1534 2719; x_wconf 89' lang='lat' dir='ltr'><strong>anguli</strong></span> <span class='ocrx_word' id='word_1_227' title='bbox 1563 2648 1596 2701; x_wconf 91' lang='lat' dir='ltr'><strong>ut</strong></span> <span class='ocrx_word' id='word_1_228' title='bbox 1625 2640 1656 2701; x_wconf 91' lang='lat' dir='ltr'><strong>iu</strong></span> 
     </span>
     <span class='ocr_line' id='line_1_26' title="bbox 309 2726 1655 2813; baseline -0.001 -21"><span class='ocrx_word' id='word_1_229' title='bbox 309 2754 336 2812; x_wconf 50' lang='lat'><strong>4,</strong></span> <span class='ocrx_word' id='word_1_230' title='bbox 381 2754 401 2812; x_wconf 85' lang='lat'>0</span> <span class='ocrx_word' id='word_1_231' title='bbox 442 2730 563 2813; x_wconf 87' lang='lat' dir='ltr'><strong>adjecta</strong></span> <span class='ocrx_word' id='word_1_232' title='bbox 587 2728 717 2793; x_wconf 85' lang='lat' dir='ltr'><strong>tabella:</strong></span> <span class='ocrx_word' id='word_1_233' title='bbox 749 2746 786 2788; x_wconf 87' lang='lat' dir='ltr'><strong>ex</strong></span> <span class='ocrx_word' id='word_1_234' title='bbox 809 2747 867 2809; x_wconf 93' lang='lat' dir='ltr'><strong>qua</strong></span> <span class='ocrx_word' id='word_1_235' title='bbox 890 2737 1032 2808; x_wconf 89' lang='lat' dir='ltr'><strong>apparet,</strong></span> <span class='ocrx_word' id='word_1_236' title='bbox 1064 2726 1094 2789; x_wconf 93' lang='lat' dir='ltr'><strong>in</strong></span> <span class='ocrx_word' id='word_1_237' title='bbox 1118 2726 1304 2791; x_wconf 87' lang='lat' dir='ltr'><strong>semicirculo</strong></span> <span class='ocrx_word' id='word_1_238' title='bbox 1336 2728 1451 2792; x_wconf 89' lang='lat' dir='ltr'><strong>boreali</strong></span> <span class='ocrx_word' id='word_1_239' title='bbox 1483 2728 1566 2810; x_wconf 90' lang='lat' dir='ltr'><strong>ipsos</strong></span> <span class='ocrx_word' id='word_1_240' title='bbox 1590 2729 1655 2792; x_wconf 85' lang='lat' dir='ltr'><strong>lere</strong></span> 
     </span>
     <span class='ocr_line' id='line_1_27' title="bbox 440 2813 1655 2899; baseline -0.002 -17"><span class='ocrx_word' id='word_1_241' title='bbox 440 2822 576 2899; x_wconf 91' lang='lat' dir='ltr'><strong>posuisse</strong></span> <span class='ocrx_word' id='word_1_242' title='bbox 609 2819 749 2898; x_wconf 89' lang='lat' dir='ltr'><strong>angulum</strong></span> <span class='ocrx_word' id='word_1_243' title='bbox 781 2817 929 2880; x_wconf 88' lang='lat' dir='ltr'><strong>maximae</strong></span> <span class='ocrx_word' id='word_1_244' title='bbox 962 2815 1128 2879; x_wconf 87' lang='lat' dir='ltr'><strong>latitudinis</strong></span> <span class='ocrx_word' id='word_1_245' title='bbox 1160 2817 1291 2882; x_wconf 87' lang='lat' dir='ltr'><strong>borealis</strong></span> <span class='ocrx_word' id='word_1_246' title='bbox 1314 2814 1354 2882; x_wconf 76' lang='lat'><strong>4⁰</strong></span> <span class='ocrx_word' id='word_1_247' title='bbox 1376 2813 1439 2892; x_wconf 82' lang='lat'><strong>33¹,</strong></span> <span class='ocrx_word' id='word_1_248' title='bbox 1464 2818 1494 2881; x_wconf 91' lang='lat' dir='ltr'><strong>in</strong></span> <span class='ocrx_word' id='word_1_249' title='bbox 1525 2817 1655 2880; x_wconf 87' lang='lat' dir='ltr'><strong>australi</strong></span> 
     </span>
    </p>

    <p class='ocr_par' dir='ltr' id='par_1_6' title="bbox 331 2902 1652 2986">
     <span class='ocr_line' id='line_1_28' title="bbox 331 2902 1652 2986; baseline -0.001 -16"><span class='ocrx_word' id='word_1_250' title='bbox 331 2913 339 2926; x_wconf 87' lang='lat'>&#39;</span> <span class='ocrx_word' id='word_1_251' title='bbox 440 2911 593 2972; x_wconf 87' lang='lat' dir='ltr'><strong>austrinae</strong></span> <span class='ocrx_word' id='word_1_252' title='bbox 616 2903 654 2971; x_wconf 83' lang='lat'><strong>6⁰</strong></span> <span class='ocrx_word' id='word_1_253' title='bbox 677 2902 741 2968; x_wconf 82' lang='lat'><strong>26¹.</strong></span> <span class='ocrx_word' id='word_1_254' title='bbox 787 2906 884 2986; x_wconf 89' lang='lat' dir='ltr'><strong>Igitur</strong></span> <span class='ocrx_word' id='word_1_255' title='bbox 905 2907 1026 2986; x_wconf 87' lang='lat' dir='ltr'><strong>planum</strong></span> <span class='ocrx_word' id='word_1_256' title='bbox 1050 2905 1207 2968; x_wconf 87' lang='lat' dir='ltr'><strong>eccentrici</strong></span> <span class='ocrx_word' id='word_1_257' title='bbox 1231 2905 1261 2966; x_wconf 93' lang='lat' dir='ltr'><strong>iu</strong></span> <span class='ocrx_word' id='word_1_258' title='bbox 1285 2907 1430 2970; x_wconf 88' lang='lat' dir='ltr'><strong>subtensa</strong></span> <span class='ocrx_word' id='word_1_259' title='bbox 1457 2907 1551 2970; x_wconf 89' lang='lat' dir='ltr'><strong>nodos</strong></span> <span class='ocrx_word' id='word_1_260' title='bbox 1571 2927 1652 2969; x_wconf 88' lang='lat' dir='ltr'><strong>con-</strong></span> 
     </span>
    </p>

    <p class='ocr_par' dir='ltr' id='par_1_7' title="bbox 309 2982 1741 3345">
     <span class='ocr_line' id='line_1_29' title="bbox 309 2982 1653 3077; baseline 0 -18"><span class='ocrx_word' id='word_1_261' title='bbox 309 2982 337 3046; x_wconf 85' lang='lat'><strong>5·</strong></span> <span class='ocrx_word' id='word_1_262' title='bbox 361 2985 400 3044; x_wconf 79' lang='lat'><strong>29</strong></span> <span class='ocrx_word' id='word_1_263' title='bbox 440 3006 592 3073; x_wconf 87' lang='lat' dir='ltr'><strong>nectente,</strong></span> <span class='ocrx_word' id='word_1_264' title='bbox 627 3016 703 3077; x_wconf 88' lang='lat' dir='ltr'><strong>quae</strong></span> <span class='ocrx_word' id='word_1_265' title='bbox 731 3014 784 3074; x_wconf 90' lang='lat' dir='ltr'><strong>per</strong></span> <span class='ocrx_word' id='word_1_266' title='bbox 806 2993 908 3058; x_wconf 89' lang='lat' dir='ltr'><strong>Solem</strong></span> <span class='ocrx_word' id='word_1_267' title='bbox 931 2996 980 3057; x_wconf 87' lang='lat' dir='ltr'><strong>vel</strong></span> <span class='ocrx_word' id='word_1_268' title='bbox 1003 2996 1127 3058; x_wconf 88' lang='lat' dir='ltr'><strong>Terram</strong></span> <span class='ocrx_word' id='word_1_269' title='bbox 1158 2995 1287 3072; x_wconf 86' lang='lat' dir='ltr'><strong>transit,</strong></span> <span class='ocrx_word' id='word_1_270' title='bbox 1318 2989 1401 3061; x_wconf 87' lang='lat' dir='ltr'><strong>esset</strong></span> <span class='ocrx_word' id='word_1_271' title='bbox 1431 2997 1653 3077; x_wconf 90' lang='lat' dir='ltr'><strong>quodammodo</strong></span> 
     </span>
     <span class='ocr_line' id='line_1_30' title="bbox 309 3083 1655 3166; baseline -0.001 -17"><span class='ocrx_word' id='word_1_272' title='bbox 309 3103 336 3162; x_wconf 80' lang='grc'><strong>6,</strong></span> <span class='ocrx_word' id='word_1_273' title='bbox 361 3102 400 3161; x_wconf 81' lang='lat'><strong>20</strong></span> <span class='ocrx_word' id='word_1_274' title='bbox 438 3086 609 3163; x_wconf 87' lang='lat' dir='ltr'><strong>infractum,</strong></span> <span class='ocrx_word' id='word_1_275' title='bbox 632 3085 702 3166; x_wconf 90' lang='lat' dir='ltr'><strong>quia</strong></span> <span class='ocrx_word' id='word_1_276' title='bbox 724 3083 820 3146; x_wconf 91' lang='lat' dir='ltr'><strong>minus</strong></span> <span class='ocrx_word' id='word_1_277' title='bbox 844 3085 1036 3147; x_wconf 86' lang='lat' dir='ltr'><strong>inclinaretur</strong></span> <span class='ocrx_word' id='word_1_278' title='bbox 1054 3103 1125 3164; x_wconf 90' lang='lat' dir='ltr'><strong>pars</strong></span> <span class='ocrx_word' id='word_1_279' title='bbox 1140 3084 1275 3163; x_wconf 87' lang='lat' dir='ltr'><strong>superior</strong></span> <span class='ocrx_word' id='word_1_280' title='bbox 1294 3105 1383 3166; x_wconf 89' lang='lat' dir='ltr'><strong>quam</strong></span> <span class='ocrx_word' id='word_1_281' title='bbox 1407 3085 1538 3148; x_wconf 85' lang='lat' dir='ltr'><strong>inferior.</strong></span> <span class='ocrx_word' id='word_1_282' title='bbox 1570 3083 1655 3156; x_wconf 81' lang='lat' dir='ltr'><strong>Quin</strong></span> 
     </span>
     <span class='ocr_line' id='line_1_31' title="bbox 310 3172 1654 3278; baseline 0.001 -42"><span class='ocrx_word' id='word_1_283' title='bbox 310 3220 328 3278; x_wconf 71' lang='grc'><strong>6</strong></span> <span class='ocrx_word' id='word_1_284' title='bbox 362 3217 399 3276; x_wconf 68' lang='lat'><strong>26</strong></span> <span class='ocrx_word' id='word_1_285' title='bbox 438 3176 497 3239; x_wconf 92' lang='lat' dir='ltr'><strong>imo</strong></span> <span class='ocrx_word' id='word_1_286' title='bbox 521 3186 615 3238; x_wconf 90' lang='lat' dir='ltr'><strong>totum</strong></span> <span class='ocrx_word' id='word_1_287' title='bbox 630 3177 688 3237; x_wconf 89' lang='lat' dir='ltr'><strong>iter</strong></span> <span class='ocrx_word' id='word_1_288' title='bbox 702 3192 754 3235; x_wconf 85' lang='lat' dir='ltr'><strong>seu</strong></span> <span class='ocrx_word' id='word_1_289' title='bbox 768 3175 890 3255; x_wconf 89' lang='lat' dir='ltr'><strong>planum</strong></span> <span class='ocrx_word' id='word_1_290' title='bbox 914 3172 1072 3237; x_wconf 89' lang='lat' dir='ltr'><strong>ecceutrici</strong></span> <span class='ocrx_word' id='word_1_291' title='bbox 1095 3174 1235 3252; x_wconf 89' lang='lat' dir='ltr'><strong>planetae</strong></span> <span class='ocrx_word' id='word_1_292' title='bbox 1250 3183 1333 3237; x_wconf 87' lang='lat' dir='ltr'><strong>asset</strong></span> <span class='ocrx_word' id='word_1_293' title='bbox 1356 3177 1528 3250; x_wconf 87' lang='lat' dir='ltr'><strong>flexuosum,</strong></span> <span class='ocrx_word' id='word_1_294' title='bbox 1554 3175 1654 3258; x_wconf 89' lang='lat' dir='ltr'><strong>qualis</strong></span> 
     </span>
     <span class='ocr_line' id='line_1_32' title="bbox 331 3262 1741 3345; baseline 0.003 -19"><span class='ocrx_word' id='word_1_295' title='bbox 331 3265 337 3278; x_wconf 88' lang='lat'>&#39;</span> <span class='ocrx_word' id='word_1_296' title='bbox 440 3274 488 3326; x_wconf 90' lang='lat' dir='ltr'><strong>est</strong></span> <span class='ocrx_word' id='word_1_297' title='bbox 510 3262 577 3345; x_wconf 87' lang='lat' dir='ltr'><strong>ipsa</strong></span> <span class='ocrx_word' id='word_1_298' title='bbox 598 3265 649 3326; x_wconf 86' lang='lat' dir='ltr'><strong>via</strong></span> <span class='ocrx_word' id='word_1_299' title='bbox 670 3281 724 3343; x_wconf 86' lang='lat' dir='ltr'><strong>per</strong></span> <span class='ocrx_word' id='word_1_300' title='bbox 746 3263 829 3324; x_wconf 87' lang='lat' dir='ltr'><strong>visas</strong></span> <span class='ocrx_word' id='word_1_301' title='bbox 852 3264 963 3326; x_wconf 88' lang='lat' dir='ltr'><strong>Martis</strong></span> <span class='ocrx_word' id='word_1_302' title='bbox 996 3262 1171 3326; x_wconf 86' lang='lat' dir='ltr'><strong>latitudines</strong></span> <span class='ocrx_word' id='word_1_303' title='bbox 1195 3263 1250 3325; x_wconf 90' lang='lat' dir='ltr'><strong>sub</strong></span> <span class='ocrx_word' id='word_1_304' title='bbox 1274 3264 1341 3326; x_wconf 84' lang='lat' dir='ltr'><strong>fixis</strong></span> <span class='ocrx_word' id='word_1_305' title='bbox 1374 3263 1539 3344; x_wconf 90' lang='lat' dir='ltr'><strong>descripta,</strong></span> <span class='ocrx_word' id='word_1_306' title='bbox 1574 3283 1652 3345; x_wconf 89' lang='lat' dir='ltr'><strong>quae</strong></span> <span class='ocrx_word' id='word_1_307' title='bbox 1736 3316 1741 3330; x_wconf 94' lang='lat'>.</span> 
     </span>
    </p>
   </div>
   <div class='ocr_carea' id='block_1_3' title="bbox 308 3335 1652 3698">
    <p class='ocr_par' dir='ltr' id='par_1_8' title="bbox 308 3335 1652 3626">
     <span class='ocr_line' id='line_1_33' title="bbox 308 3335 730 3417; baseline -0.002 -2"><span class='ocrx_word' id='word_1_308' title='bbox 308 3339 336 3394; x_wconf 76' lang='lat'><strong>4·</strong></span> <span class='ocrx_word' id='word_1_309' title='bbox 362 3335 399 3393; x_wconf 80' lang='lat'><strong>3⁰</strong></span> <span class='ocrx_word' id='word_1_310' title='bbox 439 3356 566 3417; x_wconf 91' lang='lat' dir='ltr'><strong>circulus</strong></span> <span class='ocrx_word' id='word_1_311' title='bbox 590 3361 730 3415; x_wconf 90' lang='lat' dir='ltr'><strong>nonest.</strong></span> 
     </span>
     <span class='ocr_line' id='line_1_34' title="bbox 309 3436 1652 3519; baseline -0.005 -10"><span class='ocrx_word' id='word_1_312' title='bbox 309 3454 336 3510; x_wconf 77' lang='lat' dir='ltr'><strong>l.</strong></span> <span class='ocrx_word' id='word_1_313' title='bbox 360 3449 398 3509; x_wconf 83' lang='lat'><strong>22</strong></span> <span class='ocrx_word' id='word_1_314' title='bbox 525 3436 616 3505; x_wconf 84' lang='lat' dir='ltr'><strong>Haec</strong></span> <span class='ocrx_word' id='word_1_315' title='bbox 633 3451 734 3502; x_wconf 88' lang='lat' dir='ltr'><strong>autern</strong></span> <span class='ocrx_word' id='word_1_316' title='bbox 752 3440 851 3501; x_wconf 90' lang='lat' dir='ltr'><strong>omnia</strong></span> <span class='ocrx_word' id='word_1_317' title='bbox 866 3437 1055 3519; x_wconf 81' lang='lat' dir='ltr'><strong>simplicitati</strong></span> <span class='ocrx_word' id='word_1_318' title='bbox 1078 3445 1210 3500; x_wconf 91' lang='lat' dir='ltr'><strong>motuum</strong></span> <span class='ocrx_word' id='word_1_319' title='bbox 1230 3439 1404 3504; x_wconf 88' lang='lat' dir='ltr'><strong>coelestium</strong></span> <span class='ocrx_word' id='word_1_320' title='bbox 1420 3449 1490 3502; x_wconf 86' lang='lat' dir='ltr'><strong>snut</strong></span> <span class='ocrx_word' id='word_1_321' title='bbox 1504 3443 1652 3518; x_wconf 80' lang='lat' dir='ltr'><strong>adversa3</strong></span> 
     </span>
     <span class='ocr_line' id='line_1_35' title="bbox 310 3526 1595 3626; baseline -0.005 -32"><span class='ocrx_word' id='word_1_322' title='bbox 310 3568 326 3626; x_wconf 78' lang='lat'><strong>3</strong></span> <span class='ocrx_word' id='word_1_323' title='bbox 361 3565 398 3625; x_wconf 75' lang='lat'><strong>10</strong></span> <span class='ocrx_word' id='word_1_324' title='bbox 437 3534 516 3614; x_wconf 92' lang='lat' dir='ltr'><strong>quod</strong></span> <span class='ocrx_word' id='word_1_325' title='bbox 540 3530 725 3611; x_wconf 88' lang='lat' dir='ltr'><strong>experientia</strong></span> <span class='ocrx_word' id='word_1_326' title='bbox 746 3527 848 3589; x_wconf 87' lang='lat' dir='ltr'><strong>multis</strong></span> <span class='ocrx_word' id='word_1_327' title='bbox 871 3527 1016 3608; x_wconf 86' lang='lat' dir='ltr'><strong>exemplis</strong></span> <span class='ocrx_word' id='word_1_328' title='bbox 1039 3526 1168 3590; x_wconf 89' lang='lat' dir='ltr'><strong>docebit.</strong></span> <span class='ocrx_word' id='word_1_329' title='bbox 1592 3549 1595 3555; x_wconf 92' lang='lat'><em>·</em></span> 
     </span>
    </p>

    <p class='ocr_par' dir='ltr' id='par_1_9' title="bbox 330 3613 1651 3698">
     <span class='ocr_line' id='line_1_36' title="bbox 330 3613 1651 3698; baseline 0.001 -18"><span class='ocrx_word' id='word_1_330' title='bbox 330 3613 336 3625; x_wconf 84' lang='lat'><em>&#39;</em></span> <span class='ocrx_word' id='word_1_331' title='bbox 526 3621 628 3681; x_wconf 89' lang='lat' dir='ltr'><strong>Vera</strong></span> <span class='ocrx_word' id='word_1_332' title='bbox 650 3617 740 3696; x_wconf 91' lang='lat' dir='ltr'><strong>igitur</strong></span> <span class='ocrx_word' id='word_1_333' title='bbox 771 3617 849 3678; x_wconf 88' lang='lat' dir='ltr'><strong>ratio</strong></span> <span class='ocrx_word' id='word_1_334' title='bbox 880 3617 1040 3679; x_wconf 87' lang='lat' dir='ltr'><strong>reducendi</strong></span> <span class='ocrx_word' id='word_1_335' title='bbox 1064 3618 1104 3678; x_wconf 89' lang='lat' dir='ltr'><strong>ad</strong></span> <span class='ocrx_word' id='word_1_336' title='bbox 1127 3616 1257 3678; x_wconf 89' lang='lat' dir='ltr'><strong>orbitam</strong></span> <span class='ocrx_word' id='word_1_337' title='bbox 1279 3625 1327 3678; x_wconf 89' lang='lat' dir='ltr'><strong>est</strong></span> <span class='ocrx_word' id='word_1_338' title='bbox 1350 3617 1440 3694; x_wconf 88' lang='lat' dir='ltr'><strong>haec,</strong></span> <span class='ocrx_word' id='word_1_339' title='bbox 1470 3625 1505 3679; x_wconf 90' lang='lat' dir='ltr'><strong>ut</strong></span> <span class='ocrx_word' id='word_1_340' title='bbox 1528 3618 1651 3698; x_wconf 90' lang='lat' dir='ltr'><strong>cognito</strong></span> 
     </span>
    </p>
   </div>
   <div class='ocr_carea' id='block_1_4' title="bbox 313 2422 386 2463">
    <p class='ocr_par' dir='ltr' id='par_1_10' title="bbox 313 2422 386 2463">
     <span class='ocr_line' id='line_1_37' title="bbox 313 2422 386 2463; baseline -0.014 0"><span class='ocrx_word' id='word_1_341' title='bbox 313 2422 386 2463; x_wconf 72' lang='lat' dir='ltr'><strong>&#39;Or</strong></span> 
     </span>
    </p>
   </div>
   <div class='ocr_carea' id='block_1_5' title="bbox 225 3704 1652 4678">
    <p class='ocr_par' dir='ltr' id='par_1_11' title="bbox 225 3704 1652 4678">
     <span class='ocr_line' id='line_1_38' title="bbox 306 3704 1651 3786; baseline -0.002 -14"><span class='ocrx_word' id='word_1_342' title='bbox 306 3731 342 3772; x_wconf 89' lang='lat' dir='ltr'><strong>ex</strong></span> <span class='ocrx_word' id='word_1_343' title='bbox 351 3708 611 3773; x_wconf 88' lang='lat' dir='ltr'><strong>observationibus</strong></span> <span class='ocrx_word' id='word_1_344' title='bbox 627 3707 653 3767; x_wconf 89' lang='grc' dir='ltr'>Ε</span> <span class='ocrx_word' id='word_1_345' title='bbox 668 3707 889 3786; x_wconf 81' lang='lat' dir='ltr'><strong>loco‘planetae</strong></span> <span class='ocrx_word' id='word_1_346' title='bbox 908 3706 938 3768; x_wconf 93' lang='lat' dir='ltr'><strong>in</strong></span> <span class='ocrx_word' id='word_1_347' title='bbox 952 3705 1092 3784; x_wconf 89' lang='lat' dir='ltr'><strong>ecliptica</strong></span> <span class='ocrx_word' id='word_1_348' title='bbox 1114 3713 1274 3785; x_wconf 84' lang='lat' dir='ltr'><strong>quaeratur</strong></span> <span class='ocrx_word' id='word_1_349' title='bbox 1290 3707 1415 3786; x_wconf 87' lang='lat' dir='ltr'><strong>angulus</strong></span> <span class='ocrx_word' id='word_1_350' title='bbox 1427 3704 1651 3770; x_wconf 82' lang='lat' dir='ltr'><strong>EGFinclina-</strong></span> 
     </span>
     <span class='ocr_line' id='line_1_39' title="bbox 303 3794 1652 3879; baseline 0 -19"><span class='ocrx_word' id='word_1_351' title='bbox 303 3801 395 3862; x_wconf 91' lang='lat' dir='ltr'><strong>tionis</strong></span> <span class='ocrx_word' id='word_1_352' title='bbox 419 3800 484 3879; x_wconf 86' lang='lat' dir='ltr'><strong>ejus</strong></span> <span class='ocrx_word' id='word_1_353' title='bbox 508 3797 574 3872; x_wconf 87' lang='lat' dir='ltr'><strong>luci,</strong></span> <span class='ocrx_word' id='word_1_354' title='bbox 598 3795 738 3859; x_wconf 90' lang='lat' dir='ltr'><strong>methodo</strong></span> <span class='ocrx_word' id='word_1_355' title='bbox 761 3815 838 3876; x_wconf 88' lang='lat' dir='ltr'><strong>quae</strong></span> <span class='ocrx_word' id='word_1_356' title='bbox 863 3794 941 3855; x_wconf 88' lang='lat' dir='ltr'><strong>infra</strong></span> <span class='ocrx_word' id='word_1_357' title='bbox 960 3804 1114 3873; x_wconf 88' lang='lat' dir='ltr'><strong>sequetur:</strong></span> <span class='ocrx_word' id='word_1_358' title='bbox 1140 3801 1210 3856; x_wconf 91' lang='lat' dir='ltr'><strong>tunc</strong></span> <span class='ocrx_word' id='word_1_359' title='bbox 1233 3795 1468 3874; x_wconf 83' lang='lat' dir='ltr'><strong>quiaErectus,</strong></span> <span class='ocrx_word' id='word_1_360' title='bbox 1492 3797 1599 3860; x_wconf 87' lang='lat' dir='ltr'><strong>exAE</strong></span> <span class='ocrx_word' id='word_1_361' title='bbox 1620 3807 1652 3860; x_wconf 87' lang='grc' dir='ltr'><strong>ει</strong></span> 
     </span>
     <span class='ocr_line' id='line_1_40' title="bbox 303 3876 1650 3966; baseline -0.001 -15"><span class='ocrx_word' id='word_1_362' title='bbox 303 3889 366 3964; x_wconf 85' lang='lat' dir='ltr'><strong>EF,</strong></span> <span class='ocrx_word' id='word_1_363' title='bbox 389 3907 528 3950; x_wconf 89' lang='lat' dir='ltr'><strong>mensura</strong></span> <span class='ocrx_word' id='word_1_364' title='bbox 550 3880 652 3964; x_wconf 87' lang='lat' dir='ltr'><strong>anguli</strong></span> <span class='ocrx_word' id='word_1_365' title='bbox 669 3876 761 3958; x_wconf 80' lang='lat' dir='ltr'><strong>EGF,</strong></span> <span class='ocrx_word' id='word_1_366' title='bbox 787 3902 839 3963; x_wconf 91' lang='lat' dir='ltr'><strong>per</strong></span> <span class='ocrx_word' id='word_1_367' title='bbox 862 3883 1029 3946; x_wconf 88' lang='lat' dir='ltr'><strong>doctrinam</strong></span> <span class='ocrx_word' id='word_1_368' title='bbox 1049 3884 1262 3964; x_wconf 90' lang='lat' dir='ltr'><strong>triangulorum</strong></span> <span class='ocrx_word' id='word_1_369' title='bbox 1277 3893 1437 3964; x_wconf 89' lang='lat' dir='ltr'><strong>quaeratur</strong></span> <span class='ocrx_word' id='word_1_370' title='bbox 1453 3887 1510 3958; x_wconf 78' lang='grc' dir='ltr'><strong>ΑΕ</strong></span> <span class='ocrx_word' id='word_1_371' title='bbox 1533 3887 1580 3948; x_wconf 82' lang='grc' dir='ltr'><strong>νει</strong></span> <span class='ocrx_word' id='word_1_372' title='bbox 1594 3905 1650 3966; x_wconf 91' lang='lat' dir='ltr'><strong>pro</strong></span> 
     </span>
     <span class='ocr_line' id='line_1_41' title="bbox 304 3970 1648 4056; baseline -0.002 -17"><span class='ocrx_word' id='word_1_373' title='bbox 304 3977 359 4039; x_wconf 86' lang='lat' dir='ltr'><strong>EF</strong></span> <span class='ocrx_word' id='word_1_374' title='bbox 382 3977 560 4038; x_wconf 89' lang='lat' dir='ltr'><strong>adhibeatur</strong></span> <span class='ocrx_word' id='word_1_375' title='bbox 582 3973 665 4035; x_wconf 85' lang='lat' dir='ltr'><strong>EAF</strong></span> <span class='ocrx_word' id='word_1_376' title='bbox 688 3975 814 4053; x_wconf 88' lang='lat' dir='ltr'><strong>angulus</strong></span> <span class='ocrx_word' id='word_1_377' title='bbox 837 3981 1011 4053; x_wconf 87' lang='lat' dir='ltr'><strong>perpetuus.</strong></span> <span class='ocrx_word' id='word_1_378' title='bbox 1058 3970 1192 4054; x_wconf 86' lang='lat' dir='ltr'><strong>Cumque</strong></span> <span class='ocrx_word' id='word_1_379' title='bbox 1216 3992 1255 4034; x_wconf 87' lang='lat' dir='ltr'><strong>ex</strong></span> <span class='ocrx_word' id='word_1_380' title='bbox 1277 3975 1459 4054; x_wconf 84' lang='lat' dir='ltr'><strong>argumentis</strong></span> <span class='ocrx_word' id='word_1_381' title='bbox 1488 3974 1542 4049; x_wconf 91' lang='lat' dir='ltr'><strong>iis,</strong></span> <span class='ocrx_word' id='word_1_382' title='bbox 1570 3995 1648 4056; x_wconf 89' lang='lat' dir='ltr'><strong>quae</strong></span> 
     </span>
     <span class='ocr_line' id='line_1_42' title="bbox 303 4061 1649 4145; baseline -0.002 -17"><span class='ocrx_word' id='word_1_383' title='bbox 303 4066 426 4128; x_wconf 84' lang='lat' dir='ltr'><strong>inferius</strong></span> <span class='ocrx_word' id='word_1_384' title='bbox 450 4065 615 4145; x_wconf 88' lang='lat' dir='ltr'><strong>explicabo,</strong></span> <span class='ocrx_word' id='word_1_385' title='bbox 642 4071 796 4142; x_wconf 87' lang='lat' dir='ltr'><strong>appareat,</strong></span> <span class='ocrx_word' id='word_1_386' title='bbox 820 4063 960 4142; x_wconf 90' lang='lat' dir='ltr'><strong>angulum</strong></span> <span class='ocrx_word' id='word_1_387' title='bbox 982 4061 1066 4122; x_wconf 73' lang='grc' dir='ltr'><strong>ΕΑΓ</strong></span> <span class='ocrx_word' id='word_1_388' title='bbox 1087 4063 1116 4122; x_wconf 90' lang='lat' dir='ltr'><strong>in</strong></span> <span class='ocrx_word' id='word_1_389' title='bbox 1141 4061 1230 4123; x_wconf 89' lang='lat' dir='ltr'><strong>stella</strong></span> <span class='ocrx_word' id='word_1_390' title='bbox 1252 4063 1361 4125; x_wconf 90' lang='lat' dir='ltr'><strong>Martis</strong></span> <span class='ocrx_word' id='word_1_391' title='bbox 1385 4083 1451 4124; x_wconf 89' lang='lat' dir='ltr'><strong>esse</strong></span> <span class='ocrx_word' id='word_1_392' title='bbox 1473 4082 1535 4124; x_wconf 88' lang='lat' dir='ltr'><strong>nou</strong></span> <span class='ocrx_word' id='word_1_393' title='bbox 1549 4065 1649 4145; x_wconf 87' lang='lat' dir='ltr'><strong>majo-</strong></span> 
     </span>
     <span class='ocr_line' id='line_1_43' title="bbox 303 4147 1649 4232; baseline 0.001 -16"><span class='ocrx_word' id='word_1_394' title='bbox 303 4173 365 4217; x_wconf 92' lang='lat' dir='ltr'><strong>rem</strong></span> <span class='ocrx_word' id='word_1_395' title='bbox 391 4151 426 4216; x_wconf 82' lang='lat'><strong>1⁰</strong></span> <span class='ocrx_word' id='word_1_396' title='bbox 454 4153 507 4216; x_wconf 75' lang='lat'><strong>50⁴</strong></span> <span class='ocrx_word' id='word_1_397' title='bbox 535 4153 667 4225; x_wconf 87' lang='lat' dir='ltr'><strong>circiter,</strong></span> <span class='ocrx_word' id='word_1_398' title='bbox 700 4151 836 4213; x_wconf 87' lang='lat' dir='ltr'><strong>reductio</strong></span> <span class='ocrx_word' id='word_1_399' title='bbox 868 4169 982 4232; x_wconf 91' lang='lat' dir='ltr'><strong>quoque</strong></span> <span class='ocrx_word' id='word_1_400' title='bbox 1006 4150 1087 4213; x_wconf 85' lang='lat' dir='ltr'><strong>circa</strong></span> <span class='ocrx_word' id='word_1_401' title='bbox 1113 4147 1174 4214; x_wconf 80' lang='lat'><strong>45⁰</strong></span> <span class='ocrx_word' id='word_1_402' title='bbox 1206 4172 1224 4212; x_wconf 92' lang='lat' dir='ltr'><strong>a</strong></span> <span class='ocrx_word' id='word_1_403' title='bbox 1252 4153 1330 4213; x_wconf 89' lang='lat' dir='ltr'><strong>nodo</strong></span> <span class='ocrx_word' id='word_1_404' title='bbox 1360 4152 1488 4214; x_wconf 90' lang='lat' dir='ltr'><strong>omnium</strong></span> <span class='ocrx_word' id='word_1_405' title='bbox 1516 4153 1649 4217; x_wconf 89' lang='lat' dir='ltr'><strong>maxima</strong></span> 
     </span>
     <span class='ocr_line' id='line_1_44' title="bbox 302 4237 1647 4322; baseline 0.001 -18"><span class='ocrx_word' id='word_1_406' title='bbox 302 4263 360 4304; x_wconf 92' lang='lat' dir='ltr'><strong>uon</strong></span> <span class='ocrx_word' id='word_1_407' title='bbox 384 4251 508 4322; x_wconf 85' lang='lat' dir='ltr'><strong>superat</strong></span> <span class='ocrx_word' id='word_1_408' title='bbox 533 4243 570 4316; x_wconf 82' lang='lat'><strong>1¹,</strong></span> <span class='ocrx_word' id='word_1_409' title='bbox 594 4260 648 4321; x_wconf 91' lang='lat' dir='ltr'><strong>pro</strong></span> <span class='ocrx_word' id='word_1_410' title='bbox 671 4258 729 4320; x_wconf 90' lang='lat' dir='ltr'><strong>quo</strong></span> <span class='ocrx_word' id='word_1_411' title='bbox 752 4252 852 4302; x_wconf 91' lang='lat' dir='ltr'><strong>tamen</strong></span> <span class='ocrx_word' id='word_1_412' title='bbox 868 4241 974 4302; x_wconf 85' lang='lat' dir='ltr'><strong>tabula</strong></span> <span class='ocrx_word' id='word_1_413' title='bbox 993 4237 1498 4320; x_wconf 85' lang='lat' dir='ltr'><strong>alicubi8‘et10&#39;jubetaddere.</strong></span> <span class='ocrx_word' id='word_1_414' title='bbox 1546 4240 1647 4313; x_wconf 84' lang='lat' dir='ltr'><strong>Quare</strong></span> 
     </span>
     <span class='ocr_line' id='line_1_45' title="bbox 303 4326 1647 4413; baseline 0 -20"><span class='ocrx_word' id='word_1_415' title='bbox 303 4332 342 4393; x_wconf 96' lang='lat' dir='ltr'><strong>ob</strong></span> <span class='ocrx_word' id='word_1_416' title='bbox 366 4331 444 4392; x_wconf 90' lang='lat' dir='ltr'><strong>hanc</strong></span> <span class='ocrx_word' id='word_1_417' title='bbox 467 4349 581 4412; x_wconf 88' lang='lat' dir='ltr'><strong>quoque</strong></span> <span class='ocrx_word' id='word_1_418' title='bbox 604 4347 727 4391; x_wconf 89' lang='lat' dir='ltr'><strong>causam</strong></span> <span class='ocrx_word' id='word_1_419' title='bbox 749 4349 873 4410; x_wconf 89' lang='lat' dir='ltr'><strong>peccare</strong></span> <span class='ocrx_word' id='word_1_420' title='bbox 899 4337 1003 4408; x_wconf 88' lang='lat' dir='ltr'><strong>potest</strong></span> <span class='ocrx_word' id='word_1_421' title='bbox 1020 4329 1194 4410; x_wconf 87' lang='lat' dir='ltr'><strong>hypothesis</strong></span> <span class='ocrx_word' id='word_1_422' title='bbox 1211 4331 1249 4390; x_wconf 90' lang='lat' dir='ltr'><strong>ad</strong></span> <span class='ocrx_word' id='word_1_423' title='bbox 1274 4327 1305 4390; x_wconf 83' lang='lat'><strong>7¹</strong></span> <span class='ocrx_word' id='word_1_424' title='bbox 1328 4338 1359 4391; x_wconf 91' lang='lat' dir='ltr'><strong>et</strong></span> <span class='ocrx_word' id='word_1_425' title='bbox 1381 4326 1423 4405; x_wconf 85' lang='lat'><strong>9¹,</strong></span> <span class='ocrx_word' id='word_1_426' title='bbox 1448 4332 1574 4413; x_wconf 91' lang='lat' dir='ltr'><strong>eoquod</strong></span> <span class='ocrx_word' id='word_1_427' title='bbox 1588 4333 1647 4394; x_wconf 91' lang='lat' dir='ltr'><strong>ob·</strong></span> 
     </span>
     <span class='ocr_line' id='line_1_46' title="bbox 302 4418 1647 4500; baseline 0 -17"><span class='ocrx_word' id='word_1_428' title='bbox 302 4420 503 4494; x_wconf 79' lang='lat' dir='ltr'><strong>narrationes,</strong></span> <span class='ocrx_word' id='word_1_429' title='bbox 538 4439 622 4500; x_wconf 89' lang='lat' dir='ltr'><strong>quae</strong></span> <span class='ocrx_word' id='word_1_430' title='bbox 655 4428 742 4479; x_wconf 87' lang='lat' dir='ltr'><strong>erant</strong></span> <span class='ocrx_word' id='word_1_431' title='bbox 770 4418 956 4483; x_wconf 80' lang='lat' dir='ltr'><strong>fundamenti</strong></span> <span class='ocrx_word' id='word_1_432' title='bbox 985 4418 1069 4493; x_wconf 92' lang='lat' dir='ltr'><strong>loco,</strong></span> <span class='ocrx_word' id='word_1_433' title='bbox 1102 4437 1156 4498; x_wconf 89' lang='lat' dir='ltr'><strong>per</strong></span> <span class='ocrx_word' id='word_1_434' title='bbox 1184 4418 1261 4478; x_wconf 88' lang='lat' dir='ltr'><strong>hanc</strong></span> <span class='ocrx_word' id='word_1_435' title='bbox 1284 4419 1486 4482; x_wconf 88' lang='lat' dir='ltr'><strong>reductionem</strong></span> <span class='ocrx_word' id='word_1_436' title='bbox 1512 4421 1647 4484; x_wconf 89' lang='lat' dir='ltr'><strong>nonnihil</strong></span> 
     </span>
     <span class='ocr_line' id='line_1_47' title="bbox 301 4505 1647 4590; baseline -0.001 -17"><span class='ocrx_word' id='word_1_437' title='bbox 301 4510 401 4582; x_wconf 80' lang='lat' dir='ltr'><strong>damni</strong></span> <span class='ocrx_word' id='word_1_438' title='bbox 424 4517 495 4569; x_wconf 89' lang='lat' dir='ltr'><strong>suut</strong></span> <span class='ocrx_word' id='word_1_439' title='bbox 518 4527 636 4587; x_wconf 84' lang='lat' dir='ltr'><strong>passae.</strong></span> <span class='ocrx_word' id='word_1_440' title='bbox 683 4505 899 4578; x_wconf 83' lang='lat' dir='ltr'><strong>Quaremulto</strong></span> <span class='ocrx_word' id='word_1_441' title='bbox 923 4507 1019 4568; x_wconf 84' lang='lat' dir='ltr'><strong>minus</strong></span> <span class='ocrx_word' id='word_1_442' title='bbox 1047 4526 1136 4588; x_wconf 89' lang='lat' dir='ltr'><strong>quam</strong></span> <span class='ocrx_word' id='word_1_443' title='bbox 1159 4515 1250 4568; x_wconf 89' lang='lat' dir='ltr'><strong>antea</strong></span> <span class='ocrx_word' id='word_1_444' title='bbox 1276 4507 1462 4588; x_wconf 87' lang='lat' dir='ltr'><strong>impediebar</strong></span> <span class='ocrx_word' id='word_1_445' title='bbox 1484 4509 1521 4571; x_wconf 89' lang='lat' dir='ltr'><strong>ab</strong></span> <span class='ocrx_word' id='word_1_446' title='bbox 1545 4509 1647 4590; x_wconf 90' lang='lat' dir='ltr'><strong>inqui-</strong></span> 
     </span>
     <span class='ocr_line' id='line_1_48' title="bbox 225 4597 759 4678; baseline -0.006 -19"><span class='ocrx_word' id='word_1_447' title='bbox 225 4652 228 4659; x_wconf 93' lang='grc'><em>,</em></span> <span class='ocrx_word' id='word_1_448' title='bbox 301 4601 408 4663; x_wconf 90' lang='lat' dir='ltr'><strong>sitione</strong></span> <span class='ocrx_word' id='word_1_449' title='bbox 432 4615 526 4658; x_wconf 86' lang='lat' dir='ltr'><strong>novae</strong></span> <span class='ocrx_word' id='word_1_450' title='bbox 549 4597 759 4678; x_wconf 79' lang='lat' dir='ltr'><strong>hypotheseos.</strong></span> 
     </span>
    </p>
   </div>
   <div class='ocr_carea' id='block_1_6' title="bbox 0 0 1764 5525">
    <p class='ocr_par' dir='ltr' id='par_1_12' title="bbox 0 0 1764 5525">
     <span class='ocr_line' id='line_1_49' title="bbox 0 0 1764 5525; baseline 0 5"><span class='ocrx_word' id='word_1_451' title='bbox 0 0 1764 5525; x_wconf 95' lang='lat' dir='ltr'><strong> </strong></span> 
     </span>
    </p>
   </div>
  </div>
 </body>
</html>
