3517 5525
251 401 315 469 366
513 390 515 396 ’
590 437 596 446 -
733 405 773 456 Da
791 405 899 456 Motibus
917 391 1010 456 Stellae
1027 405 1116 456 llartls

250 582 349 664 opinio
381 600 447 663 cap.
476 581 581 658 XLV,
615 582 674 646 etsi
704 583 826 646 tendam
857 582 1017 646 sumsimus
1052 583 1214 649 distantias
1243 584 1370 650 totidem
1395 585 1425 649 in
1457 586 1596 668 qnalibet

249 680 336 753 parte
374 673 531 753 temporis,
573 679 644 756 quot
684 679 754 734 sunt
793 673 905 754 gradus
937 674 1104 740 anomaliae
1145 670 1348 757 coaequatae,
1387 676 1458 738 illae
1492 685 1595 738 tamen

230 763 404 825 ¹derivatae
450 771 519 824 sunt
562 781 598 822 ex
639 760 793 823 distantiis
843 763 1009 824 anomaliae
1050 764 1182 839 mediae,
1238 773 1365 846 suntque
1409 765 1595 845 longitudine

250 853 381 917 eaedem
398 848 431 928 *)
475 852 518 914 Et
545 857 631 912 tanto
656 851 835 914 commodior
857 857 905 913 eet
927 840 1002 914 haec
1025 853 1135 929 forma,
1168 855 1244 934 quod
1269 855 1395 917 alteram
1418 853 1591 936 persuasio-

250 960 318 1003 nenr
351 940 387 1002 de
416 948 499 1001 motu
529 941 670 1021 planetae
703 939 862 1024 epicyolico
895 940 943 1004 hic
963 960 1130 1021 possemus
1166 941 1325 1023 deponere,
1358 952 1391 1005 et
1414 962 1473 1005 uno
1499 945 1597 1024 gradu

250 1031 291 1091 ad
321 1029 479 1091 veritatem
502 1048 612 1092 causae
635 1029 778 1110 physicae
804 1029 928 1110 propius
951 1032 1113 1108 accedere,
1145 1031 1347 1113 relinquentes
1370 1032 1531 1115 epicyclico
1554 1033 1597 1096 nil

250 1119 309 1182 nisi
337 1119 525 1180 librationem
556 1119 585 1181 in
618 1119 781 1192 diametro,
817 1117 872 1179 e'cd
904 1137 981 1199 quae
1013 1120 1174 1183 etiamnum
1204 1121 1314 1183 vitiosa
1336 1129 1401 1198 est,
1429 1129 1464 1184 ut
1485 1121 1535 1183 rel
1558 1141 1596 1183 ex

251 1207 478 1290 aequationibus
504 1207 551 1269 his
582 1206 730 1288 apparuit.
782 1208 861 1269 Nam
891 1215 924 1270 nt
946 1209 1035 1289 paulo
1060 1217 1129 1271 ante
1153 1210 1192 1270 ad
1215 1211 1335 1273 modum
1356 1211 1516 1273 secundum
1540 1210 1598 1273 fuit

250 1299 436 1370 adnotatum,
458 1298 532 1360 haec
555 1295 784 1376 praeoccupatio
807 1304 908 1358 motus
926 1298 1079 1380 e'picyclici
1092 1298 1185 1360 nimia
1197 1306 1254 1370 est,
1279 1299 1441 1362 distantias
1453 1299 1597 1362 exhibens

250 1386 337 1450 nimis
359 1387 466 1448 breves
489 1386 518 1447 in
542 1385 774 1466 longitudinibus
798 1386 924 1461 mediis3
947 1405 984 1448 ex
1007 1407 1064 1468 quo
1086 1388 1129 1461 fit,
1153 1395 1188 1449 nt
1209 1389 1334 1471 planeta
1348 1389 1390 1452 ibi
1405 1389 1464 1450 loci
1477 1388 1596 1451 modurn

251 1477 379 1540 excedat
400 1473 584 1550 velocitatis,
620 1482 651 1536 et
674 1475 702 1534 iu
727 1475 883 1554 opsidibus
906 1477 1035 1538 amodo
1060 1476 1188 1541 deficiat
1234 1476 1296 1540 Sed
1319 1477 1430 1540 sufficit
1452 1496 1507 1539 nos
1530 1477 1595 1540 cal-

251 1567 316 1653 culp
349 1565 515 1644 exprimere
544 1563 710 1643 opinionem
738 1582 804 1644 cap.
833 1563 934 1625 XLV.
982 1563 1083 1636 Quare
1112 1566 1232 1629 etiamsi
1255 1567 1321 1647 quis
1344 1567 1466 1647 objiciat
1487 1567 1537 1629 hic
1559 1585 1598 1628 ex

250 1675 315 1735 cap.
339 1653 475 1728 XXXII,
500 1672 557 1714 non
581 1671 672 1734 possa
695 1660 884 1714 constantem
908 1673 975 1715 esse
999 1655 1074 1716 hanc
1096 1657 1318 1736 proportionem
1341 1655 1529 1732 diurnorum,
1560 1674 1596 1717 eo

251 1743 329 1825 quod
353 1752 455 1821 partes
480 1742 621 1816 eccentri,
644 1740 760 1802 vicinae
786 1741 948 1822 opsidibus,
974 1743 1087 1806 directe
1102 1743 1281 1823 objiciantur
1299 1743 1374 1820 Soli,
1399 1745 1595 1808 intermediae

251 1853 288 1895 ex
311 1831 445 1911 obliquo,
469 1839 503 1892 ut
526 1831 570 1893 ita
593 1830 681 1893 aliter
705 1833 888 1910 appareant,
914 1850 1002 1912 quam
1025 1833 1051 1894 si
1074 1833 1186 1894 directe
1209 1833 1419 1914 objicerentur,
1442 1834 1516 1909 hoe,
1548 1835 1596 1895 in-

252 1940 347 2002 quam,
373 1921 400 1982 si
423 1921 488 2000 quis
512 1919 645 2000 objiciat,
670 1919 856 1998 respondebo
879 1920 934 1990 sio,
957 1929 992 1982 ut
1014 1940 1079 2001 cap.
1093 1920 1211 1986 XLIX.
1230 1921 1387 2003 respondi:
1410 1923 1597 1986 hancinter-

251 2010 414 2072 mediarum
438 2009 567 2089 partium
591 2009 800 2088 obliquitatem
823 2007 894 2070 addi
917 2030 936 2070 a
956 2011 1082 2089 planeta
1103 2011 1140 2072 de
1164 2030 1218 2074 suo
1241 2012 1377 2094 efficique
1399 2031 1453 2092 per
1468 2011 1597 2074 descen-

252 2119 331 2173 sum;
363 2118 422 2158 non
446 2099 538 2178 igitur
567 2097 772 2176 imputandum
795 2117 904 2160 causae
931 2100 1048 2162 motrici
1070 2119 1108 2161 ex
1131 2099 1202 2162 Sole
1225 2120 1279 2163 nec
1307 2121 1342 2163 eo
1365 2101 1480 2163 turbari
1501 2101 1596 2164 illam.

338 2187 443 2249 Habes
472 2186 563 2266 igitur
586 2187 719 2249 studiose
744 2187 840 2248 lector
862 2206 899 2248 cx
921 2195 1009 2248 tanto
1036 2208 1158 2251 numero
1182 2191 1313 2270 capitum
1335 2195 1371 2252 et
1390 2188 1598 2253 methodorum

252 2277 408 2340 methodos
433 2275 579 2358 aequandi
603 2295 668 2338 curn
692 2276 828 2356 opinione
852 2293 918 2354 cap.
942 2277 1044 2341 XLV.
1068 2279 1291 2342 consentientes
1305 2286 1423 2342 tantum
1438 2279 1528 2342 duas:
1548 2280 1597 2342 al-

252 2375 349 2430 teram
385 2363 545 2448 hypothesi
574 2364 701 2448 physica
730 2383 795 2427 cum
819 2366 952 2447 epicyclo
975 2366 1135 2428 commixta
1156 2367 1187 2429 in
1210 2369 1427 2449 longitudinem
1448 2367 1595 2444 ordinato,

253 2473 378 2536 eamque
402 2471 468 2534 cap.
491 2453 613 2528 XLIX;
638 2454 763 2516 alteram
786 2453 843 2514 hoc
867 2454 966 2534 capite
988 2456 1112 2536 ejusque
1135 2457 1224 2518 modo
1247 2465 1344 2534 sexto,
1368 2477 1423 2539 pro
1436 2457 1598 2541 hypothesi

252 2544 378 2628 physica
409 2541 580 2617 sinceriori3
608 2541 658 2603 ubi
686 2542 837 2624 epicyolus
864 2543 939 2605 nihil
970 2544 1028 2608 nisi
1055 2545 1230 2609 descensum
1252 2549 1293 2609 ad
1318 2547 1419 2610 Solem
1440 2552 1596 2628 praestat3

253 2643 306 2696 aut
328 2633 354 2693 si
378 2632 443 2712 quis
467 2632 548 2693 illum
573 2631 665 2694 vellet
688 2631 717 2693 in
731 2631 922 2694 latitudinem
936 2633 1083 2709 ordinare,
1107 2642 1221 2697 rectum
1240 2635 1413 2716 adplenum
1427 2634 1594 2716 eclipticae.

252 2722 294 2786 Et
316 2721 419 2785 harum
443 2728 568 2803 utraque
592 2720 719 2784 diversis
742 2721 799 2784 viis
823 2721 974 2784 consentit
995 2723 1026 2785 in
1049 2742 1138 2786 unum
1152 2725 1301 2789 ellectum.
1339 2724 1406 2797 Quo
1425 2725 1520 2789 tutius
1533 2725 1595 2788 illis

160 2884 163 2895 ,
253 2812 342 2875 fidere
366 2810 480 2890 poteris
503 2811 532 2872 in
556 2810 754 2873 examinanda
777 2812 913 2891 opinione
941 2812 1050 2892 capitis
1072 2812 1172 2877 XLV.

340 2900 383 2963 Et
408 2900 554 2963 hactenns
583 2899 664 2961 inani
696 2900 804 2963 fiducia
835 2900 1023 2965 inventarum
1049 2920 1186 2966 verarum
1216 2922 1382 2966 causarum*
1404 2899 1594 2986 physicarum

254 2992 297 3055 dc·
313 2990 413 3052 Marte
436 2990 531 3051 denno
553 2988 768 3068 triumphatum
792 2996 867 3051 esto.
914 2991 1001 3053 Nunc
1030 3010 1078 3055 me
1104 2990 1206 3055 nescio
1229 2992 1295 3074 quis
1317 3011 1417 3056 rumor
1439 2994 1478 3055 ad
1496 3010 1595 3058 noros

517 3068 528 3084 ,ι

252 3081 397 3145 tumultus
423 3093 576 3159 novosque
598 3078 718 3141 laboras
742 3078 863 3141 excitat.

842 3310 1012 3321 Ἣ

821 3486 941 3586 Caput
974 3485 1035 3563 LI.
1294 3510 1301 3521 ’
1456 3475 1462 3511 ⁸
1486 3444 1490 3451 t

254 3649 477 3735 Esplorcrrtur
495 3656 524 3711 et
539 3654 764 3731 compererim·
785 3647 958 3712 distantiae
972 3647 1091 3713 Marah
1109 3669 1131 3712 a
1144 3619 1231 3715 Soti
1242 3651 1277 3714 ia
1294 3649 1423 3736 aequali
1434 3593 1598 3737 crium

254 3736 446 3805 semicirculi
467 3736 622 3803 dicante
645 3740 684 3802 ab
699 3738 843 3821 ophelte:
865 3734 962 3844 mmai
984 3739 1079 3803 aram
1100 3739 1285 3822 raptem
1299 3742 1384 3823 fider
1396 3741 1611 3824 hypotheseos,

855 3846 1004 3891 orcanae

342 3967 421 4030 Dum
443 3966 473 4028 in
497 3968 573 4031 hunc
595 3967 713 4029 modum
736 3966 773 4030 de
797 3968 907 4031 Martis
930 3968 1059 4032 motibus
1082 3970 1241 4051 triumpho,
1264 3969 1350 4051 eiqna
1373 3976 1406 4031 ut
1428 3970 1517 4050 plana
1540 3969 1596 4033 de·
1701 4030 1706 4037 .

256 4060 337 4120 ricto
360 4056 529 4119 tabularum
553 4071 690 4119 carceres
713 4065 745 4117 et
768 4057 977 4142 aequationem
1000 4059 1129 4121 eccentri
1152 4060 1310 4141 compedes
1333 4067 1437 4135 necto,
1470 4058 1598 4123 diversis

256 4146 412 4211 nunciatur
435 4145 525 4219 locis,
558 4144 673 4208 futilem
701 4146 859 4209 victoriam
882 4155 915 4209 et
936 4146 1046 4210 bellum
1068 4157 1135 4210 tota
1156 4149 1234 4211 mole
1257 4149 1473 4212 recrudescere.
1517 4149 1599 4212 Nam

257 4234 336 4298 domi
360 4234 477 4316 quidem
492 4234 605 4305 hostis,
627 4242 661 4319 pt
686 4236 821 4315 captivus
844 4242 1022 4312 contemtus,
1045 4237 1126 4317 rupit
1139 4238 1240 4302 omnia
1256 4237 1466 4318 aequationum
1479 4234 1599 4300 vincula

257 4326 451 4403 carceresque
475 4324 645 4387 tabularum
668 4324 795 4406 effregit.
827 4326 935 4388 mulla
965 4326 1043 4388 eninr
1068 4327 1227 4389 methodus
1255 4346 1293 4389 ex
1322 4327 1508 4409 praescripto
1531 4328 1598 4407 opi-

257 4415 354 4479 nionis
378 4432 444 4493 cap.
467 4412 567 4477 XLV.
593 4410 804 4476 administrata
818 4414 1009 4496 geometrice,
1031 4416 1174 4479 vicariam
1192 4415 1369 4499 hypothesin
1385 4416 1494 4497 capitis
1507 4416 1598 4481 XVI.

258 4506 349 4586 (quae
372 4521 460 4565 veras
483 4502 575 4565 habet
597 4502 792 4585 aequationes
816 4522 854 4567 ex
876 4505 957 4568 falsa
979 4524 1070 4568 causa
1092 4508 1266 4580 manantes)
1295 4505 1516 4588 propinquitate
1538 4523 1597 4567 nu-

261 4640 338 4653 -ιο

345 4712 373 4791 *)
393 4720 424 4775 In
445 4718 497 4772 hoc
517 4724 597 4773 sexto
617 4716 695 4774 modo
716 4716 853 4772 menualia
871 4718 958 4774 tertia
976 4718 1127 4786 estEAD,
1148 4720 1341 4786 sacnndaED,
1361 4720 1450 4793 prims
1467 4737 1535 4776 vero
1554 4727 1600 4775 est

259 4815 364 4855 summa
391 4800 525 4855 linearum
544 4798 604 4868 AG,
623 4798 686 4863 AF,
707 4796 754 4851 uhi
780 4797 830 4851 AF
852 4798 899 4852 rel
917 4799 966 4854 ac
990 4799 1019 4854 in
1038 4801 1088 4857 ΔΕ
1108 4801 1247 4869 translata
1269 4800 1453 4873 intelligatur.
1492 4799 1598 4857 Nuito-

259 4881 345 4937 minus
366 4879 395 4935 in
415 4879 597 4949 computanda
626 4878 758 4932 distantia
775 4876 834 4943 ΑΕ,
855 4878 909 4934 hoc
934 4886 979 4935 est
997 4880 1045 4936 Ac
1070 4874 1122 4950 (ex
1149 4896 1204 4953 qua
1231 4881 1292 4936 lluit
1311 4876 1373 4953 AF)
1391 4881 1441 4938 Dc
1459 4882 1506 4937 rel
1524 4881 1599 4938 DBO

260 4966 305 5017 ert
317 4960 401 5017 etiarn
413 4960 508 5032 prima.
537 4960 576 5016 Ut
588 4958 629 5014 ita
642 4956 687 5013 hic
700 4958 741 5013 bis
755 4958 895 5031 pingatur,
919 4960 984 5032 qnia
996 4962 1049 5016 duo
1062 4960 1273 5034 investigantur,
1293 4968 1402 5033 tempus
1415 4966 1446 5017 et
1457 4961 1598 5020 manda
