3517 5525
293 364 335 434 62
708 368 809 422 Literse
827 368 930 435 Kepleri
948 369 1098 436 niissumque
1115 372 1222 421 mutum·
1266 446 1275 463 .

290 546 394 612 primurn
412 548 502 611 iuolpio
515 562 621 599 inanum
640 548 770 599 admovere
789 554 887 605 metro,
910 553 996 613 utpote
1013 550 1054 612 qui
1071 547 1194 599 hsetenns
1215 547 1273 597 solis
1291 546 1500 598 obserretlonibus
1517 552 1544 598 et
1559 548 1636 599 lubri-

288 617 375 671 oemlis
387 618 504 669 Ursnieis
520 620 689 670 iustrnmeut's
707 632 807 683 operum
819 619 935 697 dederim.
961 619 1039 684 Cupio
1056 634 1123 670 nune
1141 620 1186 670 ebs
1197 626 1233 676 te,
1251 618 1285 667 mi
1302 618 1506 669 eseelentissime
1517 618 1637 685 Keplere.

288 692 314 741 in
332 690 478 755 qmbusdm
495 690 587 741 dooeri.
613 692 652 741 Tu
668 691 727 741 mihi
746 691 779 741 D.
793 692 919 755 Tyohonis
935 691 990 742 loeo
1007 694 1033 741 iu
1051 699 1176 756 posterum
1192 703 1286 755 qneeeo
1298 690 1340 747 sis,
1358 696 1386 739 et
1397 688 1541 753 Cynosurse
1557 692 1639 741 instes

286 760 345 811 rnllti
362 762 388 810 iu
401 768 471 811 vnto
488 760 535 813 hoo
548 764 766 813 astronomieorum
779 764 956 813 exercitiorum
967 764 1029 813 meri
1047 764 1181 813 constituto
1199 768 1226 812 et
1238 762 1365 811 dubiorum
1381 762 1494 826 procellis
1511 763 1638 813 imnum

233 861 236 869 ·
287 833 387 899 egregie
405 838 493 883 roseto
512 840 538 883 et
556 848 572 885 s
589 836 640 884 reri
657 836 752 884 itineris
770 836 869 885 tremite
888 836 993 897 delecto,
1011 835 1166 898 praelucens.
1190 834 1306 894 Quium
1323 847 1413 897 nempe
1429 834 1472 894 sis,
1490 848 1541 883 nou
1559 834 1638 883 solum

286 903 433 955 Prodrourus
451 912 508 955 tuus
526 906 648 963 ostendit,
666 906 711 956 eerl
730 906 806 957 etism
823 905 909 961 D.,1i.
929 906 1075 957 irensiseus
1094 914 1121 955 et
1136 904 1264 955 lehunnes
1286 906 1347 955 nihi
1371 905 1456 955 erebro
1478 912 1638 969 epenerunt

375 974 430 1049 Quo
449 978 570 1041 usquein
588 982 698 1029 mutuom
716 978 866 1028 correctione
890 992 1032 1042 progressus
1050 979 1084 1027 sie
1101 983 1129 1027 et
1145 990 1220 1041 quum
1236 976 1355 1035 ielieiter‚
1372 977 1437 1027 seire
1455 977 1534 1040 sopio.
1571 976 1639 1027 Vide

286 1053 371 1097 lemen
390 1061 421 1097 ne
433 1046 502 1097 Hom
519 1049 564 1098 tibi
581 1050 615 1099 sit
626 1048 693 1098 Mors
703 1067 712 1106 t
728 1050 803 1098 nimio
815 1050 883 1099 eu'nu
900 1048 981 1098 sturlio
998 1063 1075 1112 ssepe
1091 1046 1215 1098 nobismet
1225 1048 1285 1111 ipsis
1296 1052 1400 1097 mortem
1417 1048 1586 1098 consiliemus.
1600 1070 1638 1081 -

286 1119 333 1167 Ars
346 1143 379 1153 —
393 1116 461 1169 Mure
475 1146 507 1159 -
520 1118 595 1169 Mors.
611 1144 643 1188 ᾗ·
657 1121 704 1169 Ars
721 1121 876 1185 persequitur
887 1119 1003 1180 Mortem,
1017 1120 1086 1170 Mers
1096 1134 1154 1169 reso
1166 1118 1274 1172 Mortem
1286 1132 1390 1169 oensem
1407 1119 1472 1168 solet
1488 1132 1592 1170 rursum.
1602 1140 1640 1155 --

266 1188 380 1249 e‚Ultimo
398 1203 505 1253 quaero,
523 1205 559 1241 en
576 1190 746 1256 deprehendes
764 1190 852 1241 Martis
877 1197 972 1241 motum
997 1192 1077 1257 mugio
1095 1189 1194 1254 splrelio
1211 1204 1285 1255 qnsm
1303 1204 1416 1255 epogseo
1432 1191 1582 1254 respondere
1598 1189 1639 1241 rel

289 1259 349 1310 uuil
387 1260 609 1325 Eutemporsuenm
627 1264 709 1312 stilum
733 1278 836 1328 eumque
860 1265 979 1313 rusticum
996 1268 1023 1314 et
1045 1262 1181 1327 impolitum
1202 1262 1260 1311 boni
1283 1262 1392 1312 munte.
1427 1261 1468 1313 De
1492 1262 1572 1311 retiis
1589 1276 1639 1327 epo

290 1330 409 1382 sollieitus
427 1346 561 1397 nonquan
579 1348 636 1385 emo
654 1350 700 1385 ree.
722 1364 755 1375 -

374 1412 468 1463 Eodem
487 1426 534 1478 quo
552 1414 615 1466 hsee
633 1416 731 1479 scripsit
743 1414 870 1465 Febrioiue
888 1414 929 1464 (lie
941 1414 1004 1464 elles
1022 1413 1117 1464 stlrliolit
1133 1413 1228 1469 imm,
1245 1412 1295 1463 lese
1305 1413 1443 1481 preemisss
1459 1414 1637 1465 eremetione:

286 1482 366 1543 Quiri.
384 1497 491 1549 quaeso,
519 1479 550 1536 tie
568 1492 642 1536 tuute
663 1486 789 1537 litererum
806 1486 870 1536 mole
888 1486 968 1549 (leque
985 1492 1023 1534 tot
1040 1486 1224 1549 qusestlonibus
1246 1490 1273 1533 et
1294 1486 1424 1548 proponitis
1451 1484 1530 1534 eutis
1548 1484 1639 1535 ‹liees‘l

287 1553 360 1625 Certe
378 1556 400 1603 sl
420 1554 450 1605 de
468 1562 514 1606 tue
531 1557 687 1609 humanitate
706 1558 855 1615 dubitarem,
879 1565 906 1608 te
923 1558 954 1606 iis
972 1554 1091 1606 ostensum
1108 1556 1138 1606 iri
1156 1556 1329 1607 existimssem.
1367 1555 1474 1605 Teutono
1492 1570 1549 1605 vero
1567 1570 1637 1607 noue

287 1625 367 1683 obest,
386 1630 415 1677 nt
432 1626 498 1679 loono
520 1640 602 1678 metm
626 1628 773 1681 familiarem
791 1629 1004 1693 compellationem
1021 1633 1048 1678 te
1064 1628 1131 1678 mule
1152 1627 1292 1677 habiturum
1316 1632 1415 1690 putem,
1441 1633 1471 1675 ut
1488 1627 1574 1677 honori
1591 1635 1638 1677 tuo

291 1710 418 1747 sessurum
435 1703 462 1747 et
479 1700 585 1749 menime
603 1700 711 1759 creden,
729 1702 811 1766 utqui
828 1700 979 1766 singularem
997 1698 1029 1749 ‹le
1044 1712 1142 1749 summu
1158 1699 1299 1762 inpenlitui
1310 1697 1413 1748 Ursniul
1429 1694 1482 1757 (eol
1494 1698 1555 1748 nihil
1572 1712 1638 1749 seue

291 1763 373 1829 deest)
392 1768 510 1820 inlisitste
529 1777 556 1820 et
573 1770 674 1822 solertis
692 1772 831 1835 opinionem
849 1772 942 1823 dodum
959 1770 1105 1836 seesperim.
1143 1771 1235 1833 eeeips
1252 1770 1328 1835 igitur
1344 1782 1431 1820 sereno
1451 1771 1550 1827 suino,
1569 1784 1637 1835 quse

286 1854 352 1889 nuno
370 1841 487 1909 teriolo
505 1848 613 1893 mentem
632 1844 712 1893 subite
731 1850 859 1894 venerunt.

375 1918 511 1985 Postquem
529 1922 669 1987 perplexum
687 1930 714 1974 et
731 1924 878 1975 laboriosum
899 1923 959 1973 illutl
976 1922 1175 1988 inquirendum
1194 1922 1408 1972 eoeentn‘eitstum
1424 1936 1486 1987 opus
1504 1934 1638 1987 eggressus

289 2004 353 2045 snm.
371 1998 485 2053 expertus
503 2008 566 2049 suns.
585 2008 636 2045 retu
654 1996 731 2045 multo
750 1996 821 2047 etiter
839 2012 867 2047 se
884 1995 976 2045 hebere
993 2008 1069 2059 quom
1084 1993 1208 2044 hatenus
1225 1993 1377 2044 crediderim.
1404 1992 1458 2058 nge
1476 2008 1508 2043 ex
1525 1994 1639 2043 omnibu

287 2058 443 2125 eorouyohiis
460 2078 536 2115 meur
554 2071 580 2115 et
598 2067 703 2116 eundem
731 2068 942 2118 eoeeutrieitstem
968 2066 1119 2130 proditurum
1139 2066 1201 2115 milii
1226 2076 1405 2128 pernumerem.
1441 2063 1493 2115 Seri
1509 2063 1554 2113 Dii
1570 2065 1639 2121 boui

287 2134 492 2197 quesierimus,
521 2150 586 2199 quse
612 2137 793 2203 inseqoelitesl
824 2140 861 2188 Es
880 2137 1033 2201 semnyeluiis
1059 2151 1134 2201 prope
1161 2150 1300 2201 spogoeum
1325 2137 1439 2199 utrinque
1464 2134 1540 2201 longe
1556 2138 1640 2198 major

289 2205 461 2255 euoeutrloites
480 2205 553 2257 detur
570 2221 644 2271 quum
662 2210 687 2259 ln
705 2210 822 2273 oppositis
839 2210 918 2267 loeis;
936 2208 995 2259 inde
1012 2214 1126 2265 oonstst,
1144 2208 1220 2258 ulium
1237 2206 1363 2273 quendem
1379 2206 1585 2269 insequelitsteur
1604 2208 1638 2258 sb

289 2276 477 2326 eooentrioitete
496 2274 575 2328 Soluri
593 2293 648 2329 sees
665 2282 791 2330 insinuare
812 2280 1071 2345 prosthsplsseresilons
1092 2278 1254 2343 toronyolsiis.
1291 2276 1375 2339 Quere
1392 2292 1459 2328 nnus
1476 2277 1523 2328 less
1540 2292 1638 2344 quoqne

288 2348 455 2411 questiones,
473 2360 538 2413 quse
555 2352 710 2413 postmodnm
728 2353 876 2409 inuiderunt,
894 2352 939 2401 tibi
957 2350 1124 2402 liniendus
1142 2363 1257 2415 propono.

379 2414 405 2479 l)
425 2416 487 2469 (lum
499 2434 529 2469 ex
542 2420 644 2487 singulis
657 2422 811 2486 noronyohiis
823 2423 954 2488 singularis
966 2423 1089 2487 qusedsur
1102 2422 1275 2473 eeeeuuioitss
1287 2419 1397 2485 prodest,
1417 2419 1485 2471 eires
1496 2432 1638 2486 apogaeum

284 2490 376 2551 misr,
396 2490 463 2541 uires
479 2492 623 2556 peripseurn
640 2492 728 2543 Mortis
746 2496 840 2557 minor,
862 2495 988 2559 quaeritur
1005 2508 1083 2551 nunu,
1103 2506 1169 2559 queo
1185 2493 1282 2543 illorum
1300 2492 1409 2542 onmium
1426 2492 1461 2541 sit
1476 2490 1593 2557 eligentis
1611 2498 1639 2543 et

286 2562 359 2623 juste
376 2574 450 2625 quern
467 2564 591 2626 proportio
610 2565 762 2615 eiroellorum
774 2568 807 2615 sit
819 2560 1015 2617 eonsfitueudsi
1033 2564 1101 2615 Sene
1118 2578 1166 2615 nee
1181 2564 1284 2614 minimo
1300 2576 1349 2613 neo
1359 2563 1469 2613 munins
1485 2576 1534 2615 nes
1551 2563 1638 2615 meets

289 2632 462 2682 eeoerrtn'oites
481 2635 592 2685 omnibns
611 2636 766 2701 eoronyehiis
784 2638 930 2687 ntisisoere
946 2643 1036 2701 potest

282 2756 289 2770 ⁸
376 2697 406 2764 2)
424 2700 576 2764 Qussritm,
604 2720 659 2757 eom
678 2707 763 2771 Tyeho
790 2709 1003 2763 eeeentrieitstem
1021 2703 1109 2757 totto
1126 2708 1153 2757 in
1170 2705 1254 2757 Murte
1280 2703 1422 2770 seoeperit,
1450 2718 1497 2769 quo
1518 2706 1576 2770 lure
1593 2712 1640 2758 sut

285 2773 373 2839 quibos
390 2775 525 2826 rationibus
543 2777 569 2827 iri
587 2778 680 2830 isotnrn
699 2783 739 2838 sit,
759 2795 813 2831 eom
831 2795 879 2830 neo
897 2793 994 2831 summu
1010 2795 1058 2830 neo
1075 2779 1175 2837 infime,
1193 2777 1238 2834 seii
1254 2777 1338 2827 medie
1355 2777 1528 2828 secessuum
1545 2785 1572 2828 et
1588 2793 1638 2829 neu

290 2845 326 2930 sip
345 2841 386 2907 (ut
403 2845 501 2922 reliquis
519 2847 637 2913 quinquo)
663 2851 817 2917 eeronyohiis
841 2851 1102 2918 prosthoplsseresilom
1125 2850 1237 2901 omnibm
1255 2863 1287 2901 ex
1304 2853 1356 2898 toto
1379 2847 1536 2912 responoeet.
1570 2850 1639 2900 Fieri

288 2923 1395 3059 iiiiii·pitiliit‘tiietftlitriiilttiiiiii:
1407 2922 1639 3054 mm

290 3073 388 3126 quoqne
406 3060 525 3112 distentis
543 3063 632 3114 llsrtis
650 3079 667 3116 s
685 3065 742 3117 Sole
760 3067 850 3131 poterit
867 3067 929 3116 deri.
954 3065 1050 3119 Eodem
1067 3079 1162 3130 quoque
1180 3065 1243 3114 ren'o
1260 3061 1328 3112 hene
1346 3061 1420 3112 dnbio
1439 3063 1486 3112 erit
1501 3063 1528 3114 iu
1546 3077 1636 3114 eoeeu-

289 3131 438 3182 trioitstilus
450 3146 481 3182 ex
493 3135 556 3184 reris
568 3139 760 3199 oppositionibus
773 3137 836 3188 Solis
849 3146 876 3188 et
887 3137 976 3188 tisim
993 3138 1114 3202 inquisitis
1131 3141 1245 3200 respeotu
1259 3131 1360 3198 nphelil.
1386 3132 1505 3194 Quiritis
1516 3133 1637 3186 teeemm

287 3204 314 3253 in
332 3207 406 3252 tonte
423 3204 563 3256 serietrete‘.l
581 3206 653 3267 Ques
672 3211 844 3260 oooeutn'oitss
862 3211 909 3258 erit
922 3210 1075 3268 euthonius,
1092 3209 1165 3271 juxto
1176 3221 1250 3272 quem
1262 3205 1308 3256 erit
1325 3206 1447 3268 proportio
1463 3205 1637 3258 instituentle‘.l

288 3273 402 3338 Inprimis
420 3275 507 3334 miror,
525 3279 568 3342 qui
590 3282 762 3332 euoentrioites
785 3281 872 3332 Mentis
891 3295 908 3331 s
924 3280 1042 3343 Tyehoue
1060 3285 1171 3330 munite
1194 3284 1248 3328 tom
1265 3277 1363 3326 ventui
1381 3277 1503 3340 proximus
1520 3278 1636 3342 prosthe-

287 3345 419 3411 pisereses
448 3349 608 3411 ocmnyeoiss
635 3353 752 3415 praebere
779 3354 872 3415 possit,
906 3365 962 3401 enm
992 3366 1043 3402 non
1066 3365 1126 3400 vers
1149 3350 1183 3399 sit
1217 3348 1397 3400 eooeutrioites.
1443 3347 1543 3408 Quoue
1568 3349 1636 3400 issue

290 3419 460 3480 quaestionem
478 3420 538 3470 mihi
556 3419 641 3472 dextre
657 3422 773 3486 esplloes.
809 3423 848 3474 Tu
865 3422 955 3472 Thesei
970 3422 1027 3472 loeo
1043 3421 1103 3470 mihi
1115 3421 1157 3480 eis,
1177 3420 1240 3471 slim
1258 3434 1308 3468 uon
1325 3419 1399 3470 ioeile
1416 3422 1634 3472 nemetensem.
1690 3473 1701 3490 x

286 3485 503 3538 Restenrstionem
521 3491 644 3556 integrum
661 3494 706 3542 tibi
722 3507 833 3550 reservo,
857 3507 913 3542 oum
931 3494 980 3543 mei
1003 3493 1098 3542 humeri
1115 3493 1178 3542 lerre
1195 3506 1246 3542 non
1263 3497 1381 3555 possunt,
1406 3505 1454 3542 nee
1471 3492 1516 3543 otii
1532 3507 1581 3544 nee
1598 3495 1635 3544 rei

287 3559 414 3610 lumilierie
431 3561 495 3610 reh‘o
512 3565 639 3625 pemittit.
968 3613 975 3630 ,

375 3625 403 3691 3)
423 3629 563 3692 Quaeritur,
588 3647 622 3683 ou
639 3639 719 3684 motos
737 3647 904 3700 spopseorum
929 3636 1002 3684 trium
1029 3635 1179 3698 supen'orum
1203 3639 1273 3684 serto
1299 3634 1395 3684 mione
1412 3634 1450 3685 vel
1468 3641 1582 3700 respectu
1600 3636 1634 3688 til

285 3706 379 3751 motum
397 3699 461 3751 Solis
478 3703 548 3759 frunt,
566 3705 604 3755 rel
620 3711 735 3770 respeotu
751 3711 832 3756 motus
849 3705 965 3770 periodloi
985 3707 1101 3772 uniusque
1118 3706 1156 3756 rel
1173 3702 1315 3770 quomodo?

374 3769 404 3832 4)
423 3772 563 3833 Quaeritur,
589 3777 717 3840 quomodo,
735 3775 798 3828 ‹lets
821 3777 942 3828 enimus
957 3777 1075 3841 planetes
1093 3792 1111 3828 s
1126 3777 1203 3828 stellis
1230 3779 1332 3841 eiusque
1358 3776 1496 3838 sltitndine,
1514 3779 1632 3830 reireotio
1661 3837 1664 3842 ,

287 3845 398 3907 sepsisti
415 3844 506 3896 debent
524 3847 737 3900 oommoolirsimei

374 3912 403 3976 t)
423 3915 563 3976 Quueritur.
582 3931 615 3970 en
634 3921 697 3970 ratio
721 3920 848 3986 redigendi
871 3911 1082 3971 eeteutsieitstern
1106 3926 1185 3971 lotum
1202 3921 1228 3970 in
1246 3919 1307 3969 (loos
1325 3920 1435 3972 eiroellos
1453 3921 1487 3970 sit
1502 3920 1589 3972 melior
1606 3928 1633 3972 et

285 3986 364 4036 serior
381 4001 457 4052 quem
467 3987 520 4051 ille,
536 4005 600 4054 quse
618 3992 644 4041 in
656 3992 723 4042 linos
740 3993 844 4057 epogsei
863 4005 894 4042 ex
906 3991 982 4057 duple
993 3993 1179 4044 eusentrieitsts
1196 3993 1328 4056 eequsutis
1345 3997 1372 4041 et
1383 3991 1515 4044 eoeentfiei
1531 3994 1633 4058 inquirit

286 4057 516 4122 prosthepheeresiu
533 4064 619 4126 puueti
637 4062 710 4114 deti?
731 4091 763 4102 -

372 4129 430 4180 lem
448 4136 614 4196 transgressus
632 4134 664 4185 od
682 4135 830 4200 astrologice
847 4134 955 4200 sisque,
973 4136 1009 4186 sie
1027 4134 1153 4186 concludit
1169 4134 1313 4185 Fsbrioius:

372 4199 461 4258 Molis.
479 4203 558 4256 mults
579 4212 652 4262 sunt.
680 4207 711 4256 ‹le
733 4207 819 4271 quibus
845 4212 928 4256 tenum
945 4207 1113 4271 inposterum
1140 4207 1274 4258 dueum
1297 4205 1370 4263 solo,
1395 4219 1461 4255 nuno
1478 4205 1586 4270 pluribus
1604 4213 1631 4257 te

285 4285 387 4322 ouersre
405 4272 470 4330 nolo.
489 4289 521 4325 ne
538 4278 640 4327 nimium
658 4279 809 4342 importunus
827 4278 880 4326 sim.
916 4277 1048 4336 Resesibe.
1066 4278 1087 4328 si
1106 4277 1225 4328 Urnuinm
1245 4283 1382 4342 promotum
1399 4277 1443 4338 ris,
1463 4277 1483 4326 si
1502 4276 1630 4342 Ouiliopeu

285 4345 565 4468 ffflomrperaaff'
581 4350 623 4470 Iqi²⁸
630 4363 670 4469 Ἔα
688 4363 783 4470 qnqqpe
801 4357 829 4400 ut
846 4363 916 4470 sppro
942 4350 1133 4472 diliqiusnprotno.
1170 4349 1223 4416 Ego
1241 4354 1387 4426 exspeetuus
1405 4349 1554 4412 exspeotelso
1572 4356 1629 4402 tons

371 4449 378 4466 .
538 4455 544 4466 .
658 4435 726 4476 m.u
754 4435 854 4470 rumen
882 4435 987 4471 moene

375 4485 424 4536 Cur
440 4487 467 4536 in
485 4489 585 4540 Tabulis
604 4434 739 4556 [gosberpi
758 4489 773 4540 3
793 4491 900 4556 oyphrue
917 4507 1014 4556 semper
1031 4499 1152 4543 enmmste
1169 4489 1373 4557 distinguentis?

371 4557 417 4608 His
436 4565 519 4610 eutem
534 4561 664 4614 Febrimm
681 4577 731 4612 uon
749 4569 880 4614 oontentus
898 4565 1081 4628 qusostionibus
1099 4563 1162 4613 sliu
1179 4563 1247 4613 honri
1264 4575 1359 4626 puuoss
1385 4561 1529 4627 supersddit
1554 4577 1628 4627 sepo

284 4629 347 4678 retis
364 4631 516 4695 conseriptes
534 4634 641 4692 indolis.
660 4649 722 4700 qnos
741 4635 880 4698 inscripsit:
901 4634 1082 4695 „Qusustiones
1099 4636 1183 4684 surim
1198 4649 1254 4684 oum
1277 4635 1459 4684 estronomioee
1476 4639 1530 4684 tum
1547 4641 1628 4686 utro-

283 4699 389 4782 lpgioao‚
406 4715 509 4820 quiqam
526 4705 624 4756 brevem
651 4706 823 4757 resolutionem
850 4706 1019 4757 desideranter
1042 4705 1111 4757 nll-
1128 4705 1237 4770 Keplero
1263 4706 1357 4770 expetit
1375 4704 1483 4756 Derides
1501 4706 1628 4757 Febrioius

283 4779 511 4910 meoqpieoqm
531 4847 635 4913 Angus'
655 4849 750 4913 metius
767 4848 888 4900 munimus
905 4863 984 4916 egens
1001 4863 1044 4912 pro
1062 4841 1219 4912 rispomione
1230 4847 1333 4911 Kepieri
1351 4845 1512 4910 (lemtim
1518 4848 1627 4913 lepisti

283 4915 379 4977 iteres,
398 4917 473 4970 detes
491 4917 515 4968 d.
537 4917 577 4968 18.
596 4919 612 4971 J
638 4917 658 4982 .)
683 4933 787 4988 eumque
812 4920 927 4974 leudibus
952 4919 1090 4976 tumulus.
1112 4919 1176 4970 bueo
1201 4921 1320 4984 prioribus
1344 4920 1414 4970 sitiit
1430 4920 1475 4970 li:
1504 4919 1577 4983 Quoi
1594 4934 1626 4972 eu
