3517 5525
360 423 426 498 078
682 367 702 430 ’0
822 458 823 466 ¹
960 426 1101 490 bebrua

361 619 438 690 Ergo
458 613 642 691 legeritbmus
663 617 699 670 ad
721 609 774 670 320
794 611 845 672 200
862 623 907 670 eet
947 613 1046 673 62578

570 697 715 770 Logarith.
744 690 776 750 10
797 691 825 750 20
850 691 1072 780 1000401200-

579 786 613 849 00
635 790 683 852 330
705 789 763 852 2000
773 816 780 859 ;
801 795 905 866 Logar.
927 791 1046 850 463778

579 875 611 930 In
635 875 787 930 Meridiano
808 868 861 933 230
875 867 924 930 240
945 869 971 939 Si

587 957 619 1010 In
638 957 779 1030 Nonages.
804 951 847 1010 10.
874 949 912 1008 38
941 948 967 1018 Q
1085 953 1089 962 '

728 1055 783 1108 MN
806 1047 850 1108 12.
874 1051 913 1108 46
943 1053 1031 1108 Antii.
1055 1057 1092 1121 (h.
1112 1059 1204 1127 alog-
1223 1055 1325 1123 compl.)
1363 1046 1442 1109 2502

573 1133 680 1190 Deinde
701 1135 781 1190 culm.
804 1125 856 1188 130
876 1127 927 1188 460

617 1214 699 1292 Altit.
721 1231 781 1288 aeq.
803 1207 850 1269 41.
874 1211 912 1268 44

788 1289 1438 1380 Π.,...,ιος.19343

504 1413 580 1480 Aug.
602 1410 653 1462 ecl.
675 1415 705 1462 et
724 1409 783 1464 hor.
807 1404 853 1465 57.
877 1405 917 1464 40
936 1408 1007 1462 idem
1027 1408 1073 1478 qui
1087 1423 1178 1478 snpra.
1250 1387 1441 1478 Logss'lttlll

346 1475 352 1490 ⁸
449 1490 552 1561 Opinon
573 1489 595 1544 si
616 1490 704 1544 sinum
726 1481 779 1543 410
801 1485 848 1546 350
876 1489 906 1542 in
925 1489 1085 1542 foecundum
1108 1483 1159 1544 320
1181 1482 1229 1541 200
1249 1488 1427 1556 multiplices,
1455 1487 1634 1564 proditurum
1652 1489 1701 1543 ice-

360 1574 475 1626 cundum
495 1585 574 1624 arem
595 1561 648 1623 430
670 1563 761 1634 38040,
790 1577 819 1624 et
839 1571 912 1624 hanc
936 1587 998 1624 esse
1022 1569 1176 1645 legitimam
1199 1569 1273 1622 riam
1292 1567 1444 1639 inquirendi
1464 1568 1604 1639 angulum
1626 1571 1701 1639 erlip

360 1653 432 1708 tices
453 1657 482 1706 et
501 1649 649 1706 verticalis.
1297 1663 1303 1676 ·

446 1733 492 1788 Ex
511 1730 554 1786 his
575 1730 662 1802 igitur
682 1727 870 1873 3541423ξί4ηὲ
878 1729 1156 1870 ΡΙτΙοΒαδοΙαιιριιῙιιω
1176 1727 1322 1801 eclipticae
1343 1743 1403 1782 cum
1423 1728 1562 1794 verticuli,

622 1891 730 1964 Nonag.
754 1885 798 1948 10.
822 1885 860 1946 38
892 1885 916 1957 ll

604 2045 607 2051 ,
752 1987 799 2044 41.
823 1985 859 2044 35
949 1989 1050 2057 Logar.
1072 1981 1166 2042 40991
1568 2041 1572 2050 ,

494 2071 603 2140 Nonug.
624 2087 643 2125 a
662 2075 731 2124 vert.
754 2061 804 2122 320
827 2065 875 2126 200
982 2068 1051 2122 Mes.
1073 2061 1171 2121 45730
1187 2067 1223 2135 -l-
1242 2069 1482 2138 (hleeclogariffimu
1504 2089 1533 2112 =
1550 2074 1605 2141 leg.
1624 2075 1701 2142 tq.)
1752 2146 1753 2173 1

938 2141 1199 2153 .....—.-.-..—,
1214 2141 1249 2150 ῳ

754 2165 801 2223 43.
827 2160 896 2226 3801,
980 2166 1048 2218 Mes.
1088 2158 1221 2227 473st
1752 2212 1753 2217 ,

450 2243 558 2308 Omnia
581 2245 780 2322 consentiunt,
806 2244 947 2326 angulum
979 2242 1135 2322 eclipticas
1159 2261 1225 2303 curn
1254 2241 1390 2302 verticali
1414 2241 1517 2302 Lunae
1542 2263 1615 2306 esse
1639 2265 1700 2307 ma-

354 2335 461 2416 jorem,
486 2334 602 2395 scilicet
625 2353 682 2396 nou
707 2330 767 2397 390
793 2332 852 2409 140,
879 2333 931 2395 sed
955 2325 1016 2395 430
1040 2325 1149 2413 380120.
1195 2329 1311 2400 Quarto
1336 2330 1414 2409 quod
1441 2333 1556 2393 attinet
1584 2339 1699 2414 magni-
1752 2336 1753 2413 l

358 2425 490 2486 tudinem
515 2423 660 2506 delectus,
683 2423 754 2484 mihi
778 2423 912 2485 insolens
935 2427 1065 2494 nonest,
1091 2436 1157 2481 eum
1173 2420 1299 2481 diversis
1322 2417 1415 2480 videri
1439 2418 1605 2485 diversum
1639 2423 1699 2504 Ego
1752 2422 1753 2427 ’

357 2521 439 2574 certe
463 2520 495 2572 et
517 2511 723 2590 Gringalletus
747 2531 830 2574 meus
858 2509 1081 2590 diligentissimi
1104 2507 1151 2569 hic
1178 2510 1302 2584 luimus,
1331 2519 1363 2568 et
1384 2509 1430 2569 usi
1453 2527 1557 2572 snmus
1583 2516 1699 2593 perspi·

357 2601 435 2662 ciliis
458 2619 515 2660 uon
540 2601 660 2662 nimium
693 2600 974 2680 multiplicantibus
1010 2600 1053 2659 sic
1076 2606 1110 2658 ut
1132 2598 1219 2659 Luna
1246 2606 1314 2658 tota
1344 2597 1433 2658 simul
1461 2599 1560 2660 videri
1594 2604 1698 2681 possit

356 2687 398 2750 Et
421 2689 554 2771 quamvis
579 2707 636 2749 non
660 2697 798 2751 accurate
819 2689 955 2769 ,potuerit
977 2687 1145 2759 aestimari,
1169 2707 1226 2748 non
1250 2695 1350 2747 tamen
1380 2687 1611 2762 dubitabamus,
1635 2693 1698 2774 quin

357 2780 437 2841 circa
460 2778 588 2839 medium
613 2788 696 2840 esset
718 2797 796 2840 nona
819 2798 889 2859 pars
912 2780 1015 2841 Lunae
1038 2777 1068 2837 iu
1093 2777 1201 2837 lumine
1225 2776 1353 2838 circiter.
1396 2776 1477 2839 Sane
1500 2778 1580 2840 haec
1604 2782 1699 2842 incer·

356 2868 452 2930 titudo
486 2868 673 2929 observandi
694 2868 804 2947 digitos
838 2868 911 2929 fecit
939 2886 985 2927 me
1016 2866 1136 2927 taudem
1173 2865 1333 2943 desperare
1366 2865 1402 2926 de
1432 2868 1589 2945 parallaxi
1623 2868 1698 2933 Solis

356 2956 615 3019 observationibus
639 2956 721 3018 hisce
750 2958 895 3031 eruendo,
929 2956 1007 3036 quod
1030 2974 1088 3015 uon
1119 2954 1305 3018 dissimulavi
1328 2954 1358 3015 in
1383 2950 1553 3016 Commeat
1581 2959 1697 3031 Martis,

356 3048 442 3128 inque
465 3044 694 3126 Ephemeridum
719 3046 920 3125 praeambulo.
967 3056 1071 3124 (Comp.
1088 3054 1199 3124 Optices
1219 3071 1296 3107 meae
1318 3054 1364 3109 ful.
1381 3048 1446 3110 320.
1465 3050 1545 3121 349.)
1596 3046 1698 3128 Itaque

355 3135 383 3197 in
404 3134 551 3216 Epitoma,
577 3154 652 3215 qnae
675 3136 752 3197 forte
777 3135 892 3209 edetur,
916 3133 1084 3214 parallaxin
1100 3131 1180 3206 Solis
1199 3134 1380 3194 constituam
1395 3154 1413 3193 a
1427 3132 1529 3212 priori,
1555 3138 1698 3198 minorem

355 3242 421 3285 eam
445 3224 558 3285 iaciens
588 3242 677 3304 quam
698 3224 728 3285 in
751 3222 999 3303 Ephcmeridibus
1024 3231 1055 3282 et
1078 3221 1195 3283 omnino
1217 3231 1348 3297 tantam,
1381 3230 1524 3301 quautam
1548 3224 1583 3284 in
1608 3224 1698 3289 Gom-

354 3312 499 3375 mentatio
514 3312 623 3375 Martis
647 3312 817 3393 suspicatus
842 3330 917 3375 sum.
955 3312 1034 3373 Nam
1055 3310 1081 3371 si
1099 3310 1155 3371 hoc
1174 3311 1293 3373 axioma
1315 3310 1463 3391 usurpem,
1487 3313 1584 3373 toties
1599 3314 1698 3377 Solem

355 3419 421 3463 esse
445 3403 585 3481 majorem
605 3400 707 3476 Terra,
733 3402 850 3481 quoties
874 3400 1094 3463 semidiameter
1117 3399 1196 3461 orbis
1221 3396 1261 3477 Θ
1280 3398 1380 3479 major
1403 3407 1452 3462 est
1474 3400 1697 3465 semidiametro

353 3491 473 3566 Terrae,
498 3500 529 3550 et
544 3489 674 3551 vicissim
699 3490 929 3553 toties'Terram
952 3488 1096 3568 majorem
1110 3488 1205 3562 Luna,
1230 3490 1346 3570 quoties
1369 3489 1596 3553 semidiameter
1618 3494 1698 3554 orbis

354 3578 455 3641 Lunae
479 3587 527 3639 est
558 3580 654 3659 major
684 3580 906 3641 semidiametro
929 3580 1038 3639 Terrae
1068 3578 1220 3658 ejusdem:
1256 3577 1390 3658 sequitur
1412 3589 1548 3640 assumto
1574 3582 1698 3643 visionis

354 3685 506 3747 apogaeae
529 3668 637 3746 angulo
658 3664 711 3730 300
731 3669 794 3748 (qui
819 3668 910 3729 hab'et
933 3668 1022 3728 etiam
1048 3686 1116 3727 suas
1140 3667 1271 3727 rationes
1295 3686 1314 3726 a
1336 3666 1443 3745 priori)
1459 3666 1566 3730 Solem
1591 3672 1699 3732 abesse

353 3752 439 3821 3469
464 3756 693 3841 semidiametris
717 3756 746 3817 in
770 3756 909 3817 mediocri
934 3755 1089 3826 distantia,
1114 3754 1228 3817 Lunam
1248 3750 1308 3818 59:
1332 3774 1404 3835 ergo
1424 3755 1505 3817 Solis
1528 3760 1698 3838 parallaxis

352 3846 471 3909 circiter
504 3844 542 3907 10.
597 3846 654 3907 Pro
687 3846 887 3907 concinnitate
917 3864 989 3905 vero
1021 3844 1238 3923 proportionis,
1277 3863 1365 3923 quam
1395 3844 1472 3923 elegi
1505 3844 1537 3907 in
1568 3848 1697 3928 prem

352 3936 438 3997 Num.
465 3934 494 3997 7.
522 3935 585 4013 jam
610 3932 728 3997 obtineo
759 3934 848 3995 aliam
880 3934 1110 3995 concinnitatem
1134 3952 1205 3993 sane
1227 3952 1325 4012 ’quam
1354 3934 1545 4010 mirabilem
1579 3938 1699 3999 seilicet

304 4030 309 4033 “
352 4025 438 4098 hanc,
463 4024 540 4104 quod
563 4022 609 4083 his
630 4022 744 4101 legibus
768 4022 897 4102 sphaera
912 4023 1016 4084 Lunae
1030 4023 1064 4083 fit
1083 4021 1216 4095 medium,
1232 4022 1455 4103 proportionale
1478 4024 1560 4087 iuter
1575 4026 1698 4105 globum

351 4112 462 4175 Terrae
486 4122 518 4172 et
540 4112 699 4193 sphaeram
715 4111 794 4175 Solis
811 4114 878 4183 (seu
898 4104 1025 4184 Terrae)
1049 4112 1128 4172 sicut
1147 4110 1222 4172 libro
1242 4111 1279 4171 de
1299 4110 1397 4172 Stella
1414 4112 1502 4174 Nova
1520 4118 1567 4182 (ΙΙ,
1587 4139 1612 4187 p
1632 4122 1698 4185 m]

353 4200 508 4279 sphaeram
524 4198 657 4272 Saturni,
682 4201 784 4261 extimi
808 4200 967 4271 mobilium,
993 4200 1048 4261 leci
1073 4199 1199 4261 medium
1222 4198 1445 4279 proportionale
1468 4201 1549 4263 inter
1573 4204 1697 4282 globum

353 4286 434 4349 Solis
466 4290 587 4350 motoris
619 4300 649 4349 et
682 4288 841 4369 sphaeram
872 4289 1013 4365 finarum3
1045 4288 1123 4369 quod
1146 4307 1183 4349 ea
1204 4307 1237 4349 re
1260 4288 1468 4363 confirmatur,
1502 4294 1586 4372 quod
1617 4294 1697 4355 sicut
1752 4283 1753 4358 l

353 4384 449 4437 motus
471 4378 657 4457 planetarum
675 4387 716 4438 'ex
742 4376 814 4441 Sole
837 4384 904 4452 est,
937 4377 980 4438 sic
1011 4378 1102 4438 etiam
1133 4385 1232 4439 motus
1254 4377 1358 4439 Lunae
1383 4386 1431 4439 est
1454 4398 1492 4441 ex
1514 4380 1628 4455 Terra,
1660 4400 1696 4443 ex

352 4464 504 4547 utriusque
534 4467 649 4527 scilicet
679 4465 760 4546 globi
790 4466 960 4528 tornatione
992 4465 1072 4527 circa
1100 4484 1198 4526 axem.
1250 4466 1312 4527 Sed
1344 4466 1419 4527 haec
1449 4468 1558 4530 obiter·
1607 4472 1695 4533 Nune
1752 4517 1753 4542 ,

320 4628 322 4639 Ι
353 4553 443 4635 igitur
465 4552 512 4614 his
535 4554 715 4627 dilucidatis,
738 4574 810 4635 rogo
833 4555 979 4633 majorem
1002 4554 1032 4615 in
1054 4555 1181 4630 modum,
1206 4554 1293 4635 idque
1315 4562 1438 4636 propter
1457 4556 1569 4619 bonum
1588 4560 1694 4640 publi·
1752 4555 1753 4581 ³

353 4660 420 4704 cum
442 4651 473 4705 et
494 4651 615 4722 propter
637 4644 778 4705 honorem
808 4644 1004 4722 professionis
1035 4652 1171 4715 nostrae,
1205 4662 1281 4723 quae
1304 4644 1444 4706 consistit
1465 4646 1496 4707 in
1518 4646 1578 4708 hoc
1602 4649 1692 4729 adju·

354 4732 460 4805 vando,
483 4740 515 4793 ut
531 4730 680 4812 dispicias,
706 4732 775 4815 quid
800 4732 946 4811 agendum
969 4740 1057 4811 putes
1080 4732 1206 4794 intuetu
1229 4734 1353 4795 fixamm
1376 4734 1572 4797 emendando.
1612 4737 1692 4799 Nam

353 4820 463 4881 cimilia
485 4818 576 4881 etiam
599 4838 636 4880 ex
659 4820 807 4883 nonnullis
831 4819 1089 4881 observationibus
1114 4820 1242 4883 Veneris
1265 4821 1368 4883 videor
1394 4841 1499 4884 eruere
1526 4842 1634 4903 posse,
1661 4835 1691 4887 nt

354 4904 397 4967 ita
419 4908 540 4969 diurnae
565 4906 589 4981 Ω
614 4908 839 4970 ohservationes
863 4926 929 4969 cnm
959 4909 1102 4989 proximis
1124 4909 1304 4991 Tyehonicis
1335 4913 1487 4974 nocturnis
1517 4914 1690 4977 intervente

354 4994 465 5057 horarii
489 4994 596 5078 quon
620 4996 729 5075 optime
753 4994 940 5058 conveniant
