3517 5525
286 403 351 481 eru
428 371 434 380 “
501 480 510 492 ,
814 412 1157 487 anamma...

287 591 436 675 praebent
459 603 621 660 conatuum.
636 617 699 661 rem
720 597 842 662 ulterius
865 580 1066 673 continuandi,
1089 583 1206 676 singula
1227 595 1414 658 morenate
1434 595 1481 656 rel
1495 591 1624 675 proble-

291 691 377 744 mata
399 682 530 765 digitum
546 687 703 750 intendunt
725 687 763 750 ad
786 687 963 768 praemissa,
985 683 1103 749 omissis
1126 704 1197 748 vero
1212 683 1340 748 numeris
1354 682 1531 758 ordinariis3
1554 680 1626 744 eal-

291 771 351 923 cpli
374 772 558 850 multiplices
581 776 635 840 his·
650 777 745 840 additi
768 776 895 842 suntad
919 775 1066 861 inceptum
1079 776 1261 861 pertinentes
1277 773 1441 859 negotium,
1462 773 1624 838 (innectes

285 877 376 942 pauo
405 862 562 928 deseritur.

376 953 409 1018 Si
434 973 471 1016 ex
492 953 549 1028 his,
573 973 649 1037 quae
670 951 792 1037 praesto
815 965 893 1034 suot,
917 959 1070 1040 exemplis,
1086 959 1112 1021 si
1129 958 1272 1041 inspeetis
1284 955 1401 1038 passim
1411 952 1625 1035 manuscriptis

290 1050 333 1106 et
358 1044 538 1124 comparetis
574 1043 630 1120 iis,
664 1064 738 1126 quae
768 1045 833 1125 ipse
869 1047 957 1110 affert
989 1048 1024 1111 de
1053 1048 1169 1113 ratione
1199 1045 1377 1129 procedendi
1399 1045 1430 1109 iu
1453 1042 1624 1108 Commeat.

287 1131 401 1197 Martie
427 1134 538 1214 (comp.
566 1135 673 1197 literas
696 1133 818 1216 Kepleri
847 1138 887 1198 ed
908 1137 1109 1212 Maestliuum‚
1133 1137 1302 1203 Fabricium
1323 1136 1457 1216 aliosque
1479 1135 1509 1198 iu
1530 1152 1625 1214 prae-

287 1223 401 1284 latione
425 1223 462 1286 ad
485 1222 541 1285 hoc
564 1223 652 1304 opus)
677 1224 702 1286 si
726 1243 763 1286 ex
784 1224 832 1287 his
856 1227 1030 1290 coucludere
1054 1229 1124 1290 licet
1142 1227 1178 1289 de
1197 1225 1328 1306 reliquis,
1354 1244 1428 1307 quae
1442 1222 1627 1302 conscripsit

288 1311 449 1395 Keplerus.
473 1331 531 1374 uen
555 1313 619 1376 siue
641 1313 779 1376 veritatis
795 1316 894 1396 specie
913 1316 987 1378 baec
1005 1318 1041 1379 de
1060 1325 1181 1380 auctore
1195 1325 1295 1378 nostro
1309 1316 1455 1386 dicamus:
1477 1313 1625 1388 Primum,

288 1421 480 1485 quaecuuque
503 1401 697 1466 occurrebant
719 1401 850 1484 Keplero
866 1406 1071 1482 ”notabiliora
1095 1425 1161 1471 cum
1183 1405 1262 1468 domi
1284 1413 1346 1468 tum
1369 1404 1398 1466 in
1421 1404 1527 1466 itinere
1551 1402 1626 1474 (ad-

288 1493 413 1573 scripsit
445 1490 580 1573 saepius,
609 1500 728 1572 praeter
759 1494 835 1556 diem
861 1514 918 1575 quo
941 1496 1161 1560 lucubrationes
1183 1497 1306 1559 chartae
1328 1493 1495 1566 mandavit,
1528 1491 1626 1554 etiam

290 1581 406 1658 urbem,
431 1601 459 1644 v.
483 1601 512 1662 g.
538 1581 742 1657 „Monachii“,
769 1583 936 1666 „Pragae“,
962 1585 1155 1665 „Tubiugae“
1171 1586 1268 1660 bc),
1296 1584 1375 1646 iuter
1396 1583 1497 1646 studia
1519 1592 1626 1644 astro-

288 1670 403 1734 nomica
430 1671 514 1734 etin
537 1671 616 1746 otio,
654 1671 803 1754 extemplo
826 1673 876 1736 nbi
898 1682 1003 1755 posset
1033 1675 1147 1739 chartis
1177 1666 1330 1747 tradebat,
1363 1673 1412 1735 vel
1440 1692 1494 1754 per
1515 1671 1627 1735 literas

288 1761 327 1822 ad
350 1760 461 1822 amicos
485 1761 574 1822 datas
597 1759 808 1838 dubitationes,
831 1783 906 1845 quae
929 1765 1134 1840 occurrebant,
1158 1761 1294 1845 sibiipsi
1318 1763 1445 1824 eximere
1466 1761 1625 1825 studebat.

286 1849 412 1918 Deinde.
436 1869 524 1931 quum
545 1869 596 1912 res
622 1849 716 1931 ipsum
743 1852 873 1931 agitaret
896 1853 1007 1933 gravis,
1031 1874 1128 1936 quum,
1157 1862 1191 1916 ut
1212 1852 1323 1918 accidit
1345 1852 1375 1914 iu
1399 1850 1625 1933 „Hipparcbo“,

287 1939 443 2004 moliretur
457 1938 617 2002 editionem
631 1940 784 2020 cujusdam
804 1942 912 2023 operis,
927 1943 1070 2006 versabat
1084 1963 1146 2006 rem
1164 1937 1356 2025 propositam,
1375 1942 1470 2003 donec
1494 1941 1629 2004 maxima

288 2037 451 2110 exparte,
475 2037 508 2092 ut
531 2027 575 2090 ita
597 2029 705 2098 dicam.
727 2030 758 2092 in
781 2039 942 2112 conspectu
965 2040 1057 2108 esset,
1080 2044 1112 2095 et
1135 2033 1198 2096 siue
1211 2027 1310 2096 nullas
1325 2031 1423 2094 auimo
1437 2029 1627 2112 praecipiens

288 2117 491 2193 difficultates,
517 2136 592 2199 quae
616 2118 705 2202 objici
719 2130 861 2200 possent,
886 2121 951 2183 sive
974 2120 1044 2184 illas
1062 2141 1105 2198 se,
1127 2123 1306 2206 procedente
1325 2120 1454 2202 negotio,
1478 2120 1628 2184 victurum

288 2207 395 2272 fiducia
425 2208 547 2289 plenus,
583 2227 646 2270 reru
679 2208 821 2272 alacriter
850 2209 1039 2291 aggressus,
1065 2211 1150 2293 qnasi
1180 2211 1235 2274 sibi
1259 2211 1318 2293 ipsi
1340 2209 1478 2275 stimulos
1495 2209 1627 2273 subdere

289 2296 391 2372 vellet,
417 2297 454 2359 ab
478 2296 562 2358 initio
587 2305 699 2378 quanta
721 2300 819 2379 potuit
841 2299 999 2381 diligentia
1015 2319 1077 2362 rem
1099 2301 1261 2374 tractabat,
1282 2300 1380 2382 prima
1392 2301 1457 2382 jam
1475 2299 1556 2362 linea
1574 2317 1627 2361 re-

288 2385 418 2468 spiciens
446 2384 532 2468 quasi
561 2386 599 2448 ad
623 2394 742 2468 typum,
771 2389 961 2471 ordinemque
985 2409 1110 2453 servans
1131 2392 1200 2454 iude
1223 2391 1261 2454 ab
1284 2390 1369 2454 iuitio
1392 2389 1489 2451 auimo
1513 2403 1627 2471 propu-

290 2475 390 2539 situm.
438 2471 491 2538 Sic
523 2474 659 2555 singulae
690 2477 829 2559 deinceps
862 2479 929 2541 libri
960 2490 1064 2560 partes
1096 2499 1129 2544 se
1168 2480 1295 2543 invicem
1330 2478 1531 2560 sequebantur
1576 2479 1627 2551 (ut

287 2583 316 2626 v.
341 2584 367 2626 c.
391 2565 422 2629 in
444 2563 555 2626 Martis
579 2561 809 2629 Commentariis
833 2568 934 2647 capita
956 2569 995 2631 ab
1017 2569 1101 2632 initio
1121 2565 1163 2634 52
1177 2569 1303 2650 priora),
1325 2569 1420 2632 donec
1431 2566 1627 2648 improvisum

289 2653 512 2735 deprehendens
524 2652 766 2733 impedimentum
778 2657 902 2735 gradum
915 2657 1053 2732 sistebat,
1073 2666 1114 2733 et,
1132 2678 1271 2722 reversus
1285 2658 1324 2721 ad
1338 2658 1500 2742 exordium,
1515 2675 1579 2719 rem
1593 2664 1627 2720 et

289 2764 325 2807 ea
348 2762 423 2825 quae
445 2739 559 2806 chartis
582 2743 726 2807 mandata
754 2745 886 2809 habehat
917 2747 1084 2813 accuratius
1106 2747 1297 2830 inspiciebat,
1320 2756 1382 2811 tom
1404 2748 1521 2812 demum
1545 2746 1626 2810 forte

289 2852 334 2909 ea,
358 2851 433 2915 quae
457 2832 493 2895 de
516 2832 702 2895 instituenda
724 2833 823 2919 operis
845 2836 960 2899 ratione
983 2838 1081 2901 auimo
1104 2839 1378 2920 comprehenderat,
1400 2836 1513 2900 chartis
1536 2856 1626 2899 man-

289 2921 374 2985 dans.
418 2922 455 2985 Iu
480 2921 912 3004 „Hipparcho“,diliicultates
926 2928 1067 3006 frangunt
1087 2928 1240 3014 inpetum,
1262 2935 1295 2990 et
1316 2944 1492 3009 quamquam
1515 2924 1628 2991 iterum

287 3012 452 3093 iterumque
475 3010 579 3087 rediit,
609 3012 731 3075 taudem
754 3014 896 3077 iniectum
917 3015 1057 3096 reliquit,
1092 3025 1211 3098 partem
1232 3035 1348 3092 eorum,
1385 3034 1460 3099 quae
1483 3014 1630 3079 absoluta

286 3102 414 3176 fuerunt,
439 3100 652 3181 „praeceptis“
676 3101 855 3165 Tabularum
877 3103 1133 3188 Rudolphiuarurn
1155 3106 1392 3170 accommodans.

371 3189 520 3273 Keplerus
536 3208 625 3271 quam
643 3190 756 3255 obrem
771 3208 844 3272 opus
863 3212 948 3256 snum
967 3194 1186 3259 inscribendum
1204 3194 1353 3259 censuerit
1366 3190 1627 3274 Hipparchum,

285 3278 373 3344 lacile
388 3278 545 3363 conjicient
560 3279 589 3356 ii,
608 3280 668 3362 qui,
683 3280 789 3344 imbuti
803 3282 1004 3346 astronomiae
1023 3283 1161 3363 historia,
1182 3305 1240 3349 nou
1257 3284 1404 3365 ignorant,
1418 3280 1628 3364 Hipparchum

285 3369 429 3455 peculiari
456 3369 572 3433 ratione
599 3368 764 3433 dimensum
786 3390 853 3433 esse
882 3371 1057 3437 distantiam
1080 3382 1111 3437 et
1133 3375 1332 3457 quantitatem
1353 3372 1433 3438 Solis
1456 3381 1488 3435 ct
1512 3370 1627 3448 Lunae

285 3456 431 3540 singulari
453 3458 483 3521 in
498 3457 575 3520 hunc
591 3458 678 3520 finem
693 3476 779 3521 usum
795 3459 1003 3540 delineatione,
1027 3482 1102 3545 quae
1126 3464 1374 3546 „diagramma
1394 3460 1625 3544 Hipparchi“

285 3548 406 3624 dicitur,
431 3554 615 3630 apparentes
638 3546 720 3611 Solis
741 3548 903 3632 Lunaeque
927 3552 1089 3617 diametros
1112 3574 1268 3637 eorumque
1290 3554 1461 3636 parallaxes
1484 3551 1627 3615 horizon·

284 3640 364 3703 tales
387 3644 623 3718 comparantem.
646 3656 781 3701 necnon
805 3640 926 3704 umbrae
949 3642 1120 3712 Terrestris,
1135 3644 1312 3709 diametrum
1335 3643 1469 3715 eoloco,
1491 3659 1549 3722 quo
1572 3659 1627 3703 se-

240 3784 245 3797 .
285 3735 371 3793 catur
398 3746 451 3809 per
473 3726 592 3789 Lunam
623 3726 809 3809 eclipsatam.
862 3728 928 3793 Alii
950 3739 1068 3809 summ,
1103 3733 1200 3799 miuus
1231 3731 1345 3797 versati
1373 3730 1404 3794 iu
1435 3729 1482 3793 his
1505 3728 1627 3803 studiis,

283 3818 358 3883 haec
389 3817 540 3880 habeant:
571 3814 772 3897 Hipparchus,
795 3822 885 3880 uatus
907 3818 1042 3884 Nicaeae
1062 3821 1275 3906 Bithynorum,
1297 3820 1409 3905 primus
1431 3818 1555 3899 collegit
1576 3837 1625 3894 ea,

288 3926 364 3991 quae
386 3907 503 3988 priores
525 3902 558 3967 in
581 3904 664 3967 coelo
688 3906 941 3987 observaverant,
965 3918 1011 3986 et,
1034 3930 1094 3975 uou
1116 3921 1274 3976 contentus
1296 3907 1555 3975 observationibus
1579 3906 1626 3970 si-

285 3998 388 4059 derum
414 4013 468 4075 per
495 4012 528 4060 se
559 4011 626 4057 cum
656 3994 693 4057 ab
732 3994 794 4059 illis
823 4002 888 4060 tum
921 3998 960 4060 ab
993 3998 1058 4079 ipso
1098 3999 1325 4082 diligentissime
1355 3998 1462 4073 iactis,
1493 3996 1626 4060 studium

286 4085 343 4151 hcc
378 4084 470 4147 altius
504 4082 670 4164 accipiens,
708 4084 842 4165 integrae
874 4085 1019 4150 scientiae
1051 4092 1281 4156 conformandae
1313 4109 1433 4175 operam
1462 4085 1549 4149 dedit
1571 4086 1627 4160 (ab

286 4192 364 4239 anno
387 4194 415 4237 a.
441 4170 498 4237 Oh.
525 4168 723 4249 rto-125).
768 4174 886 4239 Motum
908 4176 1105 4257 planetarum,
1130 4180 1212 4248 Solis
1234 4190 1266 4246 et
1287 4181 1390 4245 Lunae
1411 4176 1552 4259 periodos
1569 4195 1628 4239 ac-

284 4263 417 4329 curatius
439 4258 621 4327 constituere
645 4260 702 4325 sibi
721 4264 887 4345 proposuit,
911 4284 1087 4346 comparans
1107 4288 1177 4334 suas
1191 4271 1285 4356 ipsius
1308 4266 1534 4333 observationes
1557 4283 1628 4329 cnm

283 4353 344 4418 illie
375 4358 524 4429 veterum,
559 4352 727 4433 primusque
758 4354 886 4416 coniecit
914 4354 1092 4437 hypothesin
1119 4359 1170 4422 vel
1196 4361 1275 4443 qnod
1310 4356 1493 4441 posteriores
1508 4430 1511 4433 g
1524 4351 1628 4417 mundi

279 4448 420 4529 ,systema
442 4440 593 4519 dicebant,
617 4442 704 4505 orbes
726 4441 913 4522 planetarum
935 4446 1119 4511 ecceutriccs
1139 4468 1265 4530 ponens,
1282 4457 1322 4511 ut
1347 4448 1628 4510 salvaret‘motuum

280 4529 550 4613 irregularitatem.
583 4530 664 4594 Auni
687 4530 886 4613 quantitatem
903 4536 1071 4598 accuratius
1082 4536 1234 4604 dimensus
1249 4546 1307 4613 est,
1330 4535 1450 4599 tabulas
1469 4532 1630 4597 coustituit
1755 4529 1758 4538 ’

286 4630 418 4686 motuum
451 4617 531 4681 Solis
561 4626 593 4682 et
613 4620 736 4696 Lunae,
774 4620 943 4702 catalogum
972 4623 1098 4706 deniqne
1130 4628 1263 4693 coniecit
1299 4626 1454 4690 stellarum
1489 4622 1625 4686 fixarum.

285 4710 347 4777 Sed
370 4710 534 4773 studiorum
556 4708 658 4772 horum
690 4708 932 4791 gravissimorum
955 4710 1133 4779 documenta
1160 4717 1265 4789 omnia
1288 4717 1350 4780 fere
1371 4712 1523 4796 perierunt
1546 4718 1628 4776 teru-

283 4819 388 4882 poram
411 4798 530 4881 injuria,
553 4815 610 4860 uuo
633 4806 750 4861 tautum
773 4808 898 4879 excepto
920 4800 1032 4879 libello,
1056 4823 1142 4885 quem
1157 4803 1333 4889 iruscripeitz
1354 4825 1412 4867 ser
1429 4801 1557 4882 ⁹Apsaros
1579 4824 1628 4865 aar

286 4888 422 4963 stactes
444 4890 632 4967 illamam
653 4885 810 4966 33!le
831 4890 929 4967 deliba
951 4914 974 4970 y,
998 4912 1083 4973 quem
1105 4896 1240 4977 primum
1257 4894 1352 4961 edidit
1372 4894 1513 4957 Petrus
1535 4888 1628 4956 vic-

285 4978 413 5049 torius
440 4977 611 5051 Florentiae
647 4972 746 5058 1567,
778 4978 864 5045 etin
890 4979 1031 5045 Latinam
1059 5002 1187 5063 versum
1214 4986 1347 5068 lingnam
1373 4984 1412 5049 D.
1441 4976 1628 5065 Peta‘rius
