3517 5525
269 344 336 417 234
751 344 791 403 De
807 344 916 403 Motibus
935 345 1028 403 Stellae
1046 346 1133 405 Marde

356 525 435 592 Hinc
454 526 570 603 videas,
592 524 703 591 nubam
716 528 834 591 omuino
848 526 879 590 in
897 526 1009 591 usitato
1023 527 1139 591 calculo
1159 528 1248 610 (puta
1264 528 1420 611 iuMagiui
1432 526 1613 611 Ephemeri·

270 618 373 693 dibus)
405 616 579 697 contingere
601 617 840 699 conjunctionem
861 617 971 681 Martis
994 623 1027 680 et
1049 616 1146 695 Solis,
1170 638 1246 700 quae
1269 636 1327 682 non
1351 621 1392 683 sit
1415 618 1473 693 (uti
1496 618 1614 693 dicunt)

269 724 463 790 percorpus.
510 704 599 777 Quod
622 706 648 769 si
670 725 773 771 verum
796 706 847 784 sit,
871 708 984 771 frustra
1006 714 1114 770 natura
1137 714 1406 791 temperamentum
1421 706 1615 772 latitudinum

270 795 454 866 confinxerit,
477 814 514 857 ne
529 795 733 876 corporalibus
746 797 1002 876 coniunctionibus
1016 796 1120 860 erebro
1133 797 1374 879 contingentibus
1388 797 1497 861 nimiae
1511 803 1616 860 esseut

220 924 225 936 .
270 886 490 967 exagitatioues
512 884 714 949 sublunarium
737 886 890 949 virtutum.
1613 926 1616 937 ·

150 981 155 989 '
358 972 552 1057 copemicus,
576 974 746 1037 divitiarum
768 994 889 1039 suerum
911 976 977 1057 ipse
998 976 1130 1058 ignarus,
1151 975 1357 1039 Ptolemaeum
1371 975 1430 1040 sibi
1444 974 1615 1057 exprimen-

271 1066 341 1129 dum
362 1064 481 1128 omuino
503 1063 628 1140 sumsit,
651 1082 711 1127 uon
733 1083 831 1127 rerum
846 1072 1008 1143 naturam,
1032 1066 1071 1127 ad
1094 1083 1181 1147 quam
1204 1075 1306 1129 tamen
1329 1066 1458 1129 omnium
1480 1064 1614 1149 proxime

270 1159 451 1219 accesserat.
488 1151 616 1224 Quade
638 1154 760 1234 relege
782 1154 944 1217 Rheticnm
964 1156 995 1217 iu
1020 1154 1253 1233 ,ςΝιιιιιίοιιιιι
1285 1150 1617 1230 Gavisusenim,s1iis

272 1242 610 1327 appropinquationibus
633 1241 762 1305 Telluris
785 1243 824 1307 ad
846 1244 946 1307 sidera
963 1244 1153 1309 latitudinum
1174 1244 1291 1325 species
1306 1244 1418 1325 augeri,
1441 1252 1616 1307 nontamen

271 1354 362 1398 ausus
385 1340 447 1407 est,
484 1332 606 1396 residua
627 1332 818 1395 latitudinum
848 1342 1011 1412 augmenta
1032 1334 1219 1397 Ptolemaios
1241 1334 1332 1418 (qnae
1355 1334 1430 1397 baec
1453 1332 1616 1415 appropin-
1661 1338 1669 1349 '

272 1422 374 1506 quatio
397 1421 526 1484 Telluris
540 1440 599 1485 non
618 1424 844 1503 assequeretur)
858 1422 993 1503 rejicere,
1018 1424 1072 1485 sed
1091 1424 1139 1499 (ut
1155 1430 1187 1486 et
1201 1424 1256 1487 ille
1270 1423 1464 1505 exprimeret)
1478 1423 1616 1485 libratio-

271 1532 326 1576 nes
355 1512 511 1595 planorum
543 1512 777 1573 eccentricomm
805 1512 966 1587 confinxit,
990 1511 1095 1593 quibus
1117 1512 1320 1577 inclinationis
1344 1513 1469 1593 angulus
1493 1511 1615 1587 (Ptole-

273 1620 358 1666 maeo
382 1607 524 1663 constans
553 1608 583 1662 et
606 1594 696 1679 fixus)
720 1600 902 1677 variaretur,
932 1608 1021 1682 etque
1044 1602 1071 1665 is
1094 1603 1188 1683 (quod
1210 1601 1336 1668 monstri
1358 1600 1455 1665 simile
1478 1602 1533 1676 sit)
1557 1620 1617 1663 nou

272 1692 312 1755 ad
334 1692 417 1771 leges
440 1696 574 1752 motuum
596 1690 756 1752 ecceutrici
778 1690 905 1771 proprii,
933 1691 987 1753 sed
1009 1690 1139 1755 Telluris
1169 1690 1249 1755 orbis
1275 1692 1366 1774 plane
1390 1691 1490 1755 alieni.
1535 1689 1617 1753 Vide
1698 1734 1703 1745 ·

272 1779 469 1862 Gopernicum
491 1778 558 1841 libr.
582 1778 639 1841 VI.
664 1797 730 1859 cap.
756 1778 787 1841 1.

359 1869 435 1933 Cum
456 1866 514 1929 hac
535 1867 737 1948 impertiueuti
761 1867 946 1931 diversorum
969 1867 1082 1931 orbium
1106 1867 1296 1949 colligatione
1320 1886 1413 1931 causa
1434 1874 1533 1931 motus
1552 1866 1617 1939 (iu-

272 1957 450 2023 credulitate
464 1976 532 2021 mea
546 1960 695 2061 armatus)
716 1975 833 2037 semper
846 1958 987 2038 pugnavi,
1010 1958 1138 2021 noudum
1153 1958 1244 2021 etiam
1265 1958 1339 2020 visis
1360 1956 1618 2021 observationibus

272 2046 431 2132 Tycbonis.
476 2045 575 2118 Quo
566 2047 728 2128 impensius
751 2046 823 2108 mihi
845 2048 996 2126 gratulor,
1019 2047 1245 2111 observationes
1269 2066 1384 2111 mecum
1407 2054 1506 2125 stare,
1529 2053 1565 2111 ut
1586 2044 1619 2107 iu

272 2138 374 2202 multis
396 2135 465 2199 aliis
486 2136 713 2216 praeconceptis
729 2129 935 2218 opinionibus.

360 2225 424 2289 Sed
445 2244 482 2289 ne
505 2224 570 2306 quis
593 2226 631 2288 ob
647 2224 735 2287 hoc
728 2244 823 2306 rpsum
845 2225 918 2287 mihi
940 2225 1028 2293 fidem
1051 2224 1192 2307 deroget,
1216 2226 1295 2307 quod
1309 2224 1536 2289 observationes
1551 2242 1620 2287 cnm

271 2314 455 2399 praejudicio
478 2321 615 2391 tractem,
638 2315 759 2395 anjam
782 2314 963 2379 solidissime
986 2315 1206 2391 demonstravi,
1239 2312 1415 2379 librationes
1443 2304 1618 2377 inclinatio-

273 2425 344 2470 num
374 2404 506 2469 ecceutri
532 2402 631 2467 nullas
659 2423 736 2468 esse.
792 2404 901 2466 Tribus
932 2404 1011 2467 euim
1042 2405 1136 2467 modis
1159 2404 1387 2485 investigandae
1410 2403 1617 2468 inclinationis
1728 2416 1734 2427 ·

247 2495 421 2558 ‘maximae
446 2491 627 2575 propositis,
659 2493 689 2555 in
716 2492 811 2573 primo
833 2491 888 2555 Sol
916 2500 982 2555 erat
1007 2494 1087 2557 eirca
1115 2494 1239 2557 sextiles
1267 2501 1299 2555 et
1330 2493 1471 2574 quintiles
1493 2492 1615 2568 Martis,

272 2586 330 2649 hoc
353 2590 402 2647 est
414 2589 478 2644 tam
490 2581 672 2663 propinquus
687 2581 887 2663 conjunctioni
900 2582 1020 2659 Martis,
1044 2602 1131 2665 quam
1146 2601 1239 2665 prope
1253 2582 1338 2645 Mars
1351 2582 1447 2646 videri
1462 2591 1493 2646 et
1508 2583 1616 2647 obser·

272 2674 338 2737 vari
360 2671 498 2753 expedite
520 2678 636 2752 potest;
659 2671 691 2734 iu
713 2671 843 2734 seeundo
861 2666 933 2735 ‘erat
954 2672 986 2735 in
1009 2673 1154 2753 quadrato
1176 2673 1278 2747 Mars;
1305 2672 1336 2735 iu
1360 2673 1562 2755 tertioplane
1585 2671 1617 2733 in

274 2762 411 2846 opposito
434 2760 508 2842 ejus.
553 2760 599 2824 At
620 2762 650 2823 iu
674 2762 809 2824 omuibus
831 2760 927 2825 tribus
950 2762 1025 2825 locis
1048 2760 1119 2826 Sole
1143 2769 1299 2839 versante,
1333 2760 1411 2833 diu
1435 2763 1541 2826 eodem
1564 2781 1617 2824 ec-

274 2851 399 2917 centrici
421 2851 467 2914 sui
489 2850 555 2913 loco
577 2851 758 2927 consistens,
795 2869 883 2913 uuam
913 2857 943 2914 et
966 2851 1090 2915 eandem
1111 2851 1335 2915 inclinationem
1357 2851 1461 2914 limitis
1485 2847 1540 2927 (1⁰
1562 2846 1619 2915 50‘

275 2942 409 3016 circiter)
440 2940 469 3002 in
497 2940 628 3016 bore'am,
658 2941 747 3002 etin
777 2941 915 3022 opposito
949 2942 1013 3004 loco
1043 2942 1218 3005 tantundem
1250 2941 1438 3004 inaustrum
1460 2941 1618 3022 prodebat.

275 3031 328 3097 Sic
349 3030 449 3111 capite
470 3027 543 3093 ΧΠ.
568 3031 667 3092 Marte
689 3037 772 3092 motu
794 3030 960 3094 ecceutrico
984 3031 1013 3093 in
1037 3031 1123 3094 nodis
1146 3038 1287 3093 versante
1311 3031 1461 3112 apparuit,
1485 3049 1620 3111 quocun-

275 3140 332 3205 que
355 3121 419 3183 loco
443 3120 488 3182 sui
511 3119 590 3182 orbis
611 3118 667 3183 Sol
689 3119 880 3182 constitisset
903 3123 972 3194 (seu
993 3121 1145 3200 proximus
1160 3121 1254 3182 Marti
1277 3138 1330 3182 seu
1354 3119 1392 3182 ab
1416 3139 1451 3182 eo
1474 3122 1621 3194 remotus)

273 3209 385 3275 nullam
407 3228 536 3291 uuquam
558 3207 655 3272 visam
677 3227 744 3271 esse
759 3209 868 3272 Martis
883 3209 1080 3273 latitudinem.
1118 3209 1161 3271 Et
1172 3209 1252 3271 mira
1265 3217 1350 3290 parte
1370 3208 1473 3291 quinta
1487 3209 1621 3290 pluribus

274 3299 459 3383 probabitur,
473 3306 661 3361 constantem
670 3317 737 3360 esse
748 3296 976 3361 decimationem
986 3317 1090 3382 curque
1101 3299 1166 3361 loco
1177 3297 1407 3361 orbitaeMertrs
1419 3298 1456 3360 ab
1467 3299 1617 3380 ecliptica

363 3389 470 3469 Itaque
502 3387 559 3450 hoe
589 3388 758 3450 firmissime
781 3388 1010 3464 concludamus,
1042 3387 1264 3452 inclinationem
1293 3388 1449 3468 plenorum
1472 3381 1620 3452 eccentri-

276 3497 378 3542 corum
406 3477 446 3538 ed
473 3477 642 3557 eclipticam
665 3477 732 3549 (cur
755 3475 833 3538 enim
854 3495 913 3538 nou
936 3476 965 3540 in
988 3496 1097 3558 genere
1120 3478 1310 3550 concludam,
1334 3477 1411 3558 quod
1434 3485 1469 3540 ut
1490 3477 1540 3542 uni
1564 3477 1621 3540 soli

276 3568 418 3649 planetae
440 3565 527 3641 insit,
552 3584 673 3628 causam
696 3565 807 3626 nullam
830 3565 945 3628 habet?
975 3565 1110 3647 quamvis
1132 3564 1211 3629 idem
1234 3574 1265 3629 et
1287 3565 1317 3627 in
1341 3565 1459 3628 Venere
1484 3575 1515 3628 et
1536 3568 1622 3630 Mer-

277 3657 359 3721 curio
396 3672 434 3718 ex
464 3653 721 3717 observationibus
753 3654 991 3719 demonstratum
1021 3655 1162 3730 habeam)
1190 3655 1279 3736 plane
1306 3654 1381 3717 nihil
1408 3655 1528 3719 variari.
1579 3655 1622 3718 Et

277 3746 328 3826 qui
349 3745 555 3807 Ptolemaeum
576 3742 718 3826 sequitur,
742 3742 769 3805 is
791 3743 859 3806 hinc
883 3743 989 3820 discat,
1013 3746 1133 3826 planum
1157 3743 1283 3827 epioycli
1306 3745 1471 3823 parallelon
1495 3765 1563 3808 esse
1582 3745 1621 3807 ad

276 3835 398 3916 planum
419 3831 576 3913 eclipticas
599 3841 751 3912 perpetuo.
782 3833 863 3896 Nam
886 3833 916 3896 id
933 3833 963 3896 iu
986 3832 1129 3900 limitibus
1148 3842 1250 3896 centro
1265 3841 1405 3895 versante
1414 3833 1478 3916 jam
1495 3833 1621 3898 demon-

277 3930 407 3986 stratum
436 3929 502 3984 est:
534 3922 564 3984 in
586 3921 673 3984 nodis
695 3941 766 3984 vero
789 3930 931 3986 versante
954 3931 1070 4000 centro,
1099 3923 1263 4005 epioyclum
1285 3922 1374 4005 plene
1397 3923 1427 3984 iu
1451 3922 1620 4006 eclipticam

278 4010 413 4077 omnibus
435 4010 761 4093 partibuscompctere
784 4029 875 4092 supra
897 4031 962 4094 cap.
986 4013 1058 4076 ΧΠ.
1082 4012 1240 4092 probatum
1263 4021 1319 4074 est.

366 4100 437 4164 Jam
459 4101 525 4182 quis
538 4099 619 4167 'mibi
641 4101 753 4163 iontem
774 4101 909 4181 porriget
930 4101 1131 4172 lacrimarum,
1164 4101 1269 4184 quibus
1296 4119 1335 4164 ex
1357 4100 1463 4163 merito
1486 4118 1539 4163 sno
1556 4103 1621 4165 de-

277 4191 393 4274 plorem
413 4190 613 4254 miserabilem
635 4189 791 4272 Apiani
813 4189 1001 4267 iudustriam,
1025 4191 1075 4272 qui
1097 4192 1126 4253 in
1144 4211 1196 4254 sno
1220 4188 1344 4270 Opere
1368 4187 1619 4266 Caesareo‘)

281 4278 447 4344 Ptolemaei
467 4279 556 4343 fidem
577 4288 698 4343 secutus
721 4284 769 4341 tot
789 4279 883 4343 bonas
906 4280 995 4342 buras
1018 4279 1175 4360 impendit,
1207 4287 1254 4342 tot
1275 4279 1532 4359 ingeniosissimos
1554 4300 1622 4343 me-

278 4368 442 4433 ditationes
463 4369 609 4449 perdidit,
637 4376 672 4431 ut
702 4367 792 4448 spiris
821 4375 853 4430 et
875 4369 995 4434 corollis
1018 4377 1051 4432 et
1072 4369 1215 4432 belieibus
1239 4376 1271 4430 et
1292 4367 1402 4431 volutis
1425 4368 1619 4434 etuniverso

278 4459 330 4523 illo
352 4457 641 4523 intricatissimorum
664 4457 792 4521 tlexuum
814 4457 984 4540 labyrintho
1009 4460 1150 4539 figmenta
1168 4456 1316 4522 hominum
1331 4457 1520 4537 exprimeret,
1545 4479 1620 4542 qnae

238 4614 241 4621 ,
280 4557 389 4613 natura
413 4565 511 4610 rerum
532 4566 586 4628 pro
603 4547 665 4611 suis
688 4547 777 4629 plane
800 4565 859 4610 uon
883 4548 1045 4627 agnoscit?
1082 4545 1144 4612 Sed
1167 4546 1299 4610 ostendit
1321 4545 1408 4609 uobis
1430 4545 1475 4609 vir
1497 4547 1563 4624 ille,
1587 4567 1621 4611 se

281 4637 390 4700 divinis
418 4635 531 4718 ingenii
558 4633 809 4719 perspicacissimi
841 4635 961 4700 dotibus
991 4637 1079 4700 facile
1107 4643 1231 4699 naturae
1254 4653 1358 4717 parem
1381 4654 1447 4699 esse
1469 4638 1619 4718 potuisse:

281 4727 318 4790 de
341 4733 441 4791 cetero
465 4725 593 4788 animum
615 4724 780 4789 oblectavit
801 4745 888 4788 sunm
908 4725 1078 4808 praestigiis
1093 4725 1175 4789 hisce
1189 4724 1234 4798 (iu
1249 4723 1354 4806 quibus
1368 4733 1507 4790 naturam
1521 4727 1619 4808 ipsam

280 4815 511 4897 provocaverat)
534 4815 696 4878 fortissime
719 4813 870 4896 superatis
894 4823 926 4878 et
946 4817 977 4880 in
1000 4817 1156 4880 schemata
1173 4813 1328 4894 conjectis,
1350 4815 1537 4897 palmamque
1551 4817 1619 4881 iude

283 4904 383 4972 ismae
404 4902 544 4987 perennis
566 4912 616 4969 ιιι
637 4903 781 4985 adeptus,
811 4900 949 4986 quicquid
971 4905 1111 4989 operibus
1133 4903 1207 4986 ipsis
1226 4902 1345 4968 senuna
1367 4901 1427 4967 iste
1450 4903 1621 4970 detrimenti
