3517 5525
263 378 330 455 432
745 396 785 448 oe
803 395 910 450 naara
928 393 1022 451 sarrae
1038 387 1126 452 unat
1180 442 1186 455 .

263 565 337 658 nihil
370 574 419 630 est
446 569 575 653 negotii,
603 591 657 654 per
679 573 868 654 quotidianas
886 573 974 637 ·Sotis
999 572 1220 650 declinationes
1248 573 1507 658 pronunciarq‘de
1524 593 1608 639 aera

263 657 328 737 eJus
352 657 539 736 elongatione
563 682 583 724 a
605 664 825 748 puncto„qnod
848 663 903 726 Sol
927 673 1060 745 tempore
1084 667 1169 743 (licto¹
1182 665 1360 746 aequinoctii
1378 665 1484 737 tenuit,
1506 664 1605 744 quod-

265 752 391 826 cuoqne'
407 747 481 808 illud
509 758 563 823 ant
584 750 613 812 iu
637 768 808 834 quacunque
832 754 962 832 sphaera
983 761 1143 827 statuatur.
1172 755 1266 817 ·Nam
1286 755 1340 816 alii
1364 755 1442 825 alias
1464 754 1532 827 hoie
1547 773 1609 814 ue·
1633 802 1637 811 .

231 836 237 848 '
263 835 346 912 gotio
378 835 526 915 sphaeras
556 839 751 920 depooamnt,
780 861 848 906 cum
877 855 948 922 post
978 843 1115 906 octavam
1148 853 1179 906 et
1202 863 1309 909 nonam
1333 845 1351 904 a
1374 843 1626 922 Ptolemaeo,

264 919 456 1017 constitutas¹
470 927 615 1006 sphaeras
644 930 696 993 alii
720 931 881 1008 decimam,
910 929 1109 997 recentissimi
1133 935 1320 996 undecimam
1344 942 1375 996 et
1398 931 1607 994 duodecimam

262 1013 434 1100 vanissimis
465 1017 720 1094 speculationibus
751 1022 976 1100 constituerint;
1006 1038 1093 1104 quam
1122 1020 1606 1102 caterpaypooorqr‘Braheus

261 1100 454 1166 vehementer
477 1105 632 1188 increpuit.
678 1110 723 1173 At
744 1111 816 1190 quid
838 1111 868 1172 in
893 1121 993 1176 earnm
1016 1113 1113 1174 locum
1137 1112 1317 1178 substituere
1341 1111 1481 1190 cogitarit
1491 1127 1508 1180 ,⁴
1530 1109 1608 1172 mihi

261 1208 411 1272 nunquam
434 1191 511 1259 dixit
532 1216 587 1258 nec
610 1189 754 1278 scriptum
776 1200 898 1281 reliquit
921 1195 1015 1264 ullibi.
1047 1201 1283 1283 Copernicns
1300 1202 1418 1282 quidem
1433 1200 1607 1279 (ntvnlgns
1640 1270 1645 1283 ·

259 1279 392 1361 judicat)
417 1283 501 1343 scite'
516 1293 547 1344 et
569 1286 689 1362 festive,
714 1291 772 1362 (ut¹
791 1293 873 1370 ego)¹
894 1292 1047 1374 sapienter
1078 1287 1168 1364 fecit,
1202 1292 1250 1370 qui
1282 1290 1376 1354 oculis
1400 1311 1419 1352 a
1439 1291 1525 1351 coelo
1547 1290 1609 1350 de-

262 1371 362 1459 ductis
387 1371 536 1454 qnaesivit
557 1374 588 1436 id
609 1385 752 1456 punctum
772 1378 804 1438 io
827 1379 893 1460 ipso
915 1379 1006 1458 globo
1030 1379 1174 1454 Telluris,
1207 1381 1254 1440 cni
1276 1380 1305 1440 io
1330 1382 1454 1440 lixarum
1477 1379 1609 1466 sphaera

262 1456 403 1537 puuctum
431 1462 565 1542 quolibet
586 1467 685 1526 seculo
708 1475 823 1530 certum
844 1471 1057 1547 supereminet,
1082 1480 1115 1530 ut
1138 1489 1202 1552 cap.
1218 1469 1365 1535 LXVIII.
1382 1469 1528 1535 dictum..
1543 1467 1613 1530 Sed·

259 1549 349 1633 ¹hujus
372 1549 431 1611 loci
455 1570 513 1612 non
537 1563 586 1614 est
607 1555 751 1632 prolixius
773 1557 835 1620 ista
858 1559 1017 1620 discutere.
1470 1590 1474 1599 ·
1518 1590 1524 1599 ·
1564 1553 1570 1567 '
1609 1560 1618 1568 ”

310 1713 315 1723 Ι
352 1634 406 1702 lu.
442 1635 583 1719 Sequitur
615 1645 829 1710 demonstratio
859 1645 1057 1730 aequanimis,
1082 1667 1156 1730 quae
1179 1647 1286 1709 nititur
1309 1644 1391 1708 Solis
1418 1644 1606 1724 ingressibus

262 1722 432 1798 observatis
459 1729 489 1790 in
516 1731 665 1812 principia
694 1736 888 1800 cardinalium
917 1739 1078 1816 signorum.
1125 1738 1314 1816 Aequatione
1342 1735 1421 1798 eninr
1442 1735 1608 1816 arb-appa-

262 1816 340 1878 renti
372 1816 437 1878 loeo
461 1817 542 1879 Solis
571 1824 727 1889 subtracta
757 1828 805 1888 vel
827 1827 950 1900 addita,
982 1826 1172 1889 constituitur
1198 1827 1312 1888 medius
1337 1824 1417 1886 Solis
1444 1831 1543 1886 motus
1564 1823 1606 1885 ab
1697 1869 1704 1879 .

191 1903 196 1914 ’
263 1905 314 1965 ἰΙΙο
342 1914 462 1987 puncto,
493 1909 570 1986 qnod
593 1911 649 1973 Sol
672 1914 851 1994 aequinoctii
877 1925 1010 1997 tempore
1035 1918 1168 1978 obtinere
1191 1916 1274 1976 visus
1298 1923 1355 1976 est.
1401 1915 1532 1977 Rursum
1554 1911 1630 1977 bie·

263 1988 320 2054 de'
335 1995 525 2072 aequationis
554 2003 722 2079 quantitate
750 2006 846 2083 major
875 2015 923 2068 est
946 2007 1107 2080 dubitatio,
1140 2023 1227 2084 qnam
1251 2003 1333 2083 prins
1357 2005 1393 2064 de
1416 2002 1606 2082 aequinoctio

265 2085 312 2149 vel
341 2085 488 2164 principio
518 2089 642 2153 zodiaci.
693 2094 772 2156 nam
801 2095 888 2157 hodie
921 2095 975 2157 ilia
1007 2095 1146 2176 aequatio
1175 2095 1269 2155 minor
1292 2100 1418 2174 apparet
1439 2089 1493 2154 20⁴
1517 2110 1618 2170 quam-

265 2181 409 2252 qnaotam
437 2175 627 2256 Hipparchus
658 2181 881 2246 demonstrasse
911 2182 969 2246 sibi
999 2186 1080 2246 visus
1113 2193 1161 2246 est
1192 2183 1440 2261 Ptolemaeosque
1471 2179 1625 2269 retinuit„

264 2263 329 2324 Nec
354 2273 401 2322 est
422 2283 516 2326 causa
538 2268 616 2328 satis
635 2271 729 2348 justa,
754 2292 806 2334 cnr
829 2274 973 2348 dicamus,
997 2275 1083 2336 hodie
1108 2273 1197 2334 aliam
1221 2293 1287 2332 esse
1303 2269 1617 2351 orbiomproportio-·
1671 2328 1683 2343 ,,

262 2370 329 2412 nem
354 2370 440 2437 quam
465 2355 544 2435 olim.
590 2359 781 2424 Affirmatom
812 2363 890 2424 eninr
919 2364 1039 2424 maximi
1062 2363 1201 2424 momenti
1227 2372 1296 2441 eget
1318 2361 1487 2424 firmissimo
1510 2358 1602 2420 testi-

263 2439 371 2514 monio,
397 2461 454 2519 qno
478 2461 622 2507 caremus.
667 2448 732 2510 Nec
760 2452 837 2512 enirn
868 2453 1029 2513 observata
1051 2453 1104 2514 illa
1127 2461 1188 2512 tam
1213 2461 1340 2532 possunt
1362 2471 1428 2512 esse
1453 2455 1604 2522 accurata,

264 2522 444 2609 praesertim
474 2532 553 2594 circa
580 2535 743 2614 ihgressum
772 2541 803 2602 in
832 2555 863 2605 ea
894 2549 925 2601 et
951 2546 994 2620 ᾖ.
1048 2539 1164 2611 Quodsi
1192 2542 1408 2622 substituamus
1430 2539 1605 2601 Ptolemaeo

266 2617 465 2698 aequatiooes
492 2622 660 2700 hodiernos,
692 2647 752 2691 oon
781 2630 959 2692 mutabimus
983 2631 1048 2710 ejus
1071 2631 1297 2692 observationes
1320 2638 1421 2700 tauto,
1449 2626 1527 2711 quod
1550 2625 1606 2688 ob·

266 2707 416 2769 servando
438 2727 470 2769 se
495 2712 745 2795 comprehendere
769 2717 960 2783 Ptolemaeos
982 2722 1047 2800 ipse
1071 2720 1211 2795 fateatur,
1236 2727 1267 2781 et
1290 2737 1346 2799 qno
1371 2719 1469 2798 major
1493 2716 1605 2797 aliquid

263 2796 364 2858 noceri
396 2800 495 2876 potnit
532 2804 724 2869 Ptolemaicis
756 2808 1015 2873 observationibus
1048 2812 1086 2871 ab
1121 2811 1186 2890 ipso
1219 2806 1431 2871 refractionem
1471 2807 1603 2887 negotio.

265 2886 345 2948 Nam
375 2905 530 2968 possumus
559 2893 637 2955 diem
666 2897 818 2960 observati
842 2893 1020 2978 aequinoctii
1044 2899 1219 2961 Ptolemaici
1242 2907 1354 2961 certam
1379 2896 1486 2969 fateri,
1515 2895 1606 2958 horas

267 2974 386 3036 interim
410 2975 525 3057 aliquot
547 2981 628 3045 illins
651 2985 710 3047 diei
733 2989 762 3049 in
786 2988 899 3049 incerto
923 3008 1047 3069 ponere:
1081 2989 1128 3049 obi
1153 2988 1314 3051 vernalium
1338 2992 1371 3047 et
1393 2983 1608 3049 autumnalium

266 3064 521 3144 aequinoctiorum
544 3072 674 3135 societas
698 3096 764 3137 sese
787 3096 847 3139 noo
870 3078 915 3138 ita
939 3078 1071 3141 defendit
1094 3088 1198 3141 contra
1219 3091 1343 3157 parvom
1366 3076 1443 3157 hooc
1464 3088 1605 3148 errorem,

243 3154 304 3215 ·de
328 3172 385 3233 quo
411 3156 540 3235 agimus,
578 3170 612 3223 ot
634 3165 715 3243 prius
739 3174 844 3227 contra
865 3167 948 3229 illum
971 3185 1120 3247 magnum.
1176 3168 1255 3230 Sane
1288 3166 1380 3227 foisse
1402 3164 1607 3245 ¹aequatioues

265 3260 341 3304 aevo
364 3242 530 3307 Ptolemaei
556 3254 698 3330 aequales
721 3256 843 3329 nostris,
866 3256 966 3335 arguit
988 3258 1160 3321 constantia
1179 3256 1397 3319 modernorum.
1443 3254 1521 3317 Nam
1544 3250 1606 3315 fere

265 3332 345 3392 idem
368 3342 425 3408 est,
451 3336 528 3416 qood
551 3340 640 3402 hodie
662 3343 809 3417 Brabens,
834 3355 867 3407 et
889 3346 965 3427 qnod
988 3346 1189 3425 Albategnins
1212 3344 1347 3425 quodque
1365 3343 1515 3407 Amathai
1534 3348 1613 3403 ante.

265 3421 379 3500 bllqlffll
392 3425 494 3487 secula
507 3426 691 3494 invenerunt.
701 3426 759 3507 ¹⁰⁸)
798 3432 873 3495 Cum
889 3434 979 3513 igitur
993 3436 1123 3515 suspicio
1138 3435 1189 3509 sit,
1213 3432 1352 3496 vitiosam
1368 3451 1437 3495 esse
1452 3430 1533 3493 Solis
1548 3449 1605 3493 ae-

265 3511 452 3597 quationem,
477 3534 537 3595 qua
558 3518 749 3583 Ptolemaeus
772 3522 878 3598 utitur,
910 3542 948 3585 ex
970 3524 1087 3587 vitiosis
1111 3523 1323 3605 apparentibus
1346 3522 1421 3583 locis
1444 3521 1525 3583 Solis
1548 3519 1604 3581 de-

266 3600 403 3675 ductam,
437 3623 492 3664 nee
522 3607 561 3666 ad
591 3610 680 3671 medii
704 3630 758 3672 nec
781 3612 821 3673 ad
845 3612 1017 3694 apparentis
1041 3610 1122 3676 Solis
1152 3613 1322 3695 oppositum
1348 3612 1433 3673 Mars
1457 3632 1476 3671 a
1498 3608 1605 3671 Ptole-

265 3707 352 3749 maeo
381 3690 457 3753 citra
487 3696 597 3757 erroris
624 3698 722 3761 aleam
748 3700 896 3763 deductus
919 3710 978 3766 eet.
1024 3700 1198 3776 Consolatio
1221 3710 1321 3763 tameo
1344 3702 1418 3763 haec
1440 3707 1501 3774 est,
1526 3699 1621 3779 quod.

265 3776 351 3839 nobis
375 3784 532 3861 apparenti
554 3784 637 3849 Solis
658 3789 725 3850 leco
748 3805 823 3869 opus
847 3799 908 3865 est,
933 3792 1016 3871 cnjus
1040 3790 1262 3871 comprehensio
1285 3790 1450 3871 praecedit.

352 3868 515 3935 Possumus
545 3884 647 3938 autem
668 3877 805 3940 incedere
828 3881 878 3941 via
901 3875 1037 3959 gemina:
1062 3890 1115 3943 aut
1136 3889 1170 3942 ut
1190 3878 1365 3943 Ptolemaeo
1388 3878 1544 3941 credamus
1567 3876 1605 3937 de

264 3956 476 4036 aequinoctiis,
518 3972 571 4025 ant
600 3976 634 4026 ut
661 3986 699 4028 ex
728 3968 892 4030 modernis
912 3970 1139 4049 aequationibns
1169 3968 1382 4031 correctionem
1411 3964 1608 4029 Ptolemaicis

264 4045 342 4106 hanc
366 4046 569 4125 adhibeamus,
596 4064 629 4114 nt
651 4070 772 4120 vernum
795 4059 1014 4138 aequinoctium
1037 4060 1133 4121 tribus
1150 4058 1231 4122 horis
1250 4056 1340 4119 fuerit
1355 4057 1460 4132 senus,
1484 4064 1604 4117 autom-

260 4136 333 4197 rare
364 4135 488 4201 totidem
517 4143 675 4219 maturius,
704 4165 792 4225 qnam
823 4155 871 4208 est
895 4168 913 4209 a
936 4149 1108 4209 Ptolemaeo
1132 4154 1321 4221 annotatum
1343 4148 1444 4225 itaque
1467 4144 1604 4225 utrinque

265 4224 293 4283 io
319 4224 520 4290 declinatione
542 4226 623 4295 Solis
647 4234 737 4296 merit
758 4245 888 4299 erratum
913 4234 953 4299 8‘.
1007 4236 1087 4297 Sana
1115 4226 1507 4299 instrumenta⁰Ptolemaei
1529 4232 1604 4295 sub-

263 4310 366 4376 tiliora
389 4334 446 4378 noo
469 4315 561 4395 fuere,
585 4342 675 4402 quam
698 4344 820 4405 quorum
844 4326 982 4387 minimae
1006 4325 1171 4406 particulae
1200 4323 1253 4387 ‘10¹
1276 4324 1426 4389 valebant
1472 4324 1515 4387 Et
1536 4323 1625 4401 col„

265 4403 346 4464 locat
367 4404 554 4485 llipparebus
577 4428 665 4473 uuam
688 4413 856 4492 hujusmodi
870 4415 1093 4500 ¹particularum
1117 4415 1145 4478 in
1169 4414 1268 4476 dubio.
1315 4413 1383 4485 Qua
1406 4414 1442 4475 de
1466 4432 1558 4475 eausa
1573 4421 1605 4476 et

265 4498 413 4573 tempora,
447 4496 552 4575 quibus
584 4509 716 4563 moratur
739 4502 791 4565 Sol
823 4502 853 4566 in
885 4506 1100 4584 quadrantibus
1124 4503 1253 4577 zodiaci,
1278 4523 1337 4565 non
1360 4502 1524 4581 praecisius
1540 4520 1607 4562 exa

266 4600 373 4659 pressa
395 4584 492 4657 fuere,
514 4606 601 4667 quam
624 4590 840 4672 quadrantibus
863 4594 987 4657 dierum.
1020 4594 1062 4658 Et
1083 4586 1164 4657 haec
1181 4594 1217 4653 de
1240 4610 1312 4655 vera
1335 4593 1463 4656 aestatis
1477 4590 1609 4660 hiemia-,

265 4689 319 4750 qne
342 4670 537 4753 longitndine.

352 4763 408 4825 IV.
443 4761 525 4835 Quid
546 4784 616 4827 vero
640 4787 716 4829 nnnc
739 4768 872 4831 dicemur
894 4770 930 4831 de
953 4770 1090 4850 ingressu
1114 4769 1195 4831 Solis
1218 4770 1247 4833 io
1267 4765 1414 4833 Cancrum
1438 4776 1470 4830 et
1493 4767 1622 4849 capra.

265 4869 401 4929 cornum,
434 4855 511 4916 unde
537 4873 703 4937 apogaeum
735 4865 767 4918 et
792 4858 860 4938 ipsa
888 4861 1097 4941 aequationem
1124 4858 1284 4944 dispositio
1311 4858 1480 4938 dependet?
1513 4878 1603 4937 quam

265 4942 352 5008 facile
376 4964 450 5007 unus
474 4944 533 5006 diei
555 4946 705 5026 quadrans
722 4947 826 5042 potuit
847 4950 962 5011 vernali
981 4948 1125 5017 decedere
1137 4948 1253 5011 coeliaci
1268 4948 1435 5035 quadranti,
1459 4949 1602 5011 accedere
