3517 5525
292 368 356 439 208
768 370 808 423 De
826 370 933 422 Motibus
953 368 1047 423 Stellae
1065 370 1151 423 Martis

292 548 547 627 armentarios
526 570 599 635 pom
619 551 656 615 irs
678 547 830 615 airadum
854 548 945 613 GSt
931 552 1175 658 transponimur,
1202 549 1354 615 nimir-am
1375 549 1448 615 ta
1433 570 1538 657 cpsom
1560 570 1633 615 cor-

287 661 351 725 pus
372 638 469 714 Solis,
493 642 774 724 qrodremperia
797 638 892 715 linco,
916 641 1081 725 pracipes·
1104 638 1352 722 GBporotletoe
1375 647 1428 713 ost,
1452 625 1555 724 spotzo
1580 638 1684 703 CB

291 750 393 812 mprc
414 729 623 826 Brolsooreum
642 736 793 810 punctum
812 731 983 810 prr‘atr'anm
1003 737 1076 801 etot,
1099 728 1217 793 scilicet
1238 750 1339 813 supro
1361 728 1402 805 V,
1417 726 1491 804 P,
1476 749 1512 792 on
1534 728 1567 804 S,
1585 726 1632 790 G.

290 826 327 882 nt
346 818 487 902 ipiturD
503 826 621 902 puncto
644 816 847 901 aequalium
867 826 1010 881 minore
1031 814 1162 897 (iisdem
1181 817 1300 882 scilicet
1320 821 1482 881 maresco
1497 838 1561 901 por·
1575 816 1634 881 GV

190 928 195 935 ·
290 900 441 996 opuntia)
465 916 495 971 ct
513 906 680 990 plorm
665 930 702 971 m
725 905 752 968 0
776 916 805 970 et
823 916 975 989 punctum
996 908 1186 991 officiosis
1172 930 1206 970 arr
1229 906 1251 969 S
1280 927 1345 971 eaeo
1364 910 1484 988 possit,
1515 914 1636 993 oportet

284 1018 347 1081 per
367 1003 515 1080 punctum
537 996 565 1057 D
588 1003 618 1057 et
640 994 663 1057 S
685 995 733 1059 vel
756 995 786 1058 G
807 1017 920 1060 novam
941 995 1058 1059 lineam
1084 998 1232 1079 apsidam
1260 997 1414 1083 trajicere.
1464 996 1572 1075 Quare
1594 1016 1636 1058 em

291 1086 512 1149 derwnotrotie
533 1085 649 1168 capitis
669 1085 705 1151 V.
731 1081 829 1167 (quoe
850 1106 952 1169 snpra
972 1086 1009 1148 ta
1031 1084 1238 1191 replicatione
1258 1088 1381 1163 formae
1399 1083 1636 1191 Gopprnioooce

291 1167 555 1259 allepoooromue)
589 1173 685 1237 ducto
706 1174 759 1237 DS
781 1172 829 1237 rel
850 1173 920 1250 DG,
943 1182 974 1239 et
1004 1175 1151 1270 ἅψει·
1137 1197 1172 1238 rr
1203 1194 1241 1237 eo
1258 1163 1542 1259 proportionata
1570 1192 1636 1257 quo

290 1264 345 1332 DP
366 1262 414 1327 vel
436 1263 496 1324 DV
514 1284 575 1345 per
596 1264 623 1324 L
645 1270 691 1326 cet
713 1264 826 1337 diviso,
848 1270 886 1326 ut
906 1264 948 1327 eit
963 1272 1117 1347 punctum
1139 1264 1305 1356 (liciatorio
1327 1264 1375 1339 M,
1399 1270 1436 1330 ea
1451 1271 1553 1327 centro
1576 1264 1636 1327 lsoc

287 1360 402 1437 prmcto
424 1352 480 1428 M,
489 1349 655 1415 intervallo
677 1372 749 1415 cero
772 1373 832 1437 quo
849 1354 954 1435 priua,
977 1354 1133 1417 scribat-nr
1153 1372 1251 1416 nocero
1273 1353 1480 1417 eccerrtrr'orcc:
1503 1352 1553 1413 ille
1576 1372 1636 1413 non

290 1451 407 1505 tantum
429 1442 536 1503 reddet
558 1440 786 1503 observationes
808 1442 865 1503 has
889 1442 1080 1521 posteriores,
1105 1462 1143 1503 ex
1166 1441 1272 1523 quihus
1292 1450 1358 1503 erat
1372 1449 1553 1513 exstructus,
1577 1440 1634 1502 sed

291 1532 441 1594 immissus
464 1531 494 1592 in
526 1530 654 1610 priorem
676 1530 872 1611 hypothesin,
905 1531 1075 1593 salvaturus
1103 1538 1151 1594 est
1181 1530 1272 1593 etiam
1294 1530 1522 1593 ohservationes
1551 1530 1635 1610 prius

291 1620 441 1685 adhibitae
467 1619 549 1681 intra
570 1617 785 1699 praecisionem
808 1620 937 1701 quinque
961 1621 1174 1699 scrupulorum.

381 1706 467 1779 Quas
490 1726 561 1770 vero
585 1709 824 1787 computationes
845 1708 1042 1771 instituentur
1063 1716 1150 1771 extra
1172 1708 1262 1770 situm
1290 1706 1500 1789 acronyohium
1524 1714 1556 1767 et
1578 1725 1634 1787 per

294 1800 425 1879 priorem
455 1805 488 1859 et
517 1814 701 1876 pernoram
724 1796 801 1859 hunc
826 1798 1039 1871 eccentricum,
1071 1798 1180 1861 alicubi
1213 1796 1437 1879 (nempecirca
1462 1796 1636 1877 perigaenm

294 1886 391 1961 Solis)
417 1886 485 1967 plus
508 1903 566 1947 nno
589 1886 685 1965 gradu
708 1887 853 1951 dissidere
875 1894 1032 1967 poterunt,
1071 1888 1097 1951 si
1120 1904 1259 1949 numeros
1283 1880 1447 1947 tamiliares
1471 1893 1502 1947 et
1526 1884 1634 1947 stellae
1746 1950 1750 1959 ,

294 1976 403 2040 Martis
427 1974 638 2057 appropriatos
660 1973 715 2056 per
735 1977 887 2039 Brahenm
910 1975 1046 2057 proditos
1069 1995 1237 2059 sequamur.

381 2064 679 2127 Denronstrationem
701 2083 758 2128 non
792 2072 841 2127 est
868 2082 943 2145 opus
975 2074 1121 2145 repetere.
1168 2063 1339 2152 [delineatio
1371 2062 1514 2126 facillima
1536 2068 1582 2124 est
1605 2062 1636 2123 in

291 2154 447 2217 schemate
483 2151 689 2232 Gopernicano
738 2160 804 2229 (rig.
828 2158 894 2228 59),
931 2154 958 2215 si
989 2172 1027 2215 ex
1052 2176 1069 2216 r
1095 2154 1188 2217 Terra
1219 2152 1385 2233 parallelon
1422 2152 1480 2232 ipsi
1508 2153 1551 2229 βκ
1574 2152 1637 2213 eri-

291 2263 356 2324 gas,
380 2243 467 2323 inque
492 2262 529 2302 ea
552 2241 766 2320 intervallatis
787 2242 1105 2307 centraneooentrici
1129 2241 1209 2306 Shlis
1231 2242 1355 2304 metetis
1379 2258 1469 2320 supra
1481 2264 1507 2315 r,
1533 2247 1564 2303 et
1577 2240 1635 2301 hoc

291 2339 394 2395 centro
419 2330 617 2393 eccentritum
646 2329 728 2394 Solis
750 2330 940 2395 Braheanum
974 2333 1115 2395 traducas
1137 2350 1191 2413 per
1214 2354 1230 2394 r
1253 2339 1285 2393 et
1307 2330 1410 2393 deleas
1440 2330 1639 2393 eocentricum

291 2422 401 2483 Terrae
426 2418 673 2500 Copornicanum.

382 2508 535 2589 Exposita
565 2508 657 2588 igitur
689 2509 746 2570 hac
779 2508 987 2591 hypothesium
1015 2508 1191 2571 diversitate
1218 2526 1376 2591 earumque
1408 2505 1563 2588 inprimis
1587 2506 1639 2567 in·
1681 2580 1685 2587 Ι

291 2596 530 2679 aequalitatibus
553 2596 797 2679 aequipollentia,
819 2598 850 2659 in
873 2599 1013 2661 secundis
1032 2599 1243 2679 discrepantia,
1267 2598 1393 2679 primam
1408 2598 1507 2676 operis
1517 2602 1637 2677 partem

263 2760 269 2774 .
295 2686 517 2762 concludamus,
545 2706 620 2769 qnae
645 2688 686 2760 (si
710 2687 781 2769 quid
795 2686 898 2763 video)
923 2688 1015 2750 totins
1031 2687 1128 2771 operis
1143 2695 1191 2748 est
1205 2686 1381 2749 difficillima
1396 2685 1434 2747 ob
1447 2685 1638 2768 labyrinthos

294 2777 463 2857 opinionum
499 2796 575 2857 pene
604 2777 826 2841 inextricabiles
849 2787 883 2838 et
904 2797 1008 2840 vocum
1033 2778 1293 2860 aequivocationes
1315 2785 1476 2856 perpetuas
1499 2783 1553 2838 aut
1575 2775 1639 2836 cir-

295 2864 539 2944 cumscriptiones
565 2867 816 2945 taediosissimae
859 2856 945 2938 Quae
967 2876 1067 2930 autem
1089 2887 1136 2929 me
1150 2867 1317 2929 necessitas
1332 2865 1491 2944 impulerit,
1512 2871 1545 2926 ut
1558 2865 1640 2926 hanc

294 2954 461 3018 doctrinam
487 2955 726 3034 praemitterem,
751 2948 826 3035 jam
839 2957 943 3019 statim
967 2957 1066 3038 capite
1090 2957 1160 3018 Vll.
1184 2955 1325 3035 patebit„
1357 2953 1504 3017 Hebstior
1528 2952 1639 3035 aliquis

294 3052 390 3107 totam
414 3042 531 3104 differre
555 3053 667 3124 potest,
693 3046 786 3106 donec
810 3065 886 3127 quae
910 3054 980 3109 eunt
1003 3045 1139 3108 faciliora
1162 3040 1401 3125 apprehenderit.
