3517 5525
640 1024 678 1078 ut
695 1024 830 1077 nonme
849 1024 982 1079 nomm.

570 1137 1061 1245 comosummonunr

193 1319 293 1422 uu
336 1320 683 1427 morrona
728 1322 1074 1425 ernanus
1123 1324 1425 1432 usurus
1643 1272 1649 1306 ⁵

671 1502 782 1569 naus
803 1504 949 1569 Purus.

394 1652 460 1746 Dll
490 1654 855 1751 tumultuent
891 1654 1230 1751 HYPOTHESlUll.

718 1840 839 1940 Caput
870 1840 900 1915 I.

130 2002 190 2066 De
203 1999 387 2085 da'ffernstio
406 2008 512 2065 motus
527 1958 630 2081 priori
650 2008 681 2064 ct
692 2000 901 2065 seermdonrrrs
913 2001 976 2063 aive
993 2004 1208 2085 propr-iorum,
1233 2013 1263 2069 et
1285 2008 1321 2069 ia
1338 2008 1485 2093 propriis

497 2088 737 2170 §meracitatis
759 2090 888 2174 primae
909 2099 939 2154 et
960 2090 1122 2156 cremar.
1427 2103 1429 2115 '

224 2233 417 2295 Planotarum
448 2240 547 2297 motus
584 2231 768 2295 orbiculatos
800 2250 867 2295 esse
901 2233 1073 2311 perennitas
1110 2242 1250 2299 testatur.
1296 2234 1332 2302 Id
1360 2234 1400 2299 ab
1427 2256 1484 2299 ex-

131 2322 285 2405 perientia
306 2330 444 2409 mutuata
466 2321 545 2385 ratio
568 2321 673 2385 rtatim
687 2321 863 2401 praemunit,
888 2338 979 2401 gyros
1002 2322 1133 2403 ipsorum
1156 2326 1307 2405 perlectos
1331 2344 1398 2387 esse
1422 2326 1484 2389 cir-

132 2414 236 2487 culos;
259 2431 330 2475 nam
353 2429 391 2473 ex
412 2409 516 2491 figuris
530 2410 668 2487 circulus,
692 2429 730 2472 ex
745 2410 919 2491 corporibus
935 2409 1058 2489 coelum,
1078 2421 1238 2477 censentur
1251 2412 1481 2493 perfectissima.

132 2502 195 2565 Ubi
226 2519 297 2562 vero
328 2499 488 2581 diligenter
518 2500 711 2563 attendentes
735 2498 922 2581 experientia
944 2498 1093 2565 diversum
1117 2502 1224 2567 docere
1247 2502 1382 2575 videtur,
1404 2504 1482 2587 qnod
1590 2576 1592 2583 y

131 2592 277 2673 planetae
300 2588 434 2653 acirculi
457 2588 585 2669 simplici
608 2588 719 2652 semita
742 2589 921 2663 exorbitent,
945 2589 1074 2669 plurima
1096 2592 1201 2655 existit
1215 2590 1383 2669 admiratio,
1408 2613 1483 2677 quae

134 2680 258 2743 taudem
280 2680 311 2741 in
335 2697 445 2741 causas
467 2677 660 2758 inquirendas
684 2679 820 2744 homiues
842 2678 970 2757 impulit.
1026 2696 1032 2711 ·

221 2770 301 2832 Hinc
332 2769 409 2831 adeo
441 2778 517 2831 nata
538 2779 587 2831 est
608 2770 688 2832 iuter
710 2769 845 2832 homiues
867 2767 1069 2842 astronomia,
1093 2769 1177 2848 ouJus
1201 2787 1314 2851 scopus
1334 2789 1401 2834 esse
1425 2791 1482 2856 pn·

132 2867 215 2922 tatur
247 2859 354 2922 docere
387 2877 514 2934 causas,
551 2875 603 2922 cnr
625 2859 781 2922 stellarum
803 2868 903 2920 motus
926 2857 1106 2938 irregulares
1128 2858 1157 2920 iu
1182 2859 1283 2922 Terris
1307 2871 1484 2940 appareant,

130 2968 200 3012 curn
222 2948 285 3011 sint
306 2946 523 3012 ordinatissimi
544 2947 576 3030 iu
599 2949 699 3022 coelo,
727 2947 982 3026 etinvestigare,
1015 2947 1193 3030 quibusnam
1225 2946 1345 3012 circulis
1373 2951 1481 3014 atellae

128 3039 283 3114 deantur,
312 3045 349 3100 nt
377 3036 481 3102 horum
512 3036 657 3101 beneficio
680 3037 748 3100 loca
770 3045 803 3100 ot
825 3035 1031 3118 apparitiones
1054 3035 1172 3100 illarum
1194 3037 1233 3100 ad
1257 3039 1380 3118 qnaeris
1403 3047 1481 3102 tem-

128 3146 206 3209 ψη
220 3125 642 3279 gbssdbdnbffimbbnswet
663 3215 701 3276 de
724 3212 895 3276 discrimine
1128 3211 1182 3280 rig.
1208 3209 1251 3262 ⁴⁰·

131 3305 213 3370 inter
234 3315 347 3370 motum
368 3304 495 3387 primum
518 3313 550 3369 et
571 3303 733 3379 secundos,
761 3302 897 3366 homines

130 3393 234 3458 intuiti
256 3392 378 3470 Solem,
400 3393 518 3458 Lunam
545 3403 578 3458 et
607 3393 715 3457 stellas
743 3400 896 3468 notarunt,

132 3483 244 3549 itinera
272 3483 405 3564 ipsorum
437 3484 544 3548 diurna
584 3483 773 3564 aequiparari
809 3501 898 3565 qnam
938 3515 961 3557 a,

132 3574 270 3655 proxime
297 3571 417 3636 circulis
440 3573 479 3636 ad
510 3591 644 3642 sensnm,
674 3573 719 3634 sic
741 3580 842 3636 tamen
864 3549 962 3656 ncpip

129 3664 210 3725 alter
233 3681 272 3724 ax
294 3661 392 3726 altero
419 3670 592 3726 necteretur
613 3662 644 3724 iu
671 3661 713 3724 tili
740 3660 900 3742 glomerati

130 3752 269 3826 modum
303 3751 490 3833 circuloaqus
520 3751 740 3833 utplurimum
768 3752 897 3814 minores

128 3841 158 3904 in
173 3842 315 3921 sphaera,
337 3840 490 3907 rarissime
512 3841 660 3904 maximos
675 3859 744 3902 esse
764 3841 814 3914 (nt
831 3839 897 3920 jam
947 3868 974 3899 ι

131 3929 258 4006 ABCE,
281 3927 413 4006 FMNG,
445 3931 671 3995 secantos'AB
702 3937 896 4011 aequatorem

128 4019 160 4082 in
179 4017 215 4095 0,
238 4020 286 4092 N)
318 4027 436 4099 partem
459 4039 562 4084 eorum
584 4018 613 4081 in
635 4027 755 4095 austro,
777 4026 896 4099 partem

127 4108 158 4170 iu
173 4109 276 4172 borea.
287 4105 322 4183 *)
346 4107 496 4172 Viderunt
510 4109 612 4181 etiam,
632 4107 774 4188 distingui
789 4107 896 4171 stellas

127 4197 286 4262 celeritate
310 4197 340 4258 iu
361 4197 418 4260 hoo
441 4198 545 4260 diurno
569 4207 601 4260 et
615 4195 771 4279 apparenti
793 4205 894 4260 motu:

127 4288 206 4352 lixas
229 4287 360 4352 omnium
383 4305 451 4350 esse
480 4287 672 4362 celerrimas;
706 4286 776 4368 quia
798 4285 894 4368 pridie

127 4377 218 4441 alicui
245 4376 433 4458 planetarum
457 4377 582 4457 junctae
606 4377 652 4452 [nt
672 4376 703 4438 H
728 4375 787 4458 ipsi
810 4376 841 4440 A
862 4383 895 4438 et

214 4533 244 4606 *)
264 4539 358 4594 Motus
386 4539 489 4610 primus
519 4546 563 4594 art
590 4539 676 4596 totius
705 4537 776 4594 coeli
803 4544 833 4593 et
857 4539 973 4598 omnium
994 4544 1023 4600 in
1042 4561 1076 4600 eo
1101 4547 1245 4608 stellarum
1266 4555 1302 4610 ab
1333 4565 1395 4614 ortu
1422 4575 1476 4630 pst

126 4617 267 4676 meridiem
290 4619 319 4676 in
339 4635 465 4675 oooamm
484 4621 573 4676 stab
599 4636 699 4675 occasu
716 4636 768 4690 par
795 4619 878 4675 imum
905 4623 975 4678 ooeli
995 4623 1022 4680 in
1043 4633 1147 4690 ortum.
1176 4637 1300 4704 tompore
1325 4637 1363 4692 24
1392 4639 1474 4696 hora·

126 4717 201 4764 rnm3
229 4699 260 4754 in
280 4701 421 4755 achomato
447 4702 588 4772 praesenti
608 4701 716 4756 ABCD.
756 4701 848 4756 Motus
875 4703 986 4758 secundi
1013 4712 1078 4762 sunt
1102 4707 1272 4782 singulorum
1296 4717 1473 4786 planetarum

126 4781 164 4836 ab
185 4795 286 4836 ocum
304 4796 401 4836 versus
421 4787 519 4847 ortum,
540 4783 577 4836 ab
595 4785 623 4836 Δ
642 4782 671 4835 in
689 4781 722 4845 Ε,
743 4782 782 4836 ab
799 4781 823 4836 P
841 4782 871 4837 iu
891 4783 924 4849 G,
945 4787 1112 4858 temporibus
1133 4791 1311 4864 longioribus.
1347 4795 1471 4856 Circulur

126 4862 263 4918 mimus
282 4849 421 4932 sphaeras
440 4868 492 4927 ast
513 4863 560 4934 qui
573 4861 729 4934 asqrmlitor
747 4861 834 4917 uirus
852 4865 889 4918 ab
908 4871 1025 4938 utroquo
1045 4883 1154 4926 suorum
1174 4873 1307 4942 polorum.
1339 4877 1468 4950 Minores,

126 4942 173 5014 qui
192 4949 258 4997 aunt
277 4941 360 4998 altari
380 4943 504 5014 polorum
524 4943 681 5015 propiore-ar
702 4947 735 4998 ut
754 4943 833 5000 m
852 4945 918 5015 polo
939 4945 964 5010 Q
982 4948 1094 5020 propior
1113 4957 1158 5006 est
1177 4969 1257 5024 quam
1276 4957 1342 5028 polo
1363 4959 1397 5018 R.
