3517 5525
619 429 680 492 Pan
698 427 801 504 duna.
838 425 920 506 dapne
938 425 1002 492 tii.
1421 425 1485 508 lbi

143 609 349 689 intentationis,
371 637 420 678 res
442 611 618 698 ipsaprins'
631 618 758 682 innotuit
781 637 835 700 per
848 618 1063 698 experientiam
1086 619 1116 679 in
1138 618 1216 679 hunc
1238 619 1367 681 modom.
1402 619 1485 682 Con-

143 706 228 768 stitui
247 707 286 767 ad
300 706 437 785 singulos
452 708 567 786 madon
577 709 743 770 anomaliae
757 708 887 770 eccentri
901 727 955 787 pro
972 706 1125 773 distantiis
1140 708 1178 768 ab
1192 707 1221 768 N
1241 707 1334 768 lineas
1358 710 1424 782 KT,
1444 710 1485 790 TI

143 794 347 875 diametrales.
393 795 535 874 Singulas
558 798 648 858 etiarn
672 797 775 858 ordine
799 797 837 858 ad
860 815 1004 858 summam
1031 795 1163 876 priorum
1186 795 1291 874 adjeci.
1339 795 1484 859 Collectis

143 884 280 945 omnibus
311 903 428 944 summa
458 885 516 946 fuit
537 882 728 959 36000000,
760 893 794 947 ιιι
824 904 879 964 par
911 893 966 948 est.
1016 885 1205 963 Comparatis
1237 884 1327 958 igitur
1359 887 1485 965 singulis

144 968 267 1034 summis
290 992 357 1034 cum
379 974 479 1049 totali,
502 981 536 1035 ut
558 977 605 1047 (in
627 976 730 1054 regula
752 975 991 1054 proportionum)
1015 993 1130 1035 summa
1149 969 1324 1036 36000000
1338 975 1381 1036 sic
1405 985 1486 1037 esset

144 1056 288 1124 ιιι13000
312 1064 433 1135 (nomen
457 1063 614 1125 artificiale
636 1064 781 1142 temporis
803 1063 898 1127 totius
920 1063 1113 1135 restitutorii)
1137 1069 1170 1123 ut
1194 1081 1325 1124 summae
1350 1063 1485 1142 singulae

143 1150 277 1216 adsitas
301 1150 488 1230 significatas
511 1170 628 1212 moras:
661 1151 883 1232 praecisissime
912 1152 1024 1230 prodiit
1047 1152 1141 1225 idem,
1173 1150 1204 1211 in
1234 1151 1371 1234 secundis
1396 1152 1485 1213 etiam

143 1240 309 1318 scrupulis,
342 1240 421 1319 qnod
441 1240 596 1320 prodibat,
630 1241 656 1302 si
679 1240 831 1302 dimidiam
853 1240 1108 1302 eccentricitatem
1134 1238 1165 1300 in
1193 1239 1289 1300 sinum
1320 1241 1487 1302 anomaliae

145 1329 275 1390 eccentri
294 1329 552 1408 multiplicassem,
572 1338 682 1390 etcum
700 1348 772 1390 area
785 1329 897 1404 circuli,
923 1349 997 1410 quae
1017 1329 1132 1390 valeret
1150 1327 1253 1388 itidem
1268 1325 1350 1391 3600
1366 1333 1487 1400 (nomen

143 1416 301 1480 artificiale
330 1415 473 1496 temporis
500 1417 703 1489 restitutorii),
729 1432 959 1498 comparassem.
1007 1417 1137 1491 Deinde,
1161 1435 1225 1476 cum
1258 1435 1356 1478 essem
1388 1418 1418 1479 in
1451 1438 1489 1478 ea

146 1505 294 1585 opinione,
314 1505 428 1587 justarn
451 1507 627 1568 distantiam
641 1507 713 1570 ,ΝΜ
734 1505 944 1586 applicandam
967 1525 1034 1570 esse
1059 1505 1156 1566 lineae
1178 1504 1247 1579 KH,
1271 1513 1304 1567 ut
1326 1515 1407 1567 esset
1422 1505 1485 1579 ZN,

144 1595 246 1674 itaque
269 1595 450 1657 anomaliam
471 1605 664 1676 coaequatam
688 1595 770 1658 ZNA
786 1595 1018 1674 inquisivissem
1041 1594 1209 1656 attribuens
1232 1613 1297 1656 eam
1321 1596 1487 1656 anomaliae

145 1684 270 1746 mediae
283 1684 389 1746 ARN:
422 1685 580 1748 manifeste
603 1684 812 1746 dissenserunt
839 1686 1033 1766 aequationes
1058 1703 1076 1744 a
1097 1702 1165 1746 mea
1186 1683 1344 1763 hypothesi
1375 1682 1488 1745 vicaria

145 1791 212 1853 cap.
235 1772 323 1834 XVI.
349 1781 472 1855 eratque
495 1773 575 1836 circa
597 1767 659 1836 45⁰
680 1781 861 1854 coaequatae
886 1791 1028 1835 excessus
1051 1793 1069 1832 a
1092 1790 1173 1847 vero,
1197 1791 1250 1852 per
1274 1771 1487 1851 experientiam

147 1862 391 1928 observationum
410 1863 543 1937 invento,
567 1856 643 1945 5¹l2‘
667 1861 816 1937 deiectum
848 1858 1034 1928 eirca..135⁰
1057 1861 1175 1922 circiter
1202 1855 1244 1922 d‘.
1291 1863 1335 1922 At
1358 1863 1419 1922 AM
1445 1861 1487 1922 sic
1524 1885 1528 1896 ·

146 1951 316 2029 applicata,
348 1960 383 2012 nt
403 1952 434 2012 in
455 1951 513 2013 KL
535 1951 761 2026 terminaretur,
792 1959 863 2012 tnnc
886 1951 979 2013 MNA
1003 1959 1167 2030 coaequata
1190 1949 1342 2028 applicata
1371 1950 1487 2012 mediae

146 2039 315 2101 anomaliae
335 2040 443 2114 ΑΚΝ,
474 2039 708 2120 exquisitissime
731 2059 797 2102 cum
819 2040 941 2116 vicaria,
965 2041 1023 2100 hoc
1046 2045 1094 2099 est
1132 2057 1197 2098 cum
1230 2038 1488 2103 observationibus

145 2130 320 2190 consensit·
354 2127 430 2191 Cum
453 2129 544 2208 igitur
557 2136 710 2190 constaret
729 2131 767 2190 de
788 2149 820 2190 re
835 2129 917 2208 ipsa,
940 2132 1047 2209 postea
1070 2127 1215 2208 impulsus
1238 2146 1303 2188 sum
1327 2127 1365 2187 ad
1388 2127 1488 2207 inqui-

145 2217 269 2278 rendam
291 2235 329 2278 ex
350 2217 506 2298 principiis
536 2219 629 2280 semel
660 2220 807 2300 susceptis
841 2218 937 2297 ipsam
960 2217 1051 2278 etiam
1075 2235 1196 2278 causam
1223 2215 1283 2288 rei,
1316 2235 1404 2297 quam
1432 2217 1488 2278 hoc

146 2305 256 2385 capite,
280 2325 369 2386 quam
390 2307 491 2386 potnit
510 2307 576 2369 heri
598 2307 843 2369 artificiosissime
859 2314 890 2367 et
910 2306 1088 2380 clarissime,
1112 2304 1217 2366 lectori
1241 2305 1349 2366 detexi.
1388 2303 1487 2379 Quod,

146 2394 205 2456 nisi
217 2413 332 2457 causac
353 2395 507 2477 physicae,
531 2396 615 2458 initio
632 2415 709 2456 amc
733 2402 890 2475 susceptae
914 2397 980 2456 loco
995 2393 1215 2474 principiorum,
1237 2395 1350 2474 probae
1374 2401 1485 2468 essent,

145 2502 294 2563 nunquam
317 2484 457 2546 intanta
480 2485 645 2547 subtilitate
668 2484 869 2565 inquisitionis
893 2483 1056 2546 consistere
1078 2482 1257 2564 potuissent.
1425 2559 1428 2564 ἱ

132 2566 134 2573 ’
233 2573 267 2634 Si
289 2571 355 2653 quis
376 2581 473 2652 putat,
498 2575 710 2635 obscuritatem
732 2574 820 2652 th'us
833 2572 1045 2654 disputationis
1061 2591 1098 2634 ex
1121 2572 1179 2634 mei
1200 2571 1312 2651 ingenii
1334 2571 1486 2651 perplexi·

146 2668 209 2723 tate
233 2661 319 2722 oriri:
352 2662 380 2722 ei
403 2681 459 2740 ego
482 2663 598 2740 culpam
621 2663 698 2724 hanc
720 2663 865 2726 hactenus
894 2662 1025 2734 fatebor,
1059 2661 1138 2742 quod
1159 2661 1234 2724 haec
1257 2661 1372 2723 intacta
1393 2660 1487 2721 relins

146 2768 236 2830 quere
259 2750 413 2825 noluerim,
437 2749 628 2831 quantumvis
642 2750 856 2814 obscurissima
877 2770 932 2815 nac
954 2751 1043 2812 valde
1066 2750 1290 2813 necessariaad
1303 2749 1487 2829 astrologiae

146 2839 330 2914 exercitium,
352 2858 440 2921 quem
453 2842 571 2903 unicum
588 2842 676 2905 finem
697 2840 830 2921 plerique
854 2846 991 2902 statuunt
1006 2840 1093 2919 huius
1111 2838 1320 2921 philosophiae
1334 2839 1485 2900 coelestis.

147 2926 288 2991 Ceterum
302 2930 382 3010 quod
402 2930 562 2993 materiam
574 2930 692 3003 attinet,
716 2948 790 3008 rogo
804 2929 974 3008 hujusmodi
990 2928 1129 3009 aliquem,
1152 2936 1185 2990 ut
1201 2927 1357 3007 Apollonii
1373 2926 1487 2989 Conica

147 3018 239 3099 legat
285 3018 422 3094 Videbit,
455 3038 523 3082 esse
545 3018 690 3099 quasdam
715 3019 875 3092 materias,
909 3035 985 3097 quae
1017 3016 1099 3078 nulla
1125 3017 1237 3096 ingenii
1267 3014 1414 3077 felicitate
1443 3016 1486 3095 ita

147 3106 228 3169 tradi
248 3107 378 3187 possint,
399 3117 434 3174 ut
455 3109 590 3171 cursoria
616 3106 744 3169 lectione
767 3106 1064 3187 comprehendantur.
1111 3104 1308 3167 Meditatione
1339 3124 1413 3185 opus
1441 3113 1487 3165 est

148 3206 180 3258 et
202 3196 383 3261 creberrima
404 3196 602 3261 ruminatione
624 3196 780 3258 dictorum.
974 3201 992 3219 ‘¹

1000 3343 1017 3374 ἰ’

728 3418 904 3433 -η--Α

701 3601 819 3701 Caput
853 3599 934 3675 LX.

149 3764 327 3835 Metlarius,
352 3782 391 3825 ea
412 3764 472 3825 hoc
494 3762 645 3845 physica,
678 3762 735 3823 hoc
757 3769 802 3822 eet
826 3762 1016 3843 genuisset
1044 3760 1208 3821 certamnen
1238 3760 1400 3844 hypothesi
1430 3781 1487 3823 ea·-

148 3853 294 3916 menda·
321 3858 486 3933 atramque
514 3860 637 3931 partem
668 3851 865 3934 aequatiom'a
898 3858 927 3911 et
956 3850 1125 3912 distantiae
1152 3850 1327 3931 genuinam
1357 3870 1487 3930 quorum

148 3950 320 4022 atramque
340 3938 436 4003 simul
466 3961 526 4023 per
549 3941 705 4004 'vicariam
732 3940 810 4020 fieri
841 3942 991 4003 hedenus
1023 3957 1085 4001 non
1114 3940 1234 4019 potuit:
1271 3940 1486 4021 argumentum

645 4028 756 4113 falsae
777 4029 986 4112 hypotheseos.

238 4171 317 4243 Quia
338 4169 488 4250 capitibus
507 4170 589 4232 LVI.
615 4170 728 4232 LVlll.
751 4168 833 4231 LIX.
857 4168 980 4248 planeta
1007 4166 1038 4229 in
1061 4166 1221 4241 diametro,
1254 4186 1359 4230 versus
1383 4168 1486 4231 Solem

150 4270 290 4335 extensa,
322 4261 442 4339 ponitur
464 4258 504 4321 ad
525 4258 630 4321 Solem
652 4258 793 4321 accedere
816 4266 848 4319 et
869 4257 907 4319 ab
930 4276 965 4317 eo
989 4256 1143 4332 recedere,
1174 4263 1206 4318 et
1227 4274 1280 4335 per
1308 4257 1364 4320 hoo
1387 4258 1485 4321 facere

151 4351 279 4413 orbitam
306 4349 486 4429 ellipticam;
516 4347 550 4408 in
581 4346 707 4426 singulis
729 4365 800 4407 vero
822 4345 942 4427 punctis
970 4344 1084 4407 orbitae
1115 4352 1217 4407 tantas
1248 4346 1348 4409 facere
1375 4366 1484 4421 moras,

151 4449 265 4520 quanta
295 4444 344 4499 est
372 4438 517 4499 distantia
546 4436 628 4498 illius
659 4435 761 4515 puncti
784 4456 802 4495 a
824 4435 913 4497 Sole:
947 4434 1228 4514 opportunissimum
1258 4436 1345 4497 nobis
1377 4436 1488 4499 accidit

150 4526 356 4608 compendium
378 4544 443 4605 cap.
465 4525 548 4589 LIX„
572 4524 740 4603 praemissi,
764 4523 802 4585 ad
825 4542 968 4587 summam
992 4522 1106 4603 aliquot
1127 4540 1275 4586 moramm
1299 4524 1397 4587 subito
1421 4526 1485 4586 col·
1534 4522 1540 4538 '

150 4616 310 4696 ligandam
357 4614 520 4679 Ostensum
536 4612 622 4676 ¹enim
644 4622 709 4688 est,
740 4612 873 4675 demissa
904 4632 943 4673 ex
965 4612 1074 4674 circulo
1096 4612 1334 4691 perpendiculari
1365 4614 1395 4675 in
1417 4612 1485 4675 dia-

152 4713 281 4767 metrum
300 4703 465 4783 longiorem
486 4702 603 4784 ellipsis
625 4703 656 4765 in
678 4703 789 4765 circulo
812 4700 981 4782 descriptae
1004 4700 1060 4774 (sit
1081 4700 1112 4768 in
1134 4700 1227 4781 priori
1257 4702 1407 4764 schemate
1430 4702 1486 4763 KL

76 4786 79 4789 ’
150 4792 285 4857 demissa
307 4794 338 4857 in
359 4790 443 4868 AO),
466 4793 511 4855 sic
531 4800 567 4855 ut
586 4799 671 4855 secet
692 4789 811 4870 ellipsin
834 4789 864 4851 in
883 4790 926 4865 M,
950 4798 980 4851 et
1001 4789 1101 4870 posito
1124 4790 1196 4853 Sole
1219 4790 1250 4852 in
1271 4792 1315 4863 N,
1340 4805 1483 4851 summam

151 4884 280 4945 omnium
295 4882 507 4944 distantiamm
527 4902 547 4943 a
569 4881 641 4944 Sole
662 4880 691 4942 N
714 4887 888 4959 punctorum
911 4880 940 4940 in
963 4899 1033 4942 arcu
1047 4878 1110 4941 AM
1124 4880 1223 4940 inesse
1246 4880 1275 4940 in
1298 4898 1369 4939 area
1384 4879 1481 4941 ΑΚΝ.
1542 4900 1549 4913 ·

240 4971 346 5033 Posito
371 4971 461 5049 igitur
488 4990 557 5031 arcu
588 4971 729 5049 ellipseos
751 4970 829 5044 AM,
859 4969 908 5048 qui
941 4967 1209 5031 denominationem
1241 4968 1331 5029 habet
1353 4968 1390 5029 ab
1414 4988 1483 5029 areu
