3517 5525
291 431 357 504 418
775 429 814 490 Dc
832 437 941 491 Motibus
959 437 1054 494 Stellae
1071 395 1158 492 Martia

293 624 443 691 causatur,
466 615 576 697 porrigi
597 615 628 693 ip
648 616 851 697 longitudines
876 619 1007 680 medias:
1034 607 1144 680 dictum
1165 639 1235 680 vero
1251 609 1539 700 jarm'diainetrum,
1564 633 1652 702 quae·

291 706 482 769 latitudinem
506 714 654 791 causatur,
678 707 790 786 porrigi
813 708 843 767 in
868 707 991 767 limites.
1040 709 1134 789 lgitur
1158 710 1182 770 si
1201 710 1309 772 limites
1320 711 1520 789 jungerentur
1533 711 1640 772 mediis

293 794 539 874 longitudinibus,
564 804 691 874 utraque
707 795 853 877 diameter
871 799 978 860 eodem
995 799 1211 878 porrigeretur;
1236 797 1338 876 itaque
1361 800 1426 863 lucc
1438 799 1646 882 convenirent,

294 885 426 963 nihilque
464 882 638 963 prohiberet
667 885 736 964 quin
761 894 831 945 tunc
855 896 887 945 et
910 887 1033 948 eaedem
1057 907 1123 948 csse
1150 897 1273 965 possent
1289 882 1333 961 *).
1380 892 1425 950 Aa
1448 905 1505 948 non
1528 902 1650 950 conve:

296 975 381 1036 uiuut
403 973 472 1036 nodi
497 993 549 1034 seu
569 974 723 1035 sectiones
747 975 907 1060 eclipticaq
928 994 1017 1036 verae
1042 973 1069 1036 in
1095 977 1227 1056 apsidas.
1266 977 1299 1038 ln
1317 977 1415 1038 llarte
1431 975 1516 1038 limes
1531 978 1640 1040 boreus

297 1059 355 1126 12⁰
378 1068 518 1125 estante
541 1063 711 1144 aphelium3
733 1063 771 1124 'in
794 1063 871 1126 Jove
895 1065 1030 1146 praecise
1054 1065 1225 1126 coincidunt
1248 1066 1333 1128 limes
1357 1067 1465 1130 boreus
1490 1075 1522 1127 et
1544 1065 1640 1146 apte-

233 1207 236 1210 .
292 1154 377 1227 liurn;
402 1152 430 1212 in
453 1150 585 1214 Saturno
609 1149 669 1215 24ο
687 1153 786 1224 nodus
810 1153 944 1234 sequitur·
967 1153 1133 1234 aphelium3
1162 1154 1191 1215 in
1209 1155 1296 1216 Luna
1312 1155 1462 1233 brevitate
1485 1155 1662 1218 circuitio·'

291 1261 360 1304 num
390 1242 488 1302 omnia
512 1243 648 1304 omnibus
671 1249 886 1321 permutantur.
933 1243 1038 1305 Nodos
1062 1244 1139 1304 enim
1166 1263 1242 1306 nuuc
1266 1245 1295 1306 in
1319 1264 1454 1324 apogaeo
1477 1251 1534 1320 est,
1564 1263 1647 1305 nunc·

293 1332 323 1394 in
352 1330 539 1410 longitudine
563 1331 670 1400 media,
694 1351 772 1396 nunc
800 1332 828 1392 in
856 1331 1011 1412 perihelio.
1061 1331 1134 1394 Cum
1163 1331 1254 1412 igitur
1278 1341 1411 1414 tempure
1436 1343 1467 1395 et
1490 1335 1555 1395 loco
1580 1328 1640 1394 dif-

263 1440 268 1449 ·
294 1423 394 1484 ferant
415 1421 472 1481 hae
497 1421 572 1482 duae
596 1421 732 1496 virtutes,
755 1421 899 1500 sequitur,
924 1429 956 1482 ut
980 1443 1038 1484 una
1061 1441 1119 1482 non
1144 1422 1214 1483 sint.

381 1509 415 1570 ln
453 1529 511 1571 uno
540 1518 640 1572 tamen
670 1519 701 1570 et
728 1511 831 1570 eodem
861 1526 985 1590 corpure
1008 1511 1175 1592 planetaria
1191 1499 1329 1572 'residere
1354 1520 1510 1592 utramque
1534 1529 1587 1570 cea
1611 1511 1663 1571 in·

293 1605 376 1670 toto,
414 1599 486 1660 nibil
517 1599 642 1679 impedit
670 1599 726 1661 nisi
757 1607 855 1662 motus
888 1619 942 1665 seu
973 1599 1143 1662 convolutio
1174 1599 1264 1678 globi.
1312 1599 1416 1678 ltaque
1448 1601 1475 1661 si
1497 1599 1640 1679 planetae

293 1694 450 1751 moventur
478 1695 512 1748 ut
542 1689 644 1763 Luna,
683 1705 758 1766 quae
787 1705 846 1751 non
880 1689 1068 1749 convolvitur
1095 1690 1149 1749 sed
1181 1689 1305 1750 eandem
1335 1689 1420 1751 nobis
1445 1690 1640 1768 undequaque

295 1775 427 1838 ostendit
450 1776 566 1851 taciem,
591 1777 665 1838 nihil
687 1777 815 1857 impedit
836 1797 988 1852 asserere,
1015 1779 1146 1838 intentas
1170 1798 1237 1838 esse
1262 1785 1361 1838 mutuo
1384 1778 1512 1842 virtutes
1537 1786 1639 1837 utras-

295 1884 360 1944 que,
385 1874 418 1926 ut
441 1866 631 1945 subtegmina
653 1875 724 1928 sunt
746 1867 864 1928 intexta
887 1867 1076 1931 sturninibus.
1124 1868 1206 1928 Tunc
1230 1867 1307 1928 enim
1332 1875 1397 1928 toto
1421 1885 1544 1946 corpore
1569 1865 1640 1946 pla-

293 1962 383 2017 netae
412 1954 502 2017 situm
526 1956 650 2017 eundem
673 1965 812 2036 respectu
835 1956 960 2018 fixarum
985 1956 1148 2029 retinente,
1180 1973 1244 2016 cum
1275 1955 1355 2017 circa
1379 1953 1481 2020 Solem
1510 1954 1639 2028 vehitur,

201 2037 205 2050 '
293 2062 395 2107 omnes
425 2044 543 2109 omnino
573 2051 689 2106 tractus
717 2045 746 2106 in
776 2064 810 2104 eo
835 2045 997 2118 rectilinei,
1033 2063 1195 2126 equorum
1219 2063 1341 2106 nurnero
1367 2053 1437 2106 sunt
1461 2045 1536 2104 duae
1561 2042 1639 2104 istae

291 2132 437 2205 diametri,
463 2133 553 2196 situm
575 2133 748 2196 retinebunt
772 2133 897 2196 eundem
921 2135 959 2194 ad
984 2135 1068 2196 lixas.
1117 2133 1171 2196 Sin
1202 2140 1302 2198 autem
1334 2134 1371 2194 de
1396 2132 1525 2194 Telluris
1549 2131 1641 2211 globo

292 2220 405 2300 agitur,
430 2221 496 2302 qui,
519 2230 729 2304 praeterquam
753 2223 829 2301 quod
855 2224 1060 2284 circumfertur
1085 2242 1180 2283 annuo
1205 2224 1318 2304 spatio,
1344 2221 1433 2284 etiam
1458 2221 1639 2286 circumvol-

291 2313 370 2372 vitur
404 2310 432 2370 in
464 2312 528 2371 dies
559 2311 710 2390 singulos,
743 2321 804 2373 tum
835 2312 863 2370 in
890 2331 999 2392 magua
1022 2312 1208 2374 dubitatione
1231 2331 1289 2372 non
1312 2312 1410 2373 minus
1434 2330 1523 2390 quam
1547 2329 1639 2390 sopra

293 2417 357 2478 cap.
383 2399 482 2483 Lim
511 2400 713 2480 relinquimur.
764 2400 845 2462 Nam
876 2402 902 2462 si
926 2421 1034 2482 corpus
1057 2401 1259 2475 convolvitur,
1290 2401 1379 2462 unica
1402 2401 1467 2462 sola
1490 2399 1641 2462 diameter

291 2489 441 2560 virtuosa,
481 2507 557 2567 quae
594 2497 643 2550 est
670 2488 832 2568 parallelos
863 2491 913 2550 axi
944 2499 1041 2551 motus
1066 2489 1280 2564 convoluturii,
1314 2498 1416 2551 ruanet
1438 2499 1581 2553 constans
1605 2498 1638 2547 et

291 2575 349 2639 sibi
379 2576 439 2657 ipsi
474 2575 692 2658 aequidistans,
753 2575 869 2647 Quodsi
902 2581 1030 2640 maxime
1059 2579 1147 2640 aliam
1181 2579 1301 2658 insuper
1327 2575 1418 2656 priori
1442 2578 1639 2638 intertextam
1699 2590 1713 2613 '¹'

291 2665 395 2740 dicas,
436 2685 511 2746 quae
544 2665 718 2728 latitudines
752 2676 905 2742 causetur,
943 2668 1069 2730 alterius
1102 2667 1213 2746 speciei
1237 2665 1395 2730 virtutem:
1430 2665 1483 2728 illa
1514 2666 1636 2728 easdem

289 2756 397 2837 plagas
421 2751 595 2817 observabit
618 2776 683 2817 cum
706 2776 763 2817 axe
780 2754 941 2819 volutionis
948 2778 957 2833 ;
982 2766 1084 2837 utpote
1108 2756 1188 2820 circa
1207 2776 1294 2837 quem
1313 2755 1367 2819 illa
1385 2776 1492 2819 conum
1506 2754 1637 2817 circum-

292 2844 407 2919 scribit,
432 2846 516 2925 cujus
539 2846 647 2925 plagas
671 2844 806 2924 singulas
829 2854 991 2927 peragrat3
1016 2848 1115 2927 itaque
1136 2848 1200 2926 jam
1224 2846 1262 2906 ad
1285 2846 1408 2907 dextras
1428 2846 1490 2925 jam
1506 2844 1543 2906 ad
1560 2844 1638 2906 sini-

292 2943 373 2997 stras
396 2953 505 3018 nuens,
535 2954 642 3015 carpus
670 2933 791 2996 tandem
815 2936 843 2996 in
867 2936 996 2998 mediam
1019 2936 1139 3016 plagam
1163 2936 1292 3010 inducit,
1315 2952 1403 3017 quam
1427 2942 1545 3016 spectat
1568 2934 1637 2997 axis

291 3041 507 3087 conversionis.
1572 3059 1580 3075 =

379 3105 473 3194 Igitur
506 3111 533 3174 si
560 3112 667 3191 globus
697 3112 844 3185 volvitur,
877 3120 948 3175 tunc
978 3114 1066 3193 hujus
1091 3114 1210 3175 virtutis
1234 3113 1448 3177 declinatorias
1473 3109 1641 3190 subjectum

291 3210 424 3264 autnon
447 3207 648 3280 estcorpuS,
673 3202 726 3263 sed
750 3202 886 3284 spiritale
911 3202 1078 3283 quippiam,
1108 3212 1242 3265 autnon
1266 3211 1314 3264 est
1337 3201 1417 3265 idem
1441 3219 1557 3279 corpus.
1605 3200 1639 3261 Si

291 3290 427 3371 spiritale
450 3290 613 3372 quippiam,
637 3292 783 3371 quomodo
807 3291 915 3371 plagas
938 3298 1038 3353 tuetur
1061 3290 1181 3366 mundi,
1205 3310 1267 3353 rem
1291 3282 1484 3371 corpoream?
1509 3296 1540 3351 et
1562 3308 1641 3369 quo-

290 3381 379 3441 modo
401 3388 501 3442 motus
524 3380 602 3440 hanc
626 3379 756 3459 speciem
780 3380 1026 3454 (declinationem
1050 3402 1068 3441 a
1091 3380 1140 3441 via
1162 3380 1261 3459 regia)
1285 3380 1376 3443 infert
1403 3378 1544 3459 corpori?
1590 3378 1638 3441 An

292 3470 423 3531 fortasse
447 3467 565 3529 facilius
589 3468 749 3530 inclinatur
771 3489 878 3548 corpus
903 3478 934 3530 et
957 3488 973 3529 e
997 3470 1046 3530 via
1070 3469 1188 3531 excedit
1210 3470 1294 3549 regia
1318 3468 1542 3541 (translationis
1567 3488 1640 3529 suae
1684 3533 1692 3556 ι

293 3578 417 3621 causam
448 3557 567 3618 interim
600 3556 713 3619 habens
750 3567 941 3632 extraneam,
979 3578 1015 3619 ex
1039 3558 1141 3633 Sole),
1172 3558 1320 3640 quamde
1345 3558 1411 3621 loco
1434 3558 1465 3621 in
1489 3558 1587 3619 locum
1610 3559 1640 3619 vi

290 3646 402 3728 proprii
431 3645 558 3708 motoris
588 3645 791 3709 transfertur?
836 3643 890 3707 Sin
928 3648 1075 3709 malumus
1108 3649 1272 3727 subjectum
1295 3645 1467 3727 corporale,
1499 3654 1640 3709 nascetur

290 3738 378 3802 nobis
402 3734 607 3797 mechanicum
630 3733 797 3814 quippiam,
824 3736 990 3814 cujusmodi
1021 3745 1090 3797 suut
1119 3738 1257 3799 lucernae
1281 3737 1426 3817 quaedam
1452 3726 1637 3816 sphaericae,

292 3822 367 3906 quaie
391 3825 546 3905 projectae
568 3831 599 3884 et
622 3826 798 3888 convolutae
829 3844 888 3886 non
916 3833 1016 3887 tamen
1047 3826 1201 3888 effundunt
1224 3826 1330 3889 oleum.
1376 3824 1463 3887 Intus
1488 3822 1564 3887 enim
1589 3827 1679 3887 in-··

291 3914 376 3976 clusa
400 3921 446 3975 est
470 3912 619 3992 ampulla,
657 3933 731 3992 qnae
761 3914 930 3975 ventricoso
954 3914 1084 3994 pondere
1108 3916 1247 3977 deorsum
1271 3922 1369 3975 tracta
1393 3906 1491 3977 etsie
1520 3921 1640 3978 retenta

290 4022 349 4064 non
372 4002 506 4084 sequitur
528 4004 639 4063 motum
664 4005 854 4066 convolutum
879 4004 1025 4083 sphaerae
1049 4024 1081 4065 sc
1106 4004 1328 4065 circumdantis.
1374 4004 1423 4067 An
1448 4003 1541 4082 igitur
1558 4015 1589 4077 et
1607 4004 1640 4068 iu

289 4092 348 4153 hoc
372 4090 502 4167 Telluris
525 4091 614 4170 globo
638 4090 679 4152 sit
702 4092 825 4158 interior
850 4092 959 4173 aliquis
983 4094 1101 4171 globuS,
1126 4094 1163 4153 ad
1187 4112 1274 4174 quem
1297 4094 1419 4155 diurnus
1434 4092 1564 4155 Telluris
1580 4110 1638 4155 ex-

290 4181 411 4243 terioris
433 4189 532 4243 motus
556 4198 613 4240 non
637 4188 792 4261 penetret,
825 4184 879 4243 sed
910 4182 958 4261 qui
985 4182 1150 4244 fortissima
1173 4179 1365 4247 inclinatione
1389 4183 1427 4244 ad
1451 4189 1535 4246 certa
1556 4173 1639 4243 fixa-

291 4288 357 4333 rum
380 4270 447 4331 loca
469 4270 645 4342 retineatur,
670 4290 726 4350 quo
749 4272 846 4335 minus
870 4271 1003 4333 exterius
1027 4288 1133 4349 carpus
1158 4272 1324 4333 revolutam
1348 4270 1516 4353 sequatur?
1536 4350 1539 4355 Δ
1557 4267 1641 4350 Nam

292 4359 422 4421 attinere
445 4357 522 4420 hanc
546 4359 751 4443 quaestionem
775 4368 805 4424 et
828 4360 966 4434 Terram,
996 4380 1062 4441 cap.
1087 4357 1232 4427 cxviii.
1257 4358 1429 4423 audiemus}
1454 4361 1503 4422 ubi
1526 4368 1558 4421 et
1580 4359 1639 4421 hoo

292 4447 474 4521 videbimus,
497 4456 568 4523 aa,
591 4444 824 4544 proposita'eex
848 4450 979 4529 planetis
1012 4451 1151 4531 ecliptica
1175 4442 1275 4531 aliqua
1297 4450 1410 4525 media,
1443 4450 1506 4513 fieri
1528 4448 1635 4531 possit,

378 4666 407 4739 *)
427 4671 510 4725 Aliud
531 4678 575 4735 est
595 4670 730 4736 diameter
749 4683 819 4743 quae
833 4671 1067 4727 eccentricitatem
1086 4680 1227 4739 mutatur,
1247 4675 1321 4733 aliud
1336 4676 1469 4733 diameter
1481 4674 1635 4733 litiatoria

289 4752 344 4808 Illa
363 4752 440 4805 reale
469 4748 608 4821 quippiam
629 4761 683 4828 est,
711 4753 784 4807 haec
809 4750 990 4827 imginmia,
1021 4756 1056 4807 ad
1075 4754 1281 4825 imaginandum
1301 4752 1374 4829 illius
1406 4758 1540 4816 effectum.
1581 4758 1636 4812 Illa

289 4834 445 4903 ubicunque
467 4830 779 4910 consistat'porrigiturj
788 4832 815 4887 in
829 4833 1052 4903 perpendiculum
1073 4832 1164 4889 lineae
1183 4838 1308 4905 apsidum
1330 4854 1378 4890 seu
1393 4838 1522 4891 inlocum
1544 4838 1634 4910 longi·

291 4911 413 4967 tudinum
434 4910 585 4965 mediarum
596 4915 646 4966 sub
661 4914 739 4978 isim
759 4914 838 4979 haec,
860 4923 892 4969 ut
907 4930 967 4985 cap.
979 4912 1121 4993 gcxxm:
1133 4915 1243 4987 dictum,
1264 4933 1372 4988 semper
1386 4918 1414 4976 in
1427 4917 1516 4989 ipsum
1536 4934 1633 4991 carpus

291 4992 363 5054 Solis
383 4992 541 5071 porrigitur.
1156 4996 1159 5005 '
1344 5001 1348 5010 ’
1474 5027 1500 5041 ..
