<?xml version="1.0" encoding="UTF-8"?>
<!DOCTYPE html PUBLIC "-//W3C//DTD XHTML 1.0 Transitional//EN"
    "http://www.w3.org/TR/xhtml1/DTD/xhtml1-transitional.dtd">
<html xmlns="http://www.w3.org/1999/xhtml" xml:lang="en" lang="en">
 <head>
  <title>
</title>
<meta http-equiv="Content-Type" content="text/html;charset=utf-8" />
  <meta name='ocr-system' content='tesseract 3.04.00' />
  <meta name='ocr-capabilities' content='ocr_page ocr_carea ocr_par ocr_line ocrx_word'/>
</head>
<body>
  <div class='ocr_page' id='page_1' title='image "./joanniskepleria23frisgoog/joanniskepleria23frisgoog_0165.png"; bbox 0 0 3517 5525; ppageno 0'>
   <div class='ocr_carea' id='block_1_1' title="bbox 262 378 1253 491">
    <p class='ocr_par' dir='ltr' id='par_1_1' title="bbox 262 378 1253 491">
     <span class='ocr_line' id='line_1_1' title="bbox 262 378 1253 491; baseline -0.01 -25"><span class='ocrx_word' id='word_1_1' title='bbox 262 396 325 466; x_wconf 66' lang='lat' dir='ltr'>i51i</span> <span class='ocrx_word' id='word_1_2' title='bbox 623 378 854 459; x_wconf 70' lang='lat' dir='ltr'>intumentum</span> <span class='ocrx_word' id='word_1_3' title='bbox 872 404 903 457; x_wconf 88' lang='lat' dir='ltr'>de</span> <span class='ocrx_word' id='word_1_4' title='bbox 921 406 1025 491; x_wconf 80' lang='lat' dir='ltr'>mutibus</span> <span class='ocrx_word' id='word_1_5' title='bbox 1047 404 1134 457; x_wconf 85' lang='lat' dir='ltr'>stellas</span> <span class='ocrx_word' id='word_1_6' title='bbox 1152 404 1253 483; x_wconf 36' lang='lat' dir='ltr'>Martis·</span> 
     </span>
    </p>
   </div>
   <div class='ocr_carea' id='block_1_2' title="bbox 172 560 1623 3081">
    <p class='ocr_par' dir='ltr' id='par_1_2' title="bbox 172 560 1623 3081">
     <span class='ocr_line' id='line_1_2' title="bbox 257 560 1623 659; baseline -0.002 -22"><span class='ocrx_word' id='word_1_7' title='bbox 257 583 363 637; x_wconf 68' lang='lat' dir='ltr'>rom</span> <span class='ocrx_word' id='word_1_8' title='bbox 385 598 491 637; x_wconf 74' lang='lat' dir='ltr'>mmm</span> <span class='ocrx_word' id='word_1_9' title='bbox 511 560 933 649; x_wconf 64' lang='grc' dir='ltr'><strong>ιιιιὲιιιιιιιιιοιι-ιιι</strong></span> <span class='ocrx_word' id='word_1_10' title='bbox 955 588 1068 643; x_wconf 64' lang='lat' dir='ltr'>emori</span> <span class='ocrx_word' id='word_1_11' title='bbox 1090 592 1201 659; x_wconf 81' lang='lat' dir='ltr'>posset,</span> <span class='ocrx_word' id='word_1_12' title='bbox 1225 582 1472 657; x_wconf 75' lang='lat' dir='ltr'>quicquainterim</span> <span class='ocrx_word' id='word_1_13' title='bbox 1490 585 1623 637; x_wconf 69' lang='lat' dir='ltr'>essee·</span> 
     </span>
     <span class='ocr_line' id='line_1_3' title="bbox 259 662 1601 737; baseline -0.001 -21"><span class='ocrx_word' id='word_1_14' title='bbox 259 663 361 735; x_wconf 90' lang='lat' dir='ltr'>quippe</span> <span class='ocrx_word' id='word_1_15' title='bbox 384 662 436 717; x_wconf 91' lang='lat' dir='ltr'>hoc</span> <span class='ocrx_word' id='word_1_16' title='bbox 457 662 544 717; x_wconf 82' lang='lat' dir='ltr'>rideri</span> <span class='ocrx_word' id='word_1_17' title='bbox 565 681 665 719; x_wconf 82' lang='lat' dir='ltr'>vanum</span> <span class='ocrx_word' id='word_1_18' title='bbox 687 673 718 719; x_wconf 91' lang='lat' dir='ltr'>et</span> <span class='ocrx_word' id='word_1_19' title='bbox 739 666 844 721; x_wconf 83' lang='lat' dir='ltr'>irritum</span> <span class='ocrx_word' id='word_1_20' title='bbox 867 685 922 723; x_wconf 89' lang='lat' dir='ltr'>non</span> <span class='ocrx_word' id='word_1_21' title='bbox 945 670 1006 733; x_wconf 84' lang='lat' dir='ltr'>fuit,</span> <span class='ocrx_word' id='word_1_22' title='bbox 1026 670 1075 726; x_wconf 86' lang='lat' dir='ltr'>sed</span> <span class='ocrx_word' id='word_1_23' title='bbox 1099 668 1273 737; x_wconf 75' lang='lat' dir='ltr'>conjunctum</span> <span class='ocrx_word' id='word_1_24' title='bbox 1297 682 1358 724; x_wconf 87' lang='lat' dir='ltr'>cum</span> <span class='ocrx_word' id='word_1_25' title='bbox 1378 666 1476 719; x_wconf 81' lang='lat' dir='ltr'>erecto</span> <span class='ocrx_word' id='word_1_26' title='bbox 1494 666 1601 732; x_wconf 82' lang='lat' dir='ltr'>optatu.</span> 
     </span>
     <span class='ocr_line' id='line_1_4' title="bbox 338 750 1603 830; baseline -0.002 -25"><span class='ocrx_word' id='word_1_27' title='bbox 338 751 392 805; x_wconf 90' lang='lat' dir='ltr'>Sed</span> <span class='ocrx_word' id='word_1_28' title='bbox 413 750 476 804; x_wconf 80' lang='lat' dir='ltr'>ride</span> <span class='ocrx_word' id='word_1_29' title='bbox 499 752 590 822; x_wconf 83' lang='lat' dir='ltr'>Caput</span> <span class='ocrx_word' id='word_1_30' title='bbox 610 754 646 809; x_wconf 67' lang='grc' dir='ltr'><em>Χ</em></span> <span class='ocrx_word' id='word_1_31' title='bbox 675 756 866 811; x_wconf 73' lang='lat' dir='ltr'>astronomiae</span> <span class='ocrx_word' id='word_1_32' title='bbox 892 760 982 829; x_wconf 91' lang='lat' dir='ltr'>partis</span> <span class='ocrx_word' id='word_1_33' title='bbox 1005 760 1136 830; x_wconf 79' lang='lat' dir='ltr'>Opticae;¹</span> <span class='ocrx_word' id='word_1_34' title='bbox 1162 756 1283 811; x_wconf 80' lang='lat' dir='ltr'>invenies</span> <span class='ocrx_word' id='word_1_35' title='bbox 1305 754 1437 816; x_wconf 85' lang='lat' dir='ltr'>rationes,</span> <span class='ocrx_word' id='word_1_36' title='bbox 1462 766 1518 809; x_wconf 83' lang='lat' dir='ltr'>cur·</span> <span class='ocrx_word' id='word_1_37' title='bbox 1533 750 1603 804; x_wconf 90' lang='lat' dir='ltr'>adeo</span> 
     </span>
     <span class='ocr_line' id='line_1_5' title="bbox 259 830 1603 902; baseline -0.002 -16"><span class='ocrx_word' id='word_1_38' title='bbox 259 830 383 886; x_wconf 84' lang='lat' dir='ltr'>omnibns</span> <span class='ocrx_word' id='word_1_39' title='bbox 403 832 557 887; x_wconf 87' lang='lat' dir='ltr'>hominibus</span> <span class='ocrx_word' id='word_1_40' title='bbox 579 833 627 888; x_wconf 86' lang='lat' dir='ltr'>Sol</span> <span class='ocrx_word' id='word_1_41' title='bbox 650 835 909 902; x_wconf 66' lang='lat' dir='ltr'>moturivideatnr,</span> <span class='ocrx_word' id='word_1_42' title='bbox 933 858 987 894; x_wconf 88' lang='lat' dir='ltr'>non</span> <span class='ocrx_word' id='word_1_43' title='bbox 1009 854 1075 895; x_wconf 86' lang='lat' dir='ltr'>veru</span> <span class='ocrx_word' id='word_1_44' title='bbox 1097 840 1198 893; x_wconf 89' lang='lat' dir='ltr'>Terra:</span> <span class='ocrx_word' id='word_1_45' title='bbox 1222 835 1329 895; x_wconf 85' lang='lat' dir='ltr'>scilicet</span> <span class='ocrx_word' id='word_1_46' title='bbox 1349 850 1409 889; x_wconf 90' lang='lat' dir='ltr'>oum</span> <span class='ocrx_word' id='word_1_47' title='bbox 1431 832 1479 887; x_wconf 90' lang='lat' dir='ltr'>Sol</span> <span class='ocrx_word' id='word_1_48' title='bbox 1501 844 1603 901; x_wconf 79' lang='lat' dir='ltr'>parvus</span> 
     </span>
     <span class='ocr_line' id='line_1_6' title="bbox 259 910 1602 1011; baseline -0.002 -44"><span class='ocrx_word' id='word_1_49' title='bbox 259 918 412 982; x_wconf 90' lang='lat' dir='ltr'>appareat,</span> <span class='ocrx_word' id='word_1_50' title='bbox 439 912 526 967; x_wconf 89' lang='lat' dir='ltr'>Terra</span> <span class='ocrx_word' id='word_1_51' title='bbox 551 930 617 967; x_wconf 81' lang='lat' dir='ltr'>vero</span> <span class='ocrx_word' id='word_1_52' title='bbox 640 932 756 985; x_wconf 65' lang='lat' dir='ltr'>magnum</span> <span class='ocrx_word' id='word_1_53' title='bbox 783 935 872 1011; x_wconf 86' lang='lat' dir='ltr'>neque</span> <span class='ocrx_word' id='word_1_54' title='bbox 894 920 966 974; x_wconf 82' lang='lat' dir='ltr'>Solis</span> <span class='ocrx_word' id='word_1_55' title='bbox 987 919 1077 975; x_wconf 84' lang='lat' dir='ltr'>inotus</span> <span class='ocrx_word' id='word_1_56' title='bbox 1104 916 1350 989; x_wconf 87' lang='lat' dir='ltr'>comprehendatur</span> <span class='ocrx_word' id='word_1_57' title='bbox 1371 914 1432 967; x_wconf 84' lang='lat' dir='ltr'>risu</span> <span class='ocrx_word' id='word_1_58' title='bbox 1454 913 1490 966; x_wconf 93' lang='lat' dir='ltr'>ob</span> <span class='ocrx_word' id='word_1_59' title='bbox 1516 910 1602 966; x_wconf 80' lang='lat' dir='ltr'>tardi·</span> 
     </span>
     <span class='ocr_line' id='line_1_7' title="bbox 199 990 1604 1066; baseline -0.004 -18"><span class='ocrx_word' id='word_1_60' title='bbox 199 1020 204 1029; x_wconf 96' lang='lat'>·</span> <span class='ocrx_word' id='word_1_61' title='bbox 258 1000 347 1047; x_wconf 89' lang='lat' dir='ltr'>tatem</span> <span class='ocrx_word' id='word_1_62' title='bbox 374 999 570 1061; x_wconf 71' lang='lat' dir='ltr'>apparentem,</span> <span class='ocrx_word' id='word_1_63' title='bbox 599 996 647 1048; x_wconf 86' lang='lat' dir='ltr'>aed</span> <span class='ocrx_word' id='word_1_64' title='bbox 674 995 885 1065; x_wconf 85' lang='lat' dir='ltr'>raticqinatione</span> <span class='ocrx_word' id='word_1_65' title='bbox 913 1002 1015 1064; x_wconf 83' lang='lat' dir='ltr'>solum,</span> <span class='ocrx_word' id='word_1_66' title='bbox 1044 1002 1079 1054; x_wconf 90' lang='lat' dir='ltr'>oh</span> <span class='ocrx_word' id='word_1_67' title='bbox 1105 1004 1241 1053; x_wconf 84' lang='grc' dir='ltr'><strong>ιιιιιιιιιιι</strong></span> <span class='ocrx_word' id='word_1_68' title='bbox 1267 1002 1332 1066; x_wconf 86' lang='lat' dir='ltr'>post</span> <span class='ocrx_word' id='word_1_69' title='bbox 1359 1001 1467 1063; x_wconf 89' lang='lat' dir='ltr'>tempus</span> <span class='ocrx_word' id='word_1_70' title='bbox 1493 990 1604 1062; x_wconf 90' lang='lat' dir='ltr'>aliquod</span> 
     </span>
     <span class='ocr_line' id='line_1_8' title="bbox 258 1069 1604 1152; baseline -0.001 -26"><span class='ocrx_word' id='word_1_71' title='bbox 258 1072 493 1143; x_wconf 67' lang='lat' dir='ltr'><strong>propinquitatem</strong></span> <span class='ocrx_word' id='word_1_72' title='bbox 512 1075 548 1127; x_wconf 93' lang='grc' dir='ltr'>ιι</span> <span class='ocrx_word' id='word_1_73' title='bbox 567 1082 682 1131; x_wconf 85' lang='lat' dir='ltr'>montes.</span> <span class='ocrx_word' id='word_1_74' title='bbox 724 1078 894 1147; x_wconf 67' lang='lat' dir='ltr'><strong>Impossibile</strong></span> <span class='ocrx_word' id='word_1_75' title='bbox 915 1080 1077 1152; x_wconf 73' lang='lat' dir='ltr'>igiturest,</span> <span class='ocrx_word' id='word_1_76' title='bbox 1098 1086 1132 1133; x_wconf 91' lang='lat' dir='ltr'>ut</span> <span class='ocrx_word' id='word_1_77' title='bbox 1154 1077 1227 1131; x_wconf 87' lang='lat' dir='ltr'>ratio</span> <span class='ocrx_word' id='word_1_78' title='bbox 1252 1093 1306 1149; x_wconf 83' lang='lat' dir='ltr'>non</span> <span class='ocrx_word' id='word_1_79' title='bbox 1331 1075 1406 1145; x_wconf 91' lang='lat' dir='ltr'>prius</span> <span class='ocrx_word' id='word_1_80' title='bbox 1426 1072 1532 1138; x_wconf 76' lang='lat' dir='ltr'>nrohita</span> <span class='ocrx_word' id='word_1_81' title='bbox 1550 1069 1604 1125; x_wconf 87' lang='lat' dir='ltr'>sihi</span> 
     </span>
     <span class='ocr_line' id='line_1_9' title="bbox 259 1151 1604 1231; baseline -0.007 -18"><span class='ocrx_word' id='word_1_82' title='bbox 259 1151 335 1207; x_wconf 74' lang='lat' dir='ltr'>aliud</span> <span class='ocrx_word' id='word_1_83' title='bbox 354 1152 532 1223; x_wconf 73' lang='lat' dir='ltr'>imaginetur,</span> <span class='ocrx_word' id='word_1_84' title='bbox 560 1172 643 1225; x_wconf 87' lang='lat' dir='ltr'>quam</span> <span class='ocrx_word' id='word_1_85' title='bbox 666 1157 805 1213; x_wconf 76' lang='lat' dir='ltr'>Tellurem</span> <span class='ocrx_word' id='word_1_86' title='bbox 827 1166 890 1213; x_wconf 81' lang='lat' dir='ltr'>ctum</span> <span class='ocrx_word' id='word_1_87' title='bbox 911 1160 1037 1231; x_wconf 89' lang='lat' dir='ltr'>imposito</span> <span class='ocrx_word' id='word_1_88' title='bbox 1066 1159 1136 1213; x_wconf 92' lang='lat' dir='ltr'>coeli</span> <span class='ocrx_word' id='word_1_89' title='bbox 1162 1157 1265 1213; x_wconf 79' lang='lat' dir='ltr'>tomice</span> <span class='ocrx_word' id='word_1_90' title='bbox 1290 1170 1351 1211; x_wconf 85' lang='lat' dir='ltr'>esse</span> <span class='ocrx_word' id='word_1_91' title='bbox 1376 1152 1455 1225; x_wconf 88' lang='lat' dir='ltr'>qnasi</span> <span class='ocrx_word' id='word_1_92' title='bbox 1475 1164 1604 1223; x_wconf 76' lang='lat' dir='ltr'>magnam</span> 
     </span>
     <span class='ocr_line' id='line_1_10' title="bbox 259 1230 1604 1311; baseline -0.005 -20"><span class='ocrx_word' id='word_1_93' title='bbox 259 1235 379 1309; x_wconf 79' lang='lat' dir='ltr'>domum,</span> <span class='ocrx_word' id='word_1_94' title='bbox 405 1231 435 1286; x_wconf 91' lang='lat' dir='ltr'>in</span> <span class='ocrx_word' id='word_1_95' title='bbox 459 1250 515 1304; x_wconf 90' lang='lat' dir='ltr'>qua</span> <span class='ocrx_word' id='word_1_96' title='bbox 534 1234 664 1289; x_wconf 88' lang='lat' dir='ltr'>immobili</span> <span class='ocrx_word' id='word_1_97' title='bbox 682 1236 730 1291; x_wconf 82' lang='lat' dir='ltr'>Sol</span> <span class='ocrx_word' id='word_1_98' title='bbox 751 1245 810 1292; x_wconf 89' lang='lat' dir='ltr'>tam</span> <span class='ocrx_word' id='word_1_99' title='bbox 828 1256 918 1309; x_wconf 81' lang='lat' dir='ltr'>parva</span> <span class='ocrx_word' id='word_1_100' title='bbox 938 1241 1043 1311; x_wconf 89' lang='lat' dir='ltr'>specie,</span> <span class='ocrx_word' id='word_1_101' title='bbox 1074 1240 1163 1294; x_wconf 87' lang='lat' dir='ltr'>instar</span> <span class='ocrx_word' id='word_1_102' title='bbox 1181 1234 1336 1291; x_wconf 83' lang='lat' dir='ltr'>volucris</span> <span class='ocrx_word' id='word_1_103' title='bbox 1327 1253 1355 1289; x_wconf 91' lang='lat' dir='ltr'>m</span> <span class='ocrx_word' id='word_1_104' title='bbox 1380 1238 1445 1288; x_wconf 73' lang='lat' dir='ltr'>aare</span> <span class='ocrx_word' id='word_1_105' title='bbox 1465 1230 1604 1303; x_wconf 77' lang='lat' dir='ltr'>vagantis,</span> 
     </span>
     <span class='ocr_line' id='line_1_11' title="bbox 259 1312 1606 1391; baseline -0.015 -6"><span class='ocrx_word' id='word_1_106' title='bbox 259 1314 297 1367; x_wconf 62' lang='lat' dir='ltr'>“b</span> <span class='ocrx_word' id='word_1_107' title='bbox 316 1330 375 1367; x_wconf 62' lang='grc' dir='ltr'>Μ</span> <span class='ocrx_word' id='word_1_108' title='bbox 392 1313 508 1385; x_wconf 61' lang='lat' dir='ltr'>Tim</span> <span class='ocrx_word' id='word_1_109' title='bbox 499 1332 527 1367; x_wconf 83' lang='lat' dir='ltr'>m</span> <span class='ocrx_word' id='word_1_110' title='bbox 547 1312 632 1369; x_wconf 84' lang='lat' dir='ltr'>aliam</span> <span class='ocrx_word' id='word_1_111' title='bbox 651 1323 786 1373; x_wconf 79' lang='lat' dir='ltr'>umseat</span> <span class='ocrx_word' id='word_1_112' title='bbox 828 1320 906 1382; x_wconf 82' lang='lat' dir='ltr'>Quae</span> <span class='ocrx_word' id='word_1_113' title='bbox 927 1322 995 1375; x_wconf 88' lang='lat' dir='ltr'>adeo</span> <span class='ocrx_word' id='word_1_114' title='bbox 1016 1318 1178 1391; x_wconf 80' lang='lat' dir='ltr'>imaginatio</span> <span class='ocrx_word' id='word_1_115' title='bbox 1198 1317 1335 1371; x_wconf 87' lang='lat' dir='ltr'>hominum</span> <span class='ocrx_word' id='word_1_116' title='bbox 1355 1314 1472 1368; x_wconf 88' lang='lat' dir='ltr'>omnium</span> <span class='ocrx_word' id='word_1_117' title='bbox 1490 1312 1606 1382; x_wconf 88' lang='lat' dir='ltr'>primam</span> 
     </span>
     <span class='ocr_line' id='line_1_12' title="bbox 258 1390 1605 1471; baseline -0.002 -22"><span class='ocrx_word' id='word_1_118' title='bbox 258 1394 361 1449; x_wconf 88' lang='lat' dir='ltr'>lineam</span> <span class='ocrx_word' id='word_1_119' title='bbox 379 1393 481 1449; x_wconf 90' lang='lat' dir='ltr'>dedit</span> <span class='ocrx_word' id='word_1_120' title='bbox 472 1411 501 1448; x_wconf 92' lang='grc' dir='ltr'>ιιι</span> <span class='ocrx_word' id='word_1_121' title='bbox 521 1410 603 1449; x_wconf 88' lang='grc' dir='ltr'><strong>ιιιιι</strong></span> <span class='ocrx_word' id='word_1_122' title='bbox 621 1397 736 1468; x_wconf 78' lang='lat' dir='ltr'>pagiua</span> <span class='ocrx_word' id='word_1_123' title='bbox 768 1399 858 1463; x_wconf 82' lang='lat' dir='ltr'>Initio,</span> <span class='ocrx_word' id='word_1_124' title='bbox 879 1401 971 1471; x_wconf 89' lang='lat' dir='ltr'>inqnit</span> <span class='ocrx_word' id='word_1_125' title='bbox 980 1402 1079 1464; x_wconf 81' lang='lat' dir='ltr'>liesca,</span> <span class='ocrx_word' id='word_1_126' title='bbox 1101 1398 1206 1455; x_wconf 77' lang='lat' dir='ltr'>creavit</span> <span class='ocrx_word' id='word_1_127' title='bbox 1218 1399 1295 1451; x_wconf 83' lang='lat' dir='ltr'>Deus</span> <span class='ocrx_word' id='word_1_128' title='bbox 1308 1396 1422 1450; x_wconf 80' lang='lat' dir='ltr'>coelum</span> <span class='ocrx_word' id='word_1_129' title='bbox 1434 1400 1465 1447; x_wconf 90' lang='lat' dir='ltr'>et</span> <span class='ocrx_word' id='word_1_130' title='bbox 1477 1390 1605 1453; x_wconf 87' lang='lat' dir='ltr'>Terram</span> 
     </span>
     <span class='ocr_line' id='line_1_13' title="bbox 261 1472 1608 1550; baseline -0.002 -23"><span class='ocrx_word' id='word_1_131' title='bbox 261 1473 326 1545; x_wconf 83' lang='lat' dir='ltr'>quia</span> <span class='ocrx_word' id='word_1_132' title='bbox 345 1473 452 1528; x_wconf 86' lang='lat' dir='ltr'>scilicet</span> <span class='ocrx_word' id='word_1_133' title='bbox 470 1474 525 1529; x_wconf 85' lang='lat' dir='ltr'>hae</span> <span class='ocrx_word' id='word_1_134' title='bbox 554 1476 626 1545; x_wconf 86' lang='lat' dir='ltr'>duae</span> <span class='ocrx_word' id='word_1_135' title='bbox 655 1485 751 1546; x_wconf 84' lang='lat' dir='ltr'>partes</span> <span class='ocrx_word' id='word_1_136' title='bbox 778 1479 901 1550; x_wconf 85' lang='lat' dir='ltr'>potiores</span> <span class='ocrx_word' id='word_1_137' title='bbox 927 1486 1072 1535; x_wconf 88' lang='lat' dir='ltr'>occurrunt</span> <span class='ocrx_word' id='word_1_138' title='bbox 1096 1480 1235 1534; x_wconf 87' lang='lat' dir='ltr'>oculorum</span> <span class='ocrx_word' id='word_1_139' title='bbox 1254 1475 1357 1531; x_wconf 88' lang='lat' dir='ltr'>sensui.</span> <span class='ocrx_word' id='word_1_140' title='bbox 1399 1473 1484 1537; x_wconf 85' lang='lat' dir='ltr'>Quasi</span> <span class='ocrx_word' id='word_1_141' title='bbox 1504 1472 1608 1526; x_wconf 86' lang='lat' dir='ltr'>diceret</span> 
     </span>
     <span class='ocr_line' id='line_1_14' title="bbox 204 1539 1607 1631; baseline -0.003 -22"><span class='ocrx_word' id='word_1_142' title='bbox 204 1559 209 1568; x_wconf 91' lang='lat'>&#39;</span> <span class='ocrx_word' id='word_1_143' title='bbox 259 1555 351 1608; x_wconf 86' lang='lat' dir='ltr'>Moses</span> <span class='ocrx_word' id='word_1_144' title='bbox 371 1553 488 1609; x_wconf 89' lang='lat' dir='ltr'>homini:</span> <span class='ocrx_word' id='word_1_145' title='bbox 509 1539 607 1609; x_wconf 82' lang='lat' dir='ltr'>Totum</span> <span class='ocrx_word' id='word_1_146' title='bbox 628 1557 681 1610; x_wconf 92' lang='lat' dir='ltr'>hoc</span> <span class='ocrx_word' id='word_1_147' title='bbox 701 1559 851 1614; x_wconf 90' lang='lat' dir='ltr'>aedilicium</span> <span class='ocrx_word' id='word_1_148' title='bbox 864 1564 1038 1625; x_wconf 87' lang='lat' dir='ltr'>mundanum,</span> <span class='ocrx_word' id='word_1_149' title='bbox 1060 1560 1129 1631; x_wconf 87' lang='lat' dir='ltr'>quod</span> <span class='ocrx_word' id='word_1_150' title='bbox 1146 1558 1229 1621; x_wconf 82' lang='lat' dir='ltr'>vides,</span> <span class='ocrx_word' id='word_1_151' title='bbox 1251 1557 1370 1611; x_wconf 85' lang='lat' dir='ltr'>lucidum</span> <span class='ocrx_word' id='word_1_152' title='bbox 1385 1570 1477 1624; x_wconf 89' lang='lat' dir='ltr'>supra,</span> <span class='ocrx_word' id='word_1_153' title='bbox 1499 1552 1607 1623; x_wconf 74' lang='lat' dir='ltr'>nigrum</span> 
     </span>
     <span class='ocr_line' id='line_1_15' title="bbox 222 1632 1400 1712; baseline -0.014 -6"><span class='ocrx_word' id='word_1_154' title='bbox 222 1653 240 1689; x_wconf 65' lang='grc' dir='ltr'><strong>θ</strong></span> <span class='ocrx_word' id='word_1_155' title='bbox 260 1632 723 1708; x_wconf 63' lang='lat' dir='ltr'>1⁸fi⁸⁸5m⁰i¹¹0i³⁰m0tumiuira</span> <span class='ocrx_word' id='word_1_156' title='bbox 744 1639 787 1693; x_wconf 89' lang='lat' dir='ltr'>cui</span> <span class='ocrx_word' id='word_1_157' title='bbox 808 1640 912 1695; x_wconf 87' lang='lat' dir='ltr'>insistis</span> <span class='ocrx_word' id='word_1_158' title='bbox 933 1650 962 1697; x_wconf 89' lang='lat' dir='ltr'>et</span> <span class='ocrx_word' id='word_1_159' title='bbox 982 1658 1035 1712; x_wconf 90' lang='lat' dir='ltr'>quc</span> <span class='ocrx_word' id='word_1_160' title='bbox 1055 1639 1169 1711; x_wconf 77' lang='lat' dir='ltr'>tegeris,</span> <span class='ocrx_word' id='word_1_161' title='bbox 1191 1638 1295 1693; x_wconf 83' lang='lat' dir='ltr'>creavit</span> <span class='ocrx_word' id='word_1_162' title='bbox 1315 1637 1400 1691; x_wconf 87' lang='lat' dir='ltr'>Deus.</span> 
     </span>
     <span class='ocr_line' id='line_1_16' title="bbox 338 1722 1608 1823; baseline -0.004 -43"><span class='ocrx_word' id='word_1_163' title='bbox 338 1723 414 1779; x_wconf 82' lang='lat' dir='ltr'><strong>Alibi</strong></span> <span class='ocrx_word' id='word_1_164' title='bbox 435 1723 578 1795; x_wconf 83' lang='lat' dir='ltr'>quaeritur</span> <span class='ocrx_word' id='word_1_165' title='bbox 597 1742 634 1779; x_wconf 80' lang='lat' dir='ltr'>ex</span> <span class='ocrx_word' id='word_1_166' title='bbox 655 1723 770 1793; x_wconf 91' lang='lat' dir='ltr'>homine,</span> <span class='ocrx_word' id='word_1_167' title='bbox 792 1746 855 1784; x_wconf 90' lang='lat' dir='ltr'>num</span> <span class='ocrx_word' id='word_1_168' title='bbox 866 1731 1068 1823; x_wconf 67' lang='lat' dir='ltr'>pervestigare</span> <span class='ocrx_word' id='word_1_169' title='bbox 1089 1729 1196 1785; x_wconf 78' lang='lat' dir='ltr'>noverit</span> <span class='ocrx_word' id='word_1_170' title='bbox 1216 1726 1389 1781; x_wconf 71' lang='lat' dir='ltr'>altitudinem</span> <span class='ocrx_word' id='word_1_171' title='bbox 1409 1722 1478 1777; x_wconf 86' lang='lat' dir='ltr'>coeli</span> <span class='ocrx_word' id='word_1_172' title='bbox 1501 1724 1608 1776; x_wconf 80' lang='lat' dir='ltr'>sursum</span> 
     </span>
     <span class='ocr_line' id='line_1_17' title="bbox 260 1804 1603 1881; baseline -0.003 -23"><span class='ocrx_word' id='word_1_173' title='bbox 260 1810 291 1857; x_wconf 89' lang='lat' dir='ltr'>et</span> <span class='ocrx_word' id='word_1_174' title='bbox 309 1804 526 1874; x_wconf 63' lang='lat' dir='ltr'>profunditatem</span> <span class='ocrx_word' id='word_1_175' title='bbox 546 1811 638 1859; x_wconf 83' lang='lat' dir='ltr'>terrae</span> <span class='ocrx_word' id='word_1_176' title='bbox 657 1808 797 1865; x_wconf 89' lang='lat' dir='ltr'>deorsum:</span> <span class='ocrx_word' id='word_1_177' title='bbox 827 1810 894 1881; x_wconf 88' lang='lat' dir='ltr'>quia</span> <span class='ocrx_word' id='word_1_178' title='bbox 922 1811 1027 1865; x_wconf 78' lang='lat' dir='ltr'>scillaei</span> <span class='ocrx_word' id='word_1_179' title='bbox 1054 1812 1140 1881; x_wconf 78' lang='lat' dir='ltr'>rulgo</span> <span class='ocrx_word' id='word_1_180' title='bbox 1169 1807 1305 1862; x_wconf 87' lang='lat' dir='ltr'>homiuum</span> <span class='ocrx_word' id='word_1_181' title='bbox 1331 1806 1440 1859; x_wconf 83' lang='lat' dir='ltr'>videtur</span> <span class='ocrx_word' id='word_1_182' title='bbox 1459 1808 1603 1871; x_wconf 83' lang='lat' dir='ltr'>utrumque</span> 
     </span>
     <span class='ocr_line' id='line_1_18' title="bbox 245 1884 1606 1981; baseline -0.002 -44"><span class='ocrx_word' id='word_1_183' title='bbox 245 1900 349 1955; x_wconf 79' lang='lat' dir='ltr'>aeque</span> <span class='ocrx_word' id='word_1_184' title='bbox 368 1884 480 1939; x_wconf 84' lang='lat' dir='ltr'>infinitis</span> <span class='ocrx_word' id='word_1_185' title='bbox 500 1902 648 1940; x_wconf 77' lang='lat' dir='ltr'>excurrere</span> <span class='ocrx_word' id='word_1_186' title='bbox 667 1889 775 1981; x_wconf 92' lang='lat' dir='ltr'>spatiis.</span> <span class='ocrx_word' id='word_1_187' title='bbox 807 1890 903 1961; x_wconf 86' lang='lat' dir='ltr'>Neque</span> <span class='ocrx_word' id='word_1_188' title='bbox 924 1899 1016 1946; x_wconf 85' lang='lat' dir='ltr'>tamen</span> <span class='ocrx_word' id='word_1_189' title='bbox 1036 1890 1154 1953; x_wconf 83' lang='lat' dir='ltr'>exstitit,</span> <span class='ocrx_word' id='word_1_190' title='bbox 1176 1888 1221 1959; x_wconf 91' lang='lat' dir='ltr'>qui</span> <span class='ocrx_word' id='word_1_191' title='bbox 1235 1902 1319 1941; x_wconf 88' lang='lat' dir='ltr'>sanus</span> <span class='ocrx_word' id='word_1_192' title='bbox 1338 1884 1454 1947; x_wconf 83' lang='lat' dir='ltr'>audiret,</span> <span class='ocrx_word' id='word_1_193' title='bbox 1469 1888 1499 1935; x_wconf 93' lang='lat' dir='ltr'>et</span> <span class='ocrx_word' id='word_1_194' title='bbox 1518 1886 1606 1935; x_wconf 88' lang='lat' dir='ltr'>astro·</span> 
     </span>
     <span class='ocr_line' id='line_1_19' title="bbox 261 1960 1606 2036; baseline -0.003 -17"><span class='ocrx_word' id='word_1_195' title='bbox 261 1976 401 2019; x_wconf 86' lang='lat' dir='ltr'>nemorum</span> <span class='ocrx_word' id='word_1_196' title='bbox 420 1964 594 2036; x_wconf 73' lang='lat' dir='ltr'>diligentiam</span> <span class='ocrx_word' id='word_1_197' title='bbox 613 1983 664 2020; x_wconf 88' lang='lat' dir='ltr'>seu</span> <span class='ocrx_word' id='word_1_198' title='bbox 684 1967 711 2021; x_wconf 92' lang='lat' dir='ltr'>in</span> <span class='ocrx_word' id='word_1_199' title='bbox 731 1972 902 2026; x_wconf 89' lang='lat' dir='ltr'>ostendenda</span> <span class='ocrx_word' id='word_1_200' title='bbox 921 1972 1038 2027; x_wconf 85' lang='lat' dir='ltr'>Telluris</span> <span class='ocrx_word' id='word_1_201' title='bbox 1059 1968 1273 2025; x_wconf 84' lang='lat' dir='ltr'>contemtisainra</span> <span class='ocrx_word' id='word_1_202' title='bbox 1293 1966 1421 2021; x_wconf 70' lang='lat' dir='ltr'><strong>exilitate</strong></span> <span class='ocrx_word' id='word_1_203' title='bbox 1447 1964 1482 2016; x_wconf 88' lang='grc' dir='ltr'>ιι</span> <span class='ocrx_word' id='word_1_204' title='bbox 1502 1960 1606 2016; x_wconf 78' lang='lat' dir='ltr'>etcum</span> 
     </span>
     <span class='ocr_line' id='line_1_20' title="bbox 243 2042 1605 2120; baseline -0.002 -23"><span class='ocrx_word' id='word_1_205' title='bbox 243 2051 451 2113; x_wconf 86' lang='lat' dir='ltr'>·eomparatae,</span> <span class='ocrx_word' id='word_1_206' title='bbox 473 2060 522 2099; x_wconf 91' lang='lat' dir='ltr'>seu</span> <span class='ocrx_word' id='word_1_207' title='bbox 542 2046 570 2099; x_wconf 93' lang='lat' dir='ltr'>in</span> <span class='ocrx_word' id='word_1_208' title='bbox 589 2048 812 2120; x_wconf 72' lang='lat' dir='ltr'>pervestigandis</span> <span class='ocrx_word' id='word_1_209' title='bbox 832 2052 1020 2107; x_wconf 79' lang='lat' dir='ltr'>astronomicis</span> <span class='ocrx_word' id='word_1_210' title='bbox 1041 2048 1206 2113; x_wconf 81' lang='lat' dir='ltr'>intervallis,</span> <span class='ocrx_word' id='word_1_211' title='bbox 1227 2064 1280 2117; x_wconf 93' lang='lat' dir='ltr'>per</span> <span class='ocrx_word' id='word_1_212' title='bbox 1288 2044 1369 2099; x_wconf 88' lang='lat' dir='ltr'>haec</span> <span class='ocrx_word' id='word_1_213' title='bbox 1387 2044 1475 2097; x_wconf 81' lang='lat' dir='ltr'>verba</span> <span class='ocrx_word' id='word_1_214' title='bbox 1495 2042 1605 2097; x_wconf 89' lang='lat' dir='ltr'>circum·</span> 
     </span>
     <span class='ocr_line' id='line_1_21' title="bbox 261 2122 1608 2197; baseline -0.01 -8"><span class='ocrx_word' id='word_1_215' title='bbox 261 2125 402 2187; x_wconf 83' lang='lat' dir='ltr'>scriberet,</span> <span class='ocrx_word' id='word_1_216' title='bbox 425 2141 485 2179; x_wconf 89' lang='lat' dir='ltr'>cum</span> <span class='ocrx_word' id='word_1_217' title='bbox 505 2142 559 2179; x_wconf 89' lang='lat' dir='ltr'>nan</span> <span class='ocrx_word' id='word_1_218' title='bbox 578 2126 727 2197; x_wconf 83' lang='lat' dir='ltr'>loquantur</span> <span class='ocrx_word' id='word_1_219' title='bbox 739 2131 774 2183; x_wconf 93' lang='lat' dir='ltr'>de</span> <span class='ocrx_word' id='word_1_220' title='bbox 786 2131 997 2187; x_wconf 77' lang='lat' dir='ltr'>ratiocinatoris</span> <span class='ocrx_word' id='word_1_221' title='bbox 1009 2130 1182 2193; x_wconf 87' lang='lat' dir='ltr'>dimensione,</span> <span class='ocrx_word' id='word_1_222' title='bbox 1204 2130 1253 2182; x_wconf 82' lang='grc' dir='ltr'>ιιι</span> <span class='ocrx_word' id='word_1_223' title='bbox 1266 2128 1299 2181; x_wconf 90' lang='lat' dir='ltr'>de</span> <span class='ocrx_word' id='word_1_224' title='bbox 1313 2124 1391 2188; x_wconf 82' lang='lat' dir='ltr'>reali,</span> <span class='ocrx_word' id='word_1_225' title='bbox 1406 2140 1477 2195; x_wconf 89' lang='lat' dir='ltr'>quae</span> <span class='ocrx_word' id='word_1_226' title='bbox 1489 2122 1608 2177; x_wconf 89' lang='lat' dir='ltr'>humano</span> 
     </span>
     <span class='ocr_line' id='line_1_22' title="bbox 261 2202 1607 2281; baseline -0.001 -23"><span class='ocrx_word' id='word_1_227' title='bbox 261 2205 367 2273; x_wconf 83' lang='lat' dir='ltr'>corpori</span> <span class='ocrx_word' id='word_1_228' title='bbox 387 2205 469 2258; x_wconf 81' lang='lat' dir='ltr'>terris</span> <span class='ocrx_word' id='word_1_229' title='bbox 489 2205 575 2260; x_wconf 83' lang='lat' dir='ltr'>affixe</span> <span class='ocrx_word' id='word_1_230' title='bbox 599 2210 746 2278; x_wconf 68' lang='lat' dir='ltr'>atramque</span> <span class='ocrx_word' id='word_1_231' title='bbox 775 2210 892 2265; x_wconf 83' lang='lat' dir='ltr'>liberum</span> <span class='ocrx_word' id='word_1_232' title='bbox 920 2212 1059 2267; x_wconf 85' lang='lat' dir='ltr'>haurienti</span> <span class='ocrx_word' id='word_1_233' title='bbox 1088 2210 1198 2281; x_wconf 88' lang='lat' dir='ltr'>penitus</span> <span class='ocrx_word' id='word_1_234' title='bbox 1227 2213 1273 2261; x_wconf 89' lang='lat' dir='ltr'>est</span> <span class='ocrx_word' id='word_1_235' title='bbox 1300 2202 1484 2276; x_wconf 89' lang='lat' dir='ltr'>impossibilis.</span> <span class='ocrx_word' id='word_1_236' title='bbox 1528 2202 1607 2272; x_wconf 69' lang='lat' dir='ltr'>Iege</span> 
     </span>
     <span class='ocr_line' id='line_1_23' title="bbox 260 2282 1606 2362; baseline -0.002 -25"><span class='ocrx_word' id='word_1_237' title='bbox 260 2291 349 2338; x_wconf 89' lang='lat' dir='ltr'>totum</span> <span class='ocrx_word' id='word_1_238' title='bbox 377 2284 440 2338; x_wconf 88' lang='lat' dir='ltr'>Jobi</span> <span class='ocrx_word' id='word_1_239' title='bbox 470 2293 557 2355; x_wconf 88' lang='lat' dir='ltr'>capnt</span> <span class='ocrx_word' id='word_1_240' title='bbox 584 2286 740 2345; x_wconf 81' lang='lat' dir='ltr'>XXXVIII.</span> <span class='ocrx_word' id='word_1_241' title='bbox 770 2297 801 2345; x_wconf 91' lang='lat' dir='ltr'>et</span> <span class='ocrx_word' id='word_1_242' title='bbox 829 2306 959 2362; x_wconf 83' lang='lat' dir='ltr'>compara</span> <span class='ocrx_word' id='word_1_243' title='bbox 987 2308 1046 2345; x_wconf 86' lang='lat' dir='ltr'>cunr</span> <span class='ocrx_word' id='word_1_244' title='bbox 1077 2290 1122 2355; x_wconf 89' lang='lat' dir='ltr'>iis,</span> <span class='ocrx_word' id='word_1_245' title='bbox 1152 2306 1224 2361; x_wconf 88' lang='lat' dir='ltr'>quae</span> <span class='ocrx_word' id='word_1_246' title='bbox 1254 2288 1282 2348; x_wconf 85' lang='lat' dir='ltr'>iu</span> <span class='ocrx_word' id='word_1_247' title='bbox 1311 2284 1494 2343; x_wconf 75' lang='lat' dir='ltr'>astronomica</span> <span class='ocrx_word' id='word_1_248' title='bbox 1524 2282 1606 2353; x_wconf 88' lang='lat' dir='ltr'>inque</span> 
     </span>
     <span class='ocr_line' id='line_1_24' title="bbox 260 2363 581 2434; baseline 0.006 -17"><span class='ocrx_word' id='word_1_249' title='bbox 260 2363 378 2434; x_wconf 77' lang='lat' dir='ltr'>physica</span> <span class='ocrx_word' id='word_1_250' title='bbox 397 2365 581 2434; x_wconf 85' lang='lat' dir='ltr'>disputantur.</span> 
     </span>
     <span class='ocr_line' id='line_1_25' title="bbox 220 2444 1608 2520; baseline -0.004 -22"><span class='ocrx_word' id='word_1_251' title='bbox 220 2487 224 2498; x_wconf 79' lang='grc'><strong>,</strong></span> <span class='ocrx_word' id='word_1_252' title='bbox 340 2444 370 2497; x_wconf 91' lang='lat' dir='ltr'>Si</span> <span class='ocrx_word' id='word_1_253' title='bbox 399 2444 458 2515; x_wconf 87' lang='lat' dir='ltr'>quis</span> <span class='ocrx_word' id='word_1_254' title='bbox 488 2444 600 2516; x_wconf 77' lang='lat' dir='ltr'>allegat</span> <span class='ocrx_word' id='word_1_255' title='bbox 627 2463 664 2499; x_wconf 84' lang='lat' dir='ltr'>ex</span> <span class='ocrx_word' id='word_1_256' title='bbox 683 2448 794 2502; x_wconf 85' lang='lat' dir='ltr'>Psalmo</span> <span class='ocrx_word' id='word_1_257' title='bbox 814 2448 916 2505; x_wconf 81' lang='lat' dir='ltr'>XXIV.</span> <span class='ocrx_word' id='word_1_258' title='bbox 943 2450 1054 2505; x_wconf 87' lang='lat' dir='ltr'>Terram</span> <span class='ocrx_word' id='word_1_259' title='bbox 1083 2466 1167 2520; x_wconf 87' lang='lat' dir='ltr'>snper</span> <span class='ocrx_word' id='word_1_260' title='bbox 1194 2447 1306 2503; x_wconf 83' lang='lat' dir='ltr'>flumina</span> <span class='ocrx_word' id='word_1_261' title='bbox 1334 2448 1543 2515; x_wconf 80' lang='lat' dir='ltr'>praeparatam,</span> <span class='ocrx_word' id='word_1_262' title='bbox 1575 2444 1608 2493; x_wconf 89' lang='lat' dir='ltr'>nt</span> 
     </span>
     <span class='ocr_line' id='line_1_26' title="bbox 172 2520 1606 2596; baseline -0.005 -16"><span class='ocrx_word' id='word_1_263' title='bbox 172 2588 176 2594; x_wconf 29' lang='lat'>¹</span> <span class='ocrx_word' id='word_1_264' title='bbox 262 2540 361 2579; x_wconf 86' lang='lat' dir='ltr'>norum</span> <span class='ocrx_word' id='word_1_265' title='bbox 381 2525 491 2595; x_wconf 74' lang='grc' dir='ltr'><strong>ιιιιιιιι</strong></span> <span class='ocrx_word' id='word_1_266' title='bbox 510 2525 720 2596; x_wconf 80' lang='lat' dir='ltr'>philosophema</span> <span class='ocrx_word' id='word_1_267' title='bbox 738 2528 866 2584; x_wconf 85' lang='lat' dir='ltr'>stabiliat</span> <span class='ocrx_word' id='word_1_268' title='bbox 885 2531 1031 2585; x_wconf 91' lang='lat' dir='ltr'>absurdum</span> <span class='ocrx_word' id='word_1_269' title='bbox 1059 2529 1170 2593; x_wconf 90' lang='lat' dir='ltr'>auditu,</span> <span class='ocrx_word' id='word_1_270' title='bbox 1199 2528 1337 2583; x_wconf 89' lang='lat' dir='ltr'>Tellurem</span> <span class='ocrx_word' id='word_1_271' title='bbox 1365 2520 1492 2579; x_wconf 80' lang='lat' dir='ltr'>innatare</span> <span class='ocrx_word' id='word_1_272' title='bbox 1519 2520 1606 2575; x_wconf 82' lang='lat' dir='ltr'>dumi</span> 
     </span>
     <span class='ocr_line' id='line_1_27' title="bbox 194 2600 1607 2679; baseline -0.003 -20"><span class='ocrx_word' id='word_1_273' title='bbox 194 2619 197 2624; x_wconf 59' lang='lat'><strong>⁴</strong></span> <span class='ocrx_word' id='word_1_274' title='bbox 261 2603 355 2665; x_wconf 76' lang='grc' dir='ltr'><strong>ιιιιιιιι</strong></span> <span class='ocrx_word' id='word_1_275' title='bbox 386 2622 475 2658; x_wconf 91' lang='lat' dir='ltr'>nonne</span> <span class='ocrx_word' id='word_1_276' title='bbox 504 2606 555 2659; x_wconf 91' lang='lat' dir='ltr'>hoc</span> <span class='ocrx_word' id='word_1_277' title='bbox 584 2606 625 2659; x_wconf 91' lang='lat' dir='ltr'>illi</span> <span class='ocrx_word' id='word_1_278' title='bbox 654 2614 730 2661; x_wconf 82' lang='lat' dir='ltr'>recte</span> <span class='ocrx_word' id='word_1_279' title='bbox 759 2609 908 2673; x_wconf 87' lang='lat' dir='ltr'>diceretur,</span> <span class='ocrx_word' id='word_1_280' title='bbox 939 2612 1048 2665; x_wconf 86' lang='lat' dir='ltr'>missum</span> <span class='ocrx_word' id='word_1_281' title='bbox 1068 2610 1155 2665; x_wconf 83' lang='lat' dir='ltr'>iaciat</span> <span class='ocrx_word' id='word_1_282' title='bbox 1175 2608 1305 2679; x_wconf 89' lang='lat' dir='ltr'>Spiritum</span> <span class='ocrx_word' id='word_1_283' title='bbox 1322 2610 1451 2659; x_wconf 90' lang='lat' dir='ltr'>sanetum</span> <span class='ocrx_word' id='word_1_284' title='bbox 1470 2617 1559 2673; x_wconf 87' lang='lat' dir='ltr'>neque</span> <span class='ocrx_word' id='word_1_285' title='bbox 1579 2600 1607 2655; x_wconf 91' lang='lat' dir='ltr'>in</span> 
     </span>
     <span class='ocr_line' id='line_1_28' title="bbox 262 2682 1607 2780; baseline -0.006 -39"><span class='ocrx_word' id='word_1_286' title='bbox 262 2684 371 2737; x_wconf 85' lang='lat' dir='ltr'>scholas</span> <span class='ocrx_word' id='word_1_287' title='bbox 390 2684 521 2780; x_wconf 74' lang='lat' dir='ltr'>physicas</span> <span class='ocrx_word' id='word_1_288' title='bbox 549 2702 608 2739; x_wconf 85' lang='lat' dir='ltr'>curn</span> <span class='ocrx_word' id='word_1_289' title='bbox 634 2687 750 2741; x_wconf 92' lang='lat' dir='ltr'>ludibrio</span> <span class='ocrx_word' id='word_1_290' title='bbox 779 2690 937 2759; x_wconf 60' lang='lat' dir='ltr'>pertraham</span> <span class='ocrx_word' id='word_1_291' title='bbox 968 2691 1035 2746; x_wconf 91' lang='lat' dir='ltr'>nihil</span> <span class='ocrx_word' id='word_1_292' title='bbox 1065 2691 1136 2745; x_wconf 89' lang='lat' dir='ltr'>enim</span> <span class='ocrx_word' id='word_1_293' title='bbox 1163 2688 1239 2743; x_wconf 90' lang='lat' dir='ltr'>aliud</span> <span class='ocrx_word' id='word_1_294' title='bbox 1259 2687 1297 2743; x_wconf 89' lang='lat' dir='ltr'>ibi</span> <span class='ocrx_word' id='word_1_295' title='bbox 1318 2684 1398 2740; x_wconf 92' lang='lat' dir='ltr'>loci</span> <span class='ocrx_word' id='word_1_296' title='bbox 1391 2698 1504 2739; x_wconf 80' lang='lat' dir='ltr'>innuere</span> <span class='ocrx_word' id='word_1_297' title='bbox 1533 2682 1607 2734; x_wconf 86' lang='lat' dir='ltr'>velle</span> 
     </span>
     <span class='ocr_line' id='line_1_29' title="bbox 262 2756 1610 2842; baseline -0.002 -23"><span class='ocrx_word' id='word_1_298' title='bbox 262 2765 390 2830; x_wconf 88' lang='lat' dir='ltr'>Psalten,</span> <span class='ocrx_word' id='word_1_299' title='bbox 420 2765 474 2822; x_wconf 88' lang='lat' dir='ltr'>nisi</span> <span class='ocrx_word' id='word_1_300' title='bbox 502 2768 573 2838; x_wconf 93' lang='lat' dir='ltr'>quod</span> <span class='ocrx_word' id='word_1_301' title='bbox 601 2767 726 2823; x_wconf 90' lang='lat' dir='ltr'>homines</span> <span class='ocrx_word' id='word_1_302' title='bbox 753 2781 839 2826; x_wconf 84' lang='lat' dir='ltr'>antea</span> <span class='ocrx_word' id='word_1_303' title='bbox 861 2771 952 2827; x_wconf 91' lang='lat' dir='ltr'>sciant</span> <span class='ocrx_word' id='word_1_304' title='bbox 978 2777 1009 2826; x_wconf 87' lang='lat' dir='ltr'>et</span> <span class='ocrx_word' id='word_1_305' title='bbox 1035 2772 1154 2842; x_wconf 87' lang='lat' dir='ltr'>quotidie</span> <span class='ocrx_word' id='word_1_306' title='bbox 1179 2769 1375 2839; x_wconf 82' lang='lat' dir='ltr'>experiantur,</span> <span class='ocrx_word' id='word_1_307' title='bbox 1403 2767 1504 2820; x_wconf 81' lang='lat' dir='ltr'>Terras</span> <span class='ocrx_word' id='word_1_308' title='bbox 1531 2756 1610 2832; x_wconf 88' lang='lat' dir='ltr'>(post</span> 
     </span>
     <span class='ocr_line' id='line_1_30' title="bbox 260 2844 1603 2924; baseline -0.003 -25"><span class='ocrx_word' id='word_1_309' title='bbox 260 2845 465 2916; x_wconf 83' lang='lat' dir='ltr'>separatienem</span> <span class='ocrx_word' id='word_1_310' title='bbox 485 2863 618 2920; x_wconf 81' lang='lat' dir='ltr'>aquarum</span> <span class='ocrx_word' id='word_1_311' title='bbox 637 2848 666 2903; x_wconf 90' lang='lat' dir='ltr'>in</span> <span class='ocrx_word' id='word_1_312' title='bbox 686 2849 773 2905; x_wconf 86' lang='lat' dir='ltr'>altum</span> <span class='ocrx_word' id='word_1_313' title='bbox 792 2849 933 2918; x_wconf 83' lang='lat' dir='ltr'>sublatas)</span> <span class='ocrx_word' id='word_1_314' title='bbox 954 2853 1112 2907; x_wconf 85' lang='lat' dir='ltr'>interfluere</span> <span class='ocrx_word' id='word_1_315' title='bbox 1132 2849 1259 2924; x_wconf 77' lang='lat' dir='ltr'>ingenua</span> <span class='ocrx_word' id='word_1_316' title='bbox 1278 2847 1395 2910; x_wconf 83' lang='lat' dir='ltr'>flumina,</span> <span class='ocrx_word' id='word_1_317' title='bbox 1418 2844 1603 2898; x_wconf 82' lang='lat' dir='ltr'>circumfluere</span> 
     </span>
     <span class='ocr_line' id='line_1_31' title="bbox 260 2922 1606 2999; baseline -0.005 -16"><span class='ocrx_word' id='word_1_318' title='bbox 260 2925 357 2982; x_wconf 78' lang='lat' dir='ltr'>maria</span> <span class='ocrx_word' id='word_1_319' title='bbox 395 2926 526 2982; x_wconf 86' lang='lat' dir='ltr'>Nimirum</span> <span class='ocrx_word' id='word_1_320' title='bbox 546 2930 661 2983; x_wconf 86' lang='lat' dir='ltr'>eandem</span> <span class='ocrx_word' id='word_1_321' title='bbox 680 2947 742 2984; x_wconf 84' lang='lat' dir='ltr'>esse</span> <span class='ocrx_word' id='word_1_322' title='bbox 762 2931 927 2988; x_wconf 84' lang='lat' dir='ltr'>locutionem</span> <span class='ocrx_word' id='word_1_323' title='bbox 947 2932 1029 2996; x_wconf 86' lang='lat' dir='ltr'>alibi,</span> <span class='ocrx_word' id='word_1_324' title='bbox 1056 2949 1116 2986; x_wconf 90' lang='lat' dir='ltr'>cum</span> <span class='ocrx_word' id='word_1_325' title='bbox 1137 2947 1198 2984; x_wconf 87' lang='lat' dir='ltr'>sese</span> <span class='ocrx_word' id='word_1_326' title='bbox 1219 2945 1303 2999; x_wconf 89' lang='lat' dir='ltr'>super</span> <span class='ocrx_word' id='word_1_327' title='bbox 1321 2926 1434 2981; x_wconf 83' lang='lat' dir='ltr'>flumina</span> <span class='ocrx_word' id='word_1_328' title='bbox 1453 2922 1606 2994; x_wconf 82' lang='lat' dir='ltr'>Babylonis</span> 
     </span>
     <span class='ocr_line' id='line_1_32' title="bbox 259 3003 1567 3081; baseline -0.004 -20"><span class='ocrx_word' id='word_1_329' title='bbox 259 3006 406 3062; x_wconf 74' lang='lat' dir='ltr'>Imaelitse</span> <span class='ocrx_word' id='word_1_330' title='bbox 426 3007 531 3062; x_wconf 88' lang='lat' dir='ltr'>sedisse</span> <span class='ocrx_word' id='word_1_331' title='bbox 549 3016 661 3072; x_wconf 84' lang='lat' dir='ltr'>canunt,</span> <span class='ocrx_word' id='word_1_332' title='bbox 682 3009 708 3065; x_wconf 94' lang='lat' dir='ltr'>id</span> <span class='ocrx_word' id='word_1_333' title='bbox 729 3019 774 3066; x_wconf 92' lang='lat' dir='ltr'>est</span> <span class='ocrx_word' id='word_1_334' title='bbox 788 3011 877 3081; x_wconf 84' lang='lat' dir='ltr'>juxta</span> <span class='ocrx_word' id='word_1_335' title='bbox 895 3014 1008 3068; x_wconf 85' lang='lat' dir='ltr'>dumina</span> <span class='ocrx_word' id='word_1_336' title='bbox 1026 3013 1072 3066; x_wconf 84' lang='lat' dir='ltr'>rel</span> <span class='ocrx_word' id='word_1_337' title='bbox 1093 3013 1127 3066; x_wconf 94' lang='grc' dir='ltr'>ιι</span> <span class='ocrx_word' id='word_1_338' title='bbox 1148 3011 1224 3080; x_wconf 90' lang='lat' dir='ltr'>ripas</span> <span class='ocrx_word' id='word_1_339' title='bbox 1244 3007 1396 3080; x_wconf 81' lang='lat' dir='ltr'>Euphratis</span> <span class='ocrx_word' id='word_1_340' title='bbox 1417 3013 1448 3058; x_wconf 87' lang='lat' dir='ltr'>et</span> <span class='ocrx_word' id='word_1_341' title='bbox 1466 3003 1567 3075; x_wconf 74' lang='lat' dir='ltr'>Tigris.</span> 
     </span>
    </p>
   </div>
   <div class='ocr_carea' id='block_1_3' title="bbox 260 3093 1673 5015">
    <p class='ocr_par' dir='ltr' id='par_1_3' title="bbox 260 3093 1606 3314">
     <span class='ocr_line' id='line_1_33' title="bbox 339 3093 1606 3193; baseline -0.003 -43"><span class='ocrx_word' id='word_1_342' title='bbox 339 3095 369 3150; x_wconf 87' lang='lat' dir='ltr'>Si</span> <span class='ocrx_word' id='word_1_343' title='bbox 389 3096 440 3150; x_wconf 91' lang='lat' dir='ltr'>hoc</span> <span class='ocrx_word' id='word_1_344' title='bbox 460 3097 580 3152; x_wconf 84' lang='lat' dir='ltr'>libenter</span> <span class='ocrx_word' id='word_1_345' title='bbox 597 3099 659 3193; x_wconf 79' lang='lat' dir='ltr'>quis</span> <span class='ocrx_word' id='word_1_346' title='bbox 679 3099 791 3170; x_wconf 75' lang='lat' dir='ltr'>recipit,</span> <span class='ocrx_word' id='word_1_347' title='bbox 819 3117 869 3155; x_wconf 92' lang='lat' dir='ltr'>cur</span> <span class='ocrx_word' id='word_1_348' title='bbox 888 3119 943 3156; x_wconf 88' lang='lat' dir='ltr'>non</span> <span class='ocrx_word' id='word_1_349' title='bbox 964 3109 993 3156; x_wconf 85' lang='lat' dir='ltr'>et</span> <span class='ocrx_word' id='word_1_350' title='bbox 1012 3102 1080 3157; x_wconf 92' lang='lat' dir='ltr'>illud</span> <span class='ocrx_word' id='word_1_351' title='bbox 1100 3100 1225 3172; x_wconf 86' lang='lat' dir='ltr'>recipiat,</span> <span class='ocrx_word' id='word_1_352' title='bbox 1246 3105 1279 3154; x_wconf 92' lang='lat' dir='ltr'>ut</span> <span class='ocrx_word' id='word_1_353' title='bbox 1299 3097 1326 3150; x_wconf 87' lang='lat' dir='ltr'>in</span> <span class='ocrx_word' id='word_1_354' title='bbox 1348 3095 1418 3150; x_wconf 85' lang='lat' dir='ltr'>aliis</span> <span class='ocrx_word' id='word_1_355' title='bbox 1431 3093 1512 3156; x_wconf 89' lang='lat' dir='ltr'>locis,</span> <span class='ocrx_word' id='word_1_356' title='bbox 1535 3107 1606 3162; x_wconf 90' lang='lat' dir='ltr'>qnae</span> 
     </span>
     <span class='ocr_line' id='line_1_34' title="bbox 260 3171 1606 3252; baseline -0.003 -22"><span class='ocrx_word' id='word_1_357' title='bbox 260 3175 346 3231; x_wconf 76' lang='lat' dir='ltr'>motai</span> <span class='ocrx_word' id='word_1_358' title='bbox 365 3177 483 3231; x_wconf 80' lang='lat' dir='ltr'>Telluris</span> <span class='ocrx_word' id='word_1_359' title='bbox 503 3179 605 3249; x_wconf 89' lang='lat' dir='ltr'>opponi</span> <span class='ocrx_word' id='word_1_360' title='bbox 625 3181 728 3244; x_wconf 87' lang='lat' dir='ltr'>solent,</span> <span class='ocrx_word' id='word_1_361' title='bbox 758 3183 854 3236; x_wconf 89' lang='lat' dir='ltr'>eodem</span> <span class='ocrx_word' id='word_1_362' title='bbox 883 3185 961 3237; x_wconf 88' lang='lat' dir='ltr'>modo</span> <span class='ocrx_word' id='word_1_363' title='bbox 991 3183 1084 3236; x_wconf 88' lang='lat' dir='ltr'>oculos</span> <span class='ocrx_word' id='word_1_364' title='bbox 1106 3197 1124 3236; x_wconf 93' lang='lat' dir='ltr'>a</span> <span class='ocrx_word' id='word_1_365' title='bbox 1144 3179 1261 3252; x_wconf 78' lang='lat' dir='ltr'>physica</span> <span class='ocrx_word' id='word_1_366' title='bbox 1290 3177 1324 3231; x_wconf 91' lang='lat' dir='ltr'>ad</span> <span class='ocrx_word' id='word_1_367' title='bbox 1346 3175 1501 3230; x_wconf 86' lang='lat' dir='ltr'>institutum</span> <span class='ocrx_word' id='word_1_368' title='bbox 1521 3171 1606 3242; x_wconf 87' lang='lat' dir='ltr'>scrip·</span> 
     </span>
     <span class='ocr_line' id='line_1_35' title="bbox 261 3263 571 3314; baseline 0.01 -3"><span class='ocrx_word' id='word_1_369' title='bbox 261 3265 342 3312; x_wconf 85' lang='lat' dir='ltr'>turae</span> <span class='ocrx_word' id='word_1_370' title='bbox 362 3263 571 3314; x_wconf 78' lang='lat' dir='ltr'>convertamus?</span> 
     </span>
    </p>

    <p class='ocr_par' dir='ltr' id='par_1_4' title="bbox 262 3331 1673 3876">
     <span class='ocr_line' id='line_1_36' title="bbox 341 3331 1607 3413; baseline -0.005 -23"><span class='ocrx_word' id='word_1_371' title='bbox 341 3337 491 3392; x_wconf 84' lang='lat' dir='ltr'>Generatio</span> <span class='ocrx_word' id='word_1_372' title='bbox 512 3341 649 3409; x_wconf 87' lang='lat' dir='ltr'>praeterit</span> <span class='ocrx_word' id='word_1_373' title='bbox 669 3333 725 3406; x_wconf 88' lang='grc' dir='ltr'><strong>(ιιι</strong></span> <span class='ocrx_word' id='word_1_374' title='bbox 743 3334 943 3408; x_wconf 85' lang='lat' dir='ltr'>Ecclesiastes)</span> <span class='ocrx_word' id='word_1_375' title='bbox 964 3349 994 3396; x_wconf 89' lang='lat' dir='ltr'>et</span> <span class='ocrx_word' id='word_1_376' title='bbox 1013 3340 1158 3413; x_wconf 70' lang='lat' dir='ltr'>generatio</span> <span class='ocrx_word' id='word_1_377' title='bbox 1188 3337 1311 3400; x_wconf 84' lang='lat' dir='ltr'>advenit,</span> <span class='ocrx_word' id='word_1_378' title='bbox 1341 3336 1428 3388; x_wconf 88' lang='lat' dir='ltr'>Terra</span> <span class='ocrx_word' id='word_1_379' title='bbox 1457 3337 1549 3387; x_wconf 88' lang='lat' dir='ltr'>antem</span> <span class='ocrx_word' id='word_1_380' title='bbox 1579 3331 1607 3385; x_wconf 91' lang='grc' dir='ltr'>ιιι</span> 
     </span>
     <span class='ocr_line' id='line_1_37' title="bbox 263 3411 1606 3489; baseline -0.004 -19"><span class='ocrx_word' id='word_1_381' title='bbox 263 3423 405 3472; x_wconf 87' lang='lat' dir='ltr'>aeternum</span> <span class='ocrx_word' id='word_1_382' title='bbox 425 3425 492 3474; x_wconf 87' lang='lat' dir='ltr'>stat</span> <span class='ocrx_word' id='word_1_383' title='bbox 528 3420 612 3483; x_wconf 86' lang='lat' dir='ltr'>Quasi</span> <span class='ocrx_word' id='word_1_384' title='bbox 626 3419 756 3474; x_wconf 88' lang='lat' dir='ltr'>Salomon</span> <span class='ocrx_word' id='word_1_385' title='bbox 769 3421 814 3474; x_wconf 91' lang='lat' dir='ltr'>hic</span> <span class='ocrx_word' id='word_1_386' title='bbox 827 3421 951 3489; x_wconf 89' lang='lat' dir='ltr'>disputet</span> <span class='ocrx_word' id='word_1_387' title='bbox 964 3438 1023 3474; x_wconf 92' lang='lat' dir='ltr'>cum</span> <span class='ocrx_word' id='word_1_388' title='bbox 1044 3419 1222 3482; x_wconf 87' lang='lat' dir='ltr'>astronomis,</span> <span class='ocrx_word' id='word_1_389' title='bbox 1245 3433 1279 3472; x_wconf 87' lang='lat' dir='ltr'>ac</span> <span class='ocrx_word' id='word_1_390' title='bbox 1299 3433 1352 3470; x_wconf 90' lang='lat' dir='ltr'>non</span> <span class='ocrx_word' id='word_1_391' title='bbox 1371 3413 1463 3488; x_wconf 87' lang='lat' dir='ltr'>potins</span> <span class='ocrx_word' id='word_1_392' title='bbox 1483 3411 1606 3468; x_wconf 89' lang='lat' dir='ltr'>homiues</span> 
     </span>
     <span class='ocr_line' id='line_1_38' title="bbox 263 3496 1656 3570; baseline -0.004 -20"><span class='ocrx_word' id='word_1_393' title='bbox 263 3514 332 3551; x_wconf 88' lang='lat' dir='ltr'>suae</span> <span class='ocrx_word' id='word_1_394' title='bbox 345 3498 539 3553; x_wconf 82' lang='lat' dir='ltr'>mutabilitatis</span> <span class='ocrx_word' id='word_1_395' title='bbox 555 3501 722 3554; x_wconf 81' lang='lat' dir='ltr'>admoneat?</span> <span class='ocrx_word' id='word_1_396' title='bbox 743 3515 803 3553; x_wconf 92' lang='lat' dir='ltr'>cum</span> <span class='ocrx_word' id='word_1_397' title='bbox 816 3501 910 3563; x_wconf 89' lang='lat' dir='ltr'>Terra,</span> <span class='ocrx_word' id='word_1_398' title='bbox 930 3501 1092 3555; x_wconf 86' lang='lat' dir='ltr'>domicilium</span> <span class='ocrx_word' id='word_1_399' title='bbox 1105 3498 1216 3553; x_wconf 87' lang='lat' dir='ltr'>humaui</span> <span class='ocrx_word' id='word_1_400' title='bbox 1233 3496 1353 3570; x_wconf 74' lang='lat' dir='ltr'>generis,</span> <span class='ocrx_word' id='word_1_401' title='bbox 1374 3511 1483 3565; x_wconf 87' lang='lat' dir='ltr'>semper</span> <span class='ocrx_word' id='word_1_402' title='bbox 1496 3497 1608 3546; x_wconf 84' lang='lat' dir='ltr'>maneat</span> <span class='ocrx_word' id='word_1_403' title='bbox 1653 3503 1656 3508; x_wconf 85' lang='lat'>&#39;</span> 
     </span>
     <span class='ocr_line' id='line_1_39' title="bbox 263 3575 1607 3650; baseline -0.004 -18"><span class='ocrx_word' id='word_1_404' title='bbox 263 3579 374 3641; x_wconf 86' lang='lat' dir='ltr'>eadem,</span> <span class='ocrx_word' id='word_1_405' title='bbox 396 3577 468 3632; x_wconf 84' lang='lat' dir='ltr'>Solis</span> <span class='ocrx_word' id='word_1_406' title='bbox 487 3587 577 3633; x_wconf 90' lang='lat' dir='ltr'>motus</span> <span class='ocrx_word' id='word_1_407' title='bbox 607 3585 742 3650; x_wconf 90' lang='lat' dir='ltr'>perpetuo</span> <span class='ocrx_word' id='word_1_408' title='bbox 769 3579 797 3633; x_wconf 89' lang='lat' dir='ltr'>in</span> <span class='ocrx_word' id='word_1_409' title='bbox 817 3595 848 3632; x_wconf 90' lang='lat' dir='ltr'>se</span> <span class='ocrx_word' id='word_1_410' title='bbox 868 3581 978 3644; x_wconf 89' lang='lat' dir='ltr'>redeat,</span> <span class='ocrx_word' id='word_1_411' title='bbox 1009 3590 1108 3635; x_wconf 77' lang='lat' dir='ltr'>ventus</span> <span class='ocrx_word' id='word_1_412' title='bbox 1129 3580 1156 3632; x_wconf 94' lang='lat' dir='ltr'>in</span> <span class='ocrx_word' id='word_1_413' title='bbox 1179 3577 1308 3632; x_wconf 89' lang='lat' dir='ltr'>circulum</span> <span class='ocrx_word' id='word_1_414' title='bbox 1329 3581 1433 3647; x_wconf 75' lang='lat' dir='ltr'>agatur</span> <span class='ocrx_word' id='word_1_415' title='bbox 1455 3575 1607 3643; x_wconf 81' lang='lat' dir='ltr'>redeatque</span> 
     </span>
     <span class='ocr_line' id='line_1_40' title="bbox 263 3653 1606 3725; baseline -0.004 -13"><span class='ocrx_word' id='word_1_416' title='bbox 263 3659 368 3721; x_wconf 81' lang='lat' dir='ltr'>eodem,</span> <span class='ocrx_word' id='word_1_417' title='bbox 404 3659 516 3712; x_wconf 85' lang='lat' dir='ltr'>flumina</span> <span class='ocrx_word' id='word_1_418' title='bbox 537 3657 734 3714; x_wconf 82' lang='lat' dir='ltr'>aientibus</span> <span class='ocrx_word' id='word_1_419' title='bbox 725 3677 753 3713; x_wconf 87' lang='grc' dir='ltr'>ιιι</span> <span class='ocrx_word' id='word_1_420' title='bbox 774 3675 850 3713; x_wconf 80' lang='lat' dir='ltr'>mare</span> <span class='ocrx_word' id='word_1_421' title='bbox 868 3659 998 3725; x_wconf 83' lang='lat' dir='ltr'>effluant,</span> <span class='ocrx_word' id='word_1_422' title='bbox 1028 3660 1132 3715; x_wconf 85' lang='lat' dir='ltr'>amari</span> <span class='ocrx_word' id='word_1_423' title='bbox 1163 3659 1190 3713; x_wconf 91' lang='lat' dir='ltr'>in</span> <span class='ocrx_word' id='word_1_424' title='bbox 1220 3658 1310 3711; x_wconf 84' lang='lat' dir='ltr'>fontes</span> <span class='ocrx_word' id='word_1_425' title='bbox 1331 3658 1460 3710; x_wconf 85' lang='lat' dir='ltr'>redeant.</span> <span class='ocrx_word' id='word_1_426' title='bbox 1490 3653 1606 3724; x_wconf 87' lang='lat' dir='ltr'>denique</span> 
     </span>
     <span class='ocr_line' id='line_1_41' title="bbox 263 3733 1607 3848; baseline -0.004 -57"><span class='ocrx_word' id='word_1_427' title='bbox 263 3736 386 3792; x_wconf 84' lang='lat' dir='ltr'>homines</span> <span class='ocrx_word' id='word_1_428' title='bbox 407 3737 450 3792; x_wconf 89' lang='grc' dir='ltr'>ιιι</span> <span class='ocrx_word' id='word_1_429' title='bbox 470 3738 649 3808; x_wconf 81' lang='lat' dir='ltr'>pereuntrhus</span> <span class='ocrx_word' id='word_1_430' title='bbox 670 3746 821 3794; x_wconf 89' lang='lat' dir='ltr'>nascantur</span> <span class='ocrx_word' id='word_1_431' title='bbox 849 3739 898 3794; x_wconf 92' lang='lat' dir='ltr'>alii</span> <span class='ocrx_word' id='word_1_432' title='bbox 927 3757 1087 3848; x_wconf 83' lang='lat' dir='ltr'>semperque</span> <span class='ocrx_word' id='word_1_433' title='bbox 1117 3739 1213 3794; x_wconf 87' lang='lat' dir='ltr'>eadem</span> <span class='ocrx_word' id='word_1_434' title='bbox 1243 3738 1278 3792; x_wconf 89' lang='lat' dir='ltr'>sit</span> <span class='ocrx_word' id='word_1_435' title='bbox 1298 3737 1396 3791; x_wconf 84' lang='grc' dir='ltr'><strong>ιιιιιι</strong></span> <span class='ocrx_word' id='word_1_436' title='bbox 1414 3734 1506 3789; x_wconf 81' lang='lat' dir='ltr'>ritae:</span> <span class='ocrx_word' id='word_1_437' title='bbox 1538 3733 1607 3790; x_wconf 88' lang='lat' dir='ltr'>nihil</span> 
     </span>
     <span class='ocr_line' id='line_1_42' title="bbox 262 3817 1673 3876; baseline 0.001 -2"><span class='ocrx_word' id='word_1_438' title='bbox 262 3819 314 3874; x_wconf 87' lang='lat' dir='ltr'>sub</span> <span class='ocrx_word' id='word_1_439' title='bbox 333 3817 398 3872; x_wconf 87' lang='lat' dir='ltr'>Sole</span> <span class='ocrx_word' id='word_1_440' title='bbox 418 3835 526 3874; x_wconf 86' lang='lat' dir='ltr'>norum</span> <span class='ocrx_word' id='word_1_441' title='bbox 759 3837 763 3851; x_wconf 75' lang='lat'>¹</span> <span class='ocrx_word' id='word_1_442' title='bbox 1667 3869 1673 3876; x_wconf 92' lang='lat'>.</span> 
     </span>
    </p>

    <p class='ocr_par' dir='ltr' id='par_1_5' title="bbox 262 3841 1653 4533">
     <span class='ocr_line' id='line_1_43' title="bbox 342 3841 1608 3972; baseline -0.006 -19"><span class='ocrx_word' id='word_1_443' title='bbox 342 3897 454 3953; x_wconf 84' lang='lat' dir='ltr'>Nullum</span> <span class='ocrx_word' id='word_1_444' title='bbox 474 3899 552 3953; x_wconf 90' lang='lat' dir='ltr'>audis</span> <span class='ocrx_word' id='word_1_445' title='bbox 572 3899 673 3970; x_wconf 76' lang='lat' dir='ltr'>dogma</span> <span class='ocrx_word' id='word_1_446' title='bbox 692 3900 843 3972; x_wconf 75' lang='lat' dir='ltr'>physicum</span> <span class='ocrx_word' id='word_1_447' title='bbox 884 3905 1028 3956; x_wconf 72' lang='grc' dir='ltr'><strong>Νινθεσιι</strong></span> <span class='ocrx_word' id='word_1_448' title='bbox 1045 3905 1089 3953; x_wconf 91' lang='lat' dir='ltr'>est</span> <span class='ocrx_word' id='word_1_449' title='bbox 1109 3841 1220 3953; x_wconf 88' lang='lat' dir='ltr'>moralis</span> <span class='ocrx_word' id='word_1_450' title='bbox 1240 3897 1289 3960; x_wconf 86' lang='lat' dir='ltr'>rei,</span> <span class='ocrx_word' id='word_1_451' title='bbox 1311 3911 1384 3967; x_wconf 89' lang='lat' dir='ltr'>quae</span> <span class='ocrx_word' id='word_1_452' title='bbox 1403 3911 1454 3966; x_wconf 82' lang='lat' dir='ltr'>per</span> <span class='ocrx_word' id='word_1_453' title='bbox 1476 3909 1505 3947; x_wconf 86' lang='lat' dir='ltr'>se</span> <span class='ocrx_word' id='word_1_454' title='bbox 1526 3897 1608 3964; x_wconf 90' lang='lat' dir='ltr'>patet</span> 
     </span>
     <span class='ocr_line' id='line_1_44' title="bbox 262 3973 1604 4051; baseline -0.004 -18"><span class='ocrx_word' id='word_1_455' title='bbox 262 3986 292 4033; x_wconf 90' lang='lat' dir='ltr'>et</span> <span class='ocrx_word' id='word_1_456' title='bbox 311 3979 475 4033; x_wconf 84' lang='lat' dir='ltr'>observatur</span> <span class='ocrx_word' id='word_1_457' title='bbox 494 3979 610 4034; x_wconf 87' lang='lat' dir='ltr'>omnium</span> <span class='ocrx_word' id='word_1_458' title='bbox 631 3979 725 4044; x_wconf 75' lang='lat' dir='ltr'>omlis,</span> <span class='ocrx_word' id='word_1_459' title='bbox 747 3982 794 4035; x_wconf 87' lang='lat' dir='ltr'>sed</span> <span class='ocrx_word' id='word_1_460' title='bbox 814 3997 911 4051; x_wconf 90' lang='lat' dir='ltr'>parum</span> <span class='ocrx_word' id='word_1_461' title='bbox 933 3979 1117 4050; x_wconf 90' lang='lat' dir='ltr'>perpenditur.</span> <span class='ocrx_word' id='word_1_462' title='bbox 1150 3981 1218 4034; x_wconf 83' lang='lat' dir='ltr'>llam</span> <span class='ocrx_word' id='word_1_463' title='bbox 1233 3977 1319 4049; x_wconf 73' lang='lat' dir='ltr'>igitur</span> <span class='ocrx_word' id='word_1_464' title='bbox 1331 3977 1461 4032; x_wconf 87' lang='lat' dir='ltr'>Salomon</span> <span class='ocrx_word' id='word_1_465' title='bbox 1474 3973 1604 4029; x_wconf 80' lang='lat' dir='ltr'>inculcat</span> 
     </span>
     <span class='ocr_line' id='line_1_45' title="bbox 263 4053 1606 4131; baseline -0.002 -20"><span class='ocrx_word' id='word_1_466' title='bbox 263 4058 330 4122; x_wconf 86' lang='lat' dir='ltr'>Quis</span> <span class='ocrx_word' id='word_1_467' title='bbox 350 4058 421 4112; x_wconf 90' lang='lat' dir='ltr'>enim</span> <span class='ocrx_word' id='word_1_468' title='bbox 440 4059 536 4124; x_wconf 73' lang='lat' dir='ltr'>nescir,</span> <span class='ocrx_word' id='word_1_469' title='bbox 557 4061 670 4114; x_wconf 81' lang='lat' dir='ltr'>Terram</span> <span class='ocrx_word' id='word_1_470' title='bbox 690 4077 797 4131; x_wconf 87' lang='lat' dir='ltr'>semper</span> <span class='ocrx_word' id='word_1_471' title='bbox 815 4062 931 4115; x_wconf 86' lang='lat' dir='ltr'>eandem</span> <span class='ocrx_word' id='word_1_472' title='bbox 951 4065 1030 4114; x_wconf 84' lang='lat' dir='ltr'>esset</span> <span class='ocrx_word' id='word_1_473' title='bbox 1051 4060 1110 4130; x_wconf 92' lang='lat' dir='ltr'>quis</span> <span class='ocrx_word' id='word_1_474' title='bbox 1130 4077 1184 4114; x_wconf 88' lang='lat' dir='ltr'>nen</span> <span class='ocrx_word' id='word_1_475' title='bbox 1203 4057 1294 4122; x_wconf 81' lang='lat' dir='ltr'>ridet,</span> <span class='ocrx_word' id='word_1_476' title='bbox 1315 4057 1408 4111; x_wconf 85' lang='lat' dir='ltr'>Solem</span> <span class='ocrx_word' id='word_1_477' title='bbox 1427 4054 1547 4126; x_wconf 82' lang='lat' dir='ltr'>quotidie</span> <span class='ocrx_word' id='word_1_478' title='bbox 1568 4053 1606 4108; x_wconf 87' lang='grc' dir='ltr'>ιι</span> 
     </span>
     <span class='ocr_line' id='line_1_46' title="bbox 263 4133 1606 4210; baseline -0.004 -18"><span class='ocrx_word' id='word_1_479' title='bbox 263 4146 326 4193; x_wconf 90' lang='lat' dir='ltr'>ortu</span> <span class='ocrx_word' id='word_1_480' title='bbox 346 4155 501 4210; x_wconf 74' lang='lat' dir='ltr'>resurgere,</span> <span class='ocrx_word' id='word_1_481' title='bbox 522 4139 635 4195; x_wconf 78' lang='lat' dir='ltr'>flumina</span> <span class='ocrx_word' id='word_1_482' title='bbox 653 4141 812 4210; x_wconf 89' lang='lat' dir='ltr'>perenniter</span> <span class='ocrx_word' id='word_1_483' title='bbox 830 4139 1025 4196; x_wconf 82' lang='lat' dir='ltr'>decurrerem</span> <span class='ocrx_word' id='word_1_484' title='bbox 1045 4155 1128 4204; x_wconf 83' lang='lat' dir='ltr'>mare.</span> <span class='ocrx_word' id='word_1_485' title='bbox 1148 4147 1292 4194; x_wconf 83' lang='lat' dir='ltr'>ventorum</span> <span class='ocrx_word' id='word_1_486' title='bbox 1306 4143 1396 4192; x_wconf 88' lang='lat' dir='ltr'>statas</span> <span class='ocrx_word' id='word_1_487' title='bbox 1416 4135 1506 4192; x_wconf 87' lang='lat' dir='ltr'>redire</span> <span class='ocrx_word' id='word_1_488' title='bbox 1525 4133 1606 4188; x_wconf 84' lang='lat' dir='ltr'>vicis·</span> 
     </span>
     <span class='ocr_line' id='line_1_47' title="bbox 263 4215 1653 4290; baseline -0.004 -18"><span class='ocrx_word' id='word_1_489' title='bbox 263 4217 410 4282; x_wconf 88' lang='lat' dir='ltr'>situdines,</span> <span class='ocrx_word' id='word_1_490' title='bbox 440 4219 562 4275; x_wconf 88' lang='lat' dir='ltr'>homines</span> <span class='ocrx_word' id='word_1_491' title='bbox 591 4220 662 4275; x_wconf 90' lang='lat' dir='ltr'>alios</span> <span class='ocrx_word' id='word_1_492' title='bbox 682 4221 745 4275; x_wconf 92' lang='lat' dir='ltr'>aliis</span> <span class='ocrx_word' id='word_1_493' title='bbox 766 4224 928 4276; x_wconf 85' lang='lat' dir='ltr'>succederet</span> <span class='ocrx_word' id='word_1_494' title='bbox 971 4219 1037 4282; x_wconf 85' lang='lat' dir='ltr'>Quis</span> <span class='ocrx_word' id='word_1_495' title='bbox 1056 4237 1122 4275; x_wconf 83' lang='lat' dir='ltr'>rere</span> <span class='ocrx_word' id='word_1_496' title='bbox 1144 4219 1302 4290; x_wconf 84' lang='lat' dir='ltr'>perpendit,</span> <span class='ocrx_word' id='word_1_497' title='bbox 1331 4215 1446 4272; x_wconf 71' lang='lat' dir='ltr'>eusdem</span> <span class='ocrx_word' id='word_1_498' title='bbox 1474 4215 1523 4288; x_wconf 74' lang='lat' dir='ltr'>agi</span> <span class='ocrx_word' id='word_1_499' title='bbox 1542 4229 1653 4284; x_wconf 61' lang='lat' dir='ltr'>per-1</span> 
     </span>
     <span class='ocr_line' id='line_1_48' title="bbox 262 4297 1605 4378; baseline -0.004 -24"><span class='ocrx_word' id='word_1_500' title='bbox 262 4306 347 4370; x_wconf 87' lang='lat' dir='ltr'>petuo</span> <span class='ocrx_word' id='word_1_501' title='bbox 368 4298 443 4353; x_wconf 86' lang='lat' dir='ltr'>ritae</span> <span class='ocrx_word' id='word_1_502' title='bbox 463 4299 585 4355; x_wconf 80' lang='lat' dir='ltr'>fabulam</span> <span class='ocrx_word' id='word_1_503' title='bbox 606 4301 719 4356; x_wconf 87' lang='lat' dir='ltr'>mutatis</span> <span class='ocrx_word' id='word_1_504' title='bbox 739 4301 879 4378; x_wconf 84' lang='lat' dir='ltr'>personis,</span> <span class='ocrx_word' id='word_1_505' title='bbox 901 4317 952 4356; x_wconf 91' lang='lat' dir='ltr'>nec</span> <span class='ocrx_word' id='word_1_506' title='bbox 972 4300 1115 4371; x_wconf 87' lang='lat' dir='ltr'>quicquam</span> <span class='ocrx_word' id='word_1_507' title='bbox 1129 4300 1157 4354; x_wconf 92' lang='lat' dir='ltr'>in</span> <span class='ocrx_word' id='word_1_508' title='bbox 1171 4301 1253 4354; x_wconf 84' lang='lat' dir='ltr'>rebus</span> <span class='ocrx_word' id='word_1_509' title='bbox 1267 4297 1391 4353; x_wconf 87' lang='lat' dir='ltr'>humanis</span> <span class='ocrx_word' id='word_1_510' title='bbox 1405 4311 1504 4350; x_wconf 86' lang='grc' dir='ltr'><strong>ιιιιιιιι</strong></span> <span class='ocrx_word' id='word_1_511' title='bbox 1523 4299 1605 4350; x_wconf 84' lang='grc' dir='ltr'><strong>ιιιιι</strong></span> 
     </span>
     <span class='ocr_line' id='line_1_49' title="bbox 263 4375 1606 4452; baseline -0.004 -18"><span class='ocrx_word' id='word_1_512' title='bbox 263 4381 361 4449; x_wconf 85' lang='lat' dir='ltr'>ltaque</span> <span class='ocrx_word' id='word_1_513' title='bbox 380 4379 508 4434; x_wconf 83' lang='lat' dir='ltr'>Salomon</span> <span class='ocrx_word' id='word_1_514' title='bbox 527 4381 781 4437; x_wconf 87' lang='lat' dir='ltr'>commemoratione</span> <span class='ocrx_word' id='word_1_515' title='bbox 795 4397 902 4446; x_wconf 84' lang='lat' dir='ltr'>eorum,</span> <span class='ocrx_word' id='word_1_516' title='bbox 925 4396 996 4452; x_wconf 90' lang='lat' dir='ltr'>quae</span> <span class='ocrx_word' id='word_1_517' title='bbox 1015 4381 1110 4436; x_wconf 87' lang='lat' dir='ltr'>rident</span> <span class='ocrx_word' id='word_1_518' title='bbox 1127 4396 1231 4444; x_wconf 82' lang='lat' dir='ltr'>omnes,</span> <span class='ocrx_word' id='word_1_519' title='bbox 1253 4379 1381 4434; x_wconf 85' lang='lat' dir='ltr'>admonet</span> <span class='ocrx_word' id='word_1_520' title='bbox 1400 4375 1470 4445; x_wconf 83' lang='lat' dir='ltr'>ejus,</span> <span class='ocrx_word' id='word_1_521' title='bbox 1494 4376 1564 4446; x_wconf 89' lang='lat' dir='ltr'>quod</span> <span class='ocrx_word' id='word_1_522' title='bbox 1586 4390 1606 4428; x_wconf 90' lang='lat' dir='ltr'>a</span> 
     </span>
     <span class='ocr_line' id='line_1_50' title="bbox 263 4459 749 4533; baseline 0.004 -19"><span class='ocrx_word' id='word_1_523' title='bbox 263 4459 402 4532; x_wconf 88' lang='lat' dir='ltr'>plerisque</span> <span class='ocrx_word' id='word_1_524' title='bbox 422 4476 567 4530; x_wconf 90' lang='lat' dir='ltr'>perperam</span> <span class='ocrx_word' id='word_1_525' title='bbox 588 4461 749 4533; x_wconf 74' lang='lat' dir='ltr'>negligitur.</span> 
     </span>
    </p>

    <p class='ocr_par' dir='ltr' id='par_1_6' title="bbox 264 4535 1605 5015">
     <span class='ocr_line' id='line_1_51' title="bbox 341 4535 1604 4613; baseline -0.003 -19"><span class='ocrx_word' id='word_1_526' title='bbox 341 4539 452 4594; x_wconf 87' lang='lat' dir='ltr'>Psalmo</span> <span class='ocrx_word' id='word_1_527' title='bbox 472 4557 538 4596; x_wconf 83' lang='lat' dir='ltr'>reso</span> <span class='ocrx_word' id='word_1_528' title='bbox 558 4542 626 4599; x_wconf 83' lang='lat' dir='ltr'>ow.</span> <span class='ocrx_word' id='word_1_529' title='bbox 646 4548 750 4613; x_wconf 91' lang='lat' dir='ltr'>putant</span> <span class='ocrx_word' id='word_1_530' title='bbox 772 4540 880 4596; x_wconf 86' lang='lat' dir='ltr'>omniuo</span> <span class='ocrx_word' id='word_1_531' title='bbox 906 4539 1119 4610; x_wconf 88' lang='lat' dir='ltr'>disputationem</span> <span class='ocrx_word' id='word_1_532' title='bbox 1148 4537 1279 4594; x_wconf 87' lang='lat' dir='ltr'>contineri</span> <span class='ocrx_word' id='word_1_533' title='bbox 1308 4536 1467 4608; x_wconf 79' lang='lat' dir='ltr'>physicam,</span> <span class='ocrx_word' id='word_1_534' title='bbox 1497 4535 1604 4606; x_wconf 88' lang='lat' dir='ltr'>quando</span> 
     </span>
     <span class='ocr_line' id='line_1_52' title="bbox 264 4616 1604 4692; baseline -0.001 -18"><span class='ocrx_word' id='word_1_535' title='bbox 264 4621 298 4674; x_wconf 89' lang='lat' dir='ltr'>de</span> <span class='ocrx_word' id='word_1_536' title='bbox 318 4622 400 4675; x_wconf 88' lang='lat' dir='ltr'>rehus</span> <span class='ocrx_word' id='word_1_537' title='bbox 420 4620 543 4692; x_wconf 78' lang='lat' dir='ltr'>physicis</span> <span class='ocrx_word' id='word_1_538' title='bbox 562 4628 638 4676; x_wconf 89' lang='lat' dir='ltr'>totus</span> <span class='ocrx_word' id='word_1_539' title='bbox 659 4630 710 4678; x_wconf 85' lang='lat' dir='ltr'>est.</span> <span class='ocrx_word' id='word_1_540' title='bbox 751 4626 843 4692; x_wconf 80' lang='lat' dir='ltr'>Atque</span> <span class='ocrx_word' id='word_1_541' title='bbox 862 4621 901 4676; x_wconf 94' lang='lat' dir='ltr'>ibi</span> <span class='ocrx_word' id='word_1_542' title='bbox 920 4623 998 4676; x_wconf 91' lang='lat' dir='ltr'>Deus</span> <span class='ocrx_word' id='word_1_543' title='bbox 1017 4621 1116 4676; x_wconf 90' lang='lat' dir='ltr'>dicitur</span> <span class='ocrx_word' id='word_1_544' title='bbox 1135 4620 1264 4675; x_wconf 82' lang='lat' dir='ltr'>fundasse</span> <span class='ocrx_word' id='word_1_545' title='bbox 1280 4618 1393 4674; x_wconf 90' lang='lat' dir='ltr'>Terram</span> <span class='ocrx_word' id='word_1_546' title='bbox 1414 4631 1497 4685; x_wconf 87' lang='lat' dir='ltr'>super</span> <span class='ocrx_word' id='word_1_547' title='bbox 1517 4616 1604 4672; x_wconf 82' lang='lat' dir='ltr'>stabi·</span> 
     </span>
     <span class='ocr_line' id='line_1_53' title="bbox 264 4695 1604 4773; baseline -0.003 -17"><span class='ocrx_word' id='word_1_548' title='bbox 264 4700 373 4756; x_wconf 85' lang='lat' dir='ltr'>litatem</span> <span class='ocrx_word' id='word_1_549' title='bbox 393 4717 483 4764; x_wconf 78' lang='lat' dir='ltr'>suum3</span> <span class='ocrx_word' id='word_1_550' title='bbox 513 4701 642 4773; x_wconf 78' lang='lat' dir='ltr'>illusoque</span> <span class='ocrx_word' id='word_1_551' title='bbox 671 4720 725 4757; x_wconf 92' lang='lat' dir='ltr'>non</span> <span class='ocrx_word' id='word_1_552' title='bbox 753 4701 913 4756; x_wconf 88' lang='lat' dir='ltr'>inclinatum</span> <span class='ocrx_word' id='word_1_553' title='bbox 942 4701 975 4756; x_wconf 90' lang='lat' dir='ltr'>iri</span> <span class='ocrx_word' id='word_1_554' title='bbox 1001 4702 1029 4755; x_wconf 91' lang='lat' dir='ltr'>in</span> <span class='ocrx_word' id='word_1_555' title='bbox 1059 4702 1178 4756; x_wconf 87' lang='lat' dir='ltr'>seculum</span> <span class='ocrx_word' id='word_1_556' title='bbox 1206 4698 1299 4754; x_wconf 90' lang='lat' dir='ltr'>seculi.</span> <span class='ocrx_word' id='word_1_557' title='bbox 1340 4696 1425 4768; x_wconf 74' lang='lat' dir='ltr'>Atqui</span> <span class='ocrx_word' id='word_1_558' title='bbox 1445 4695 1604 4766; x_wconf 76' lang='lat' dir='ltr'>longissime</span> 
     </span>
     <span class='ocr_line' id='line_1_54' title="bbox 265 4775 1605 4852; baseline -0.004 -15"><span class='ocrx_word' id='word_1_559' title='bbox 265 4784 347 4837; x_wconf 84' lang='lat' dir='ltr'>abest</span> <span class='ocrx_word' id='word_1_560' title='bbox 375 4781 486 4837; x_wconf 85' lang='lat' dir='ltr'>Psaltes</span> <span class='ocrx_word' id='word_1_561' title='bbox 515 4799 536 4836; x_wconf 90' lang='lat' dir='ltr'>a</span> <span class='ocrx_word' id='word_1_562' title='bbox 562 4782 751 4852; x_wconf 89' lang='lat' dir='ltr'>speculatione</span> <span class='ocrx_word' id='word_1_563' title='bbox 780 4798 926 4838; x_wconf 74' lang='lat' dir='ltr'>causam</span> <span class='ocrx_word' id='word_1_564' title='bbox 953 4781 1138 4852; x_wconf 80' lang='lat' dir='ltr'>physicarum.</span> <span class='ocrx_word' id='word_1_565' title='bbox 1179 4781 1265 4836; x_wconf 83' lang='lat' dir='ltr'>Totus</span> <span class='ocrx_word' id='word_1_566' title='bbox 1294 4777 1364 4832; x_wconf 89' lang='lat' dir='ltr'>enim</span> <span class='ocrx_word' id='word_1_567' title='bbox 1398 4775 1547 4848; x_wconf 84' lang='lat' dir='ltr'>acquiescit</span> <span class='ocrx_word' id='word_1_568' title='bbox 1576 4778 1605 4832; x_wconf 91' lang='lat' dir='ltr'>in</span> 
     </span>
     <span class='ocr_line' id='line_1_55' title="bbox 264 4857 1604 4934; baseline -0.003 -18"><span class='ocrx_word' id='word_1_569' title='bbox 264 4862 452 4934; x_wconf 74' lang='lat' dir='ltr'>magnitudine</span> <span class='ocrx_word' id='word_1_570' title='bbox 471 4863 539 4927; x_wconf 90' lang='lat' dir='ltr'>Dei,</span> <span class='ocrx_word' id='word_1_571' title='bbox 561 4861 607 4934; x_wconf 90' lang='lat' dir='ltr'>qni</span> <span class='ocrx_word' id='word_1_572' title='bbox 626 4863 694 4918; x_wconf 85' lang='lat' dir='ltr'>fecit</span> <span class='ocrx_word' id='word_1_573' title='bbox 712 4864 783 4918; x_wconf 88' lang='lat' dir='ltr'>haec</span> <span class='ocrx_word' id='word_1_574' title='bbox 802 4861 899 4932; x_wconf 80' lang='lat' dir='ltr'>omnia,</span> <span class='ocrx_word' id='word_1_575' title='bbox 921 4863 1103 4934; x_wconf 75' lang='lat' dir='ltr'>hymnumque</span> <span class='ocrx_word' id='word_1_576' title='bbox 1124 4860 1224 4932; x_wconf 75' lang='lat' dir='ltr'>pangit</span> <span class='ocrx_word' id='word_1_577' title='bbox 1243 4859 1303 4914; x_wconf 90' lang='lat' dir='ltr'>Deo</span> <span class='ocrx_word' id='word_1_578' title='bbox 1325 4857 1472 4921; x_wconf 87' lang='lat' dir='ltr'>conditori,</span> <span class='ocrx_word' id='word_1_579' title='bbox 1501 4857 1529 4912; x_wconf 90' lang='lat' dir='ltr'>in</span> <span class='ocrx_word' id='word_1_580' title='bbox 1549 4875 1604 4928; x_wconf 91' lang='lat' dir='ltr'>quo</span> 
     </span>
     <span class='ocr_line' id='line_1_56' title="bbox 265 4939 1603 5015; baseline -0.005 -15"><span class='ocrx_word' id='word_1_581' title='bbox 265 4943 400 5009; x_wconf 84' lang='lat' dir='ltr'>mundum,</span> <span class='ocrx_word' id='word_1_582' title='bbox 420 4949 452 5000; x_wconf 91' lang='lat' dir='ltr'>ut</span> <span class='ocrx_word' id='word_1_583' title='bbox 471 4943 496 4998; x_wconf 86' lang='lat' dir='ltr'>is</span> <span class='ocrx_word' id='word_1_584' title='bbox 516 4948 635 5015; x_wconf 87' lang='lat' dir='ltr'>apparet</span> <span class='ocrx_word' id='word_1_585' title='bbox 654 4944 749 5010; x_wconf 80' lang='lat' dir='ltr'>cerulis,</span> <span class='ocrx_word' id='word_1_586' title='bbox 769 4942 905 5015; x_wconf 87' lang='lat' dir='ltr'>percurrit</span> <span class='ocrx_word' id='word_1_587' title='bbox 925 4941 1028 5000; x_wconf 87' lang='lat' dir='ltr'>ordine.</span> <span class='ocrx_word' id='word_1_588' title='bbox 1066 4942 1144 5006; x_wconf 84' lang='lat' dir='ltr'>Quod</span> <span class='ocrx_word' id='word_1_589' title='bbox 1156 4941 1180 4997; x_wconf 93' lang='lat' dir='ltr'>si</span> <span class='ocrx_word' id='word_1_590' title='bbox 1194 4942 1264 4996; x_wconf 87' lang='lat' dir='ltr'>bene</span> <span class='ocrx_word' id='word_1_591' title='bbox 1283 4939 1448 5010; x_wconf 78' lang='lat' dir='ltr'>perpendas,</span> <span class='ocrx_word' id='word_1_592' title='bbox 1470 4953 1603 4994; x_wconf 82' lang='lat' dir='ltr'>commen·</span> 
     </span>
    </p>
   </div>
   <div class='ocr_carea' id='block_1_4' title="bbox 0 0 1769 5525">
    <p class='ocr_par' dir='ltr' id='par_1_7' title="bbox 0 0 1769 5525">
     <span class='ocr_line' id='line_1_57' title="bbox 0 0 1769 5525; baseline 0 0"><span class='ocrx_word' id='word_1_593' title='bbox 0 0 1769 5525; x_wconf 95' lang='lat' dir='ltr'> </span> 
     </span>
    </p>
   </div>
  </div>
 </body>
</html>
