3517 5525
256 369 257 372 Ν
279 429 343 495 700
816 426 927 482 snm·
943 427 973 480 u.
992 419 1084 480 enee

278 627 373 670 maeo.
419 607 497 670 Nam
522 606 660 686 aequatio
683 607 835 687 Tychonie
858 604 1051 669 tumaxime
1079 607 1201 670 minutis
1228 606 1326 669 minor
1352 616 1403 668 est
1424 608 1638 672 peremensa.

278 697 319 759 Et
350 691 451 758 motus¹
475 695 601 775 apogaei
621 693 790 778 ·Tychonici
813 695 994 773 diminutus,
1027 697 1101 759 adeo
1132 705 1167 758 ut
1198 697 1368 758 retrocedat
1399 699 1454 760 sub
1474 698 1540 760 fiais
1561 717 1623 779 per

280 781 299 848 6
324 784 486 847 annuatim.
935 822 937 826 -

367 875 406 934 ll.
439 873 552 940 Locum
576 873 679 934 Lunae
703 891 805 934 verum
829 881 1001 953 computare
1025 891 1082 934 uon
1105 881 1209 953 potest
1230 873 1400 955 quisquam,
1431 873 1487 936 nisi
1511 874 1625 954 quide
1663 913 1667 918 ι

279 962 409 1025 maxima
431 961 513 1025 Solis
543 962 719 1042 aequatione
750 960 797 1022 vel
828 963 893 1024 loco
926 959 1050 1041 apogaei
1079 976 1179 1024 certus
1208 969 1264 1024 est
1311 962 1399 1034 Quod
1430 965 1533 1044 accipe
1558 981 1623 1025 cum

279 1054 334 1113 hac
358 1045 568 1113 distinctione:
593 1051 652 1111 tria
670 1049 876 1131 requimntur,
901 1067 999 1112 motus
1023 1051 1150 1131 simplex
1172 1053 1198 1124 h
1226 1059 1257 1115 et
1279 1049 1332 1127 Θ,
1355 1053 1505 1114 anomalia
1528 1053 1570 1126 J),
1593 1060 1624 1112 et

278 1140 382 1204 tabula
405 1139 623 1220 aequationum.
668 1137 756 1210 Quod
781 1138 994 1221 simplicem)
1020 1140 1140 1214 attinet,
1162 1160 1230 1202 eum
1252 1141 1354 1221 Tycho
1378 1141 1552 1220 expiscatus
1575 1151 1624 1202 est

280 1250 316 1291 ex
337 1227 531 1291 Ptolemeicis
555 1237 586 1288 et
609 1228 671 1289 suis
699 1227 878 1309 eclipsibus,
913 1237 1085 1308 comparato
1118 1228 1274 1309 interjecto
1303 1229 1410 1309 spatio.
1458 1231 1622 1292 Methodus

280 1320 352 1380 haec
375 1326 437 1378 est:
474 1317 505 1378 iu
528 1324 637 1396 puncto
662 1316 783 1397 eclipsis
795 1317 953 1390 „maximae
977 1317 1063 1379 Luna
1085 1326 1133 1379 est
1154 1318 1185 1378 in
1208 1315 1348 1398 opposito
1370 1319 1435 1380 loco
1456 1318 1548 1394 Solis,
1573 1319 1624 1399 qui

280 1417 353 1489 quot
373 1405 526 1468 contiueat
547 1397 659 1485 gradem
682 1405 732 1466 vel
756 1405 868 1467 minuta
891 1406 955 1485 ejus
979 1405 1068 1490 sigui,
1093 1408 1131 1468 ad
1145 1407 1248 1468 Lunae
1271 1407 1405 1468 rationes
1427 1407 1503 1469 nihil
1526 1407 1623 1468 inter-

281 1503 337 1560 est.
385 1493 523 1558 Ceterum
546 1495 604 1555 hoc
627 1493 753 1557 interest
775 1496 814 1556 ad
838 1495 970 1560 rationes
994 1496 1112 1570 Lunae,
1141 1497 1221 1578 quod
1248 1497 1278 1556 in
1304 1496 1425 1559 tabulas
1448 1497 1623 1558 referendus

281 1593 329 1648 est
350 1595 451 1646 motus
465 1584 530 1663 ejus
553 1583 667 1646 medius
691 1604 711 1645 a
733 1583 831 1646 medio
855 1584 920 1646 loco
937 1584 1027 1647 Solis.
1063 1585 1109 1646 At
1130 1585 1245 1646 medius
1269 1592 1300 1646 et
1322 1604 1410 1647 verus
1433 1587 1517 1648 locus
1533 1584 1625 1672 ¹Solis

280 1694 338 1736 nou
363 1673 541 1735 coincidunt.
583 1673 665 1752 Ergo
688 1673 713 1734 si
736 1673 929 1735 Ptolemaeus
954 1683 984 1734 et
1007 1693 1044 1734 er
1067 1692 1102 1734 eo
1126 1674 1228 1755 Tycho
1251 1673 1280 1734 in
1304 1673 1397 1752 priori
1420 1675 1525 1754 eclipsi
1548 1674 1625 1736 hora

283 1758 378 1840 11¹y'„
403 1780 459 1842 quo
483 1769 631 1822 momento
656 1757 713 1822 fuit
728 1761 856 1824 medium
877 1761 1009 1843 deliquii,
1033 1762 1135 1825 dicant
1152 1764 1358 1843 aequationem
1373 1762 1454 1826 Solis
1478 1782 1545 1826 esse
1570 1763 1624 1827 55'

263 1870 319 1936 *ex
341 1852 446 1912 tabula
461 1849 668 1930 aequationem
684 1851 879 1925 Ptolemaios,
903 1851 957 1912 illa
977 1870 1048 1913 vero
1072 1851 1113 1912 sit
1134 1852 1229 1912 minor
1251 1870 1305 1931 per
1332 1849 1369 1913 12
1393 1872 1446 1927 sc,
1469 1852 1625 1932 putabitur

227 1975 230 1980 ·
280 1941 381 2021 utique
404 1958 492 2001 uerus
515 1945 614 2000 motus
637 1939 741 2000 Lunae
764 1959 799 2000 co
824 1948 972 2002 momento
996 1960 1014 2001 a
1037 1939 1119 2002 Solis
1141 1941 1239 2001 medio
1262 1959 1305 2004 sc.
1329 1939 1388 2015 55,
1410 1942 1457 2022 qui
1481 1951 1530 2003 est
1551 1951 1627 2004 tan·

284 2038 348 2092 tum
371 2048 413 2090 ec.
437 2023 501 2091 43¹.
536 2029 642 2108 Itaque
666 2027 724 2088 etsi
744 2027 825 2089 ‘alter
848 2028 992 2090 terminus
1016 2048 1107 2109 penes
1131 2049 1185 2090 uos
1208 2029 1264 2090 rite
1287 2030 1495 2105 constituatur,
1521 2039 1624 2093 tamen
1714 2028 1718 2037 '

282 2119 320 2182 ad
335 2116 501 2180 Ptolemaei
522 2123 659 2197 tempora
682 2117 833 2198 quantitas
852 2118 964 2179 mensis
978 2116 1107 2180 Lunaris
1131 2118 1250 2179 falleret
1271 2136 1325 2196 per
1350 2117 1400 2189 12,
1422 2127 1454 2180 et
1477 2119 1507 2180 in
1531 2119 1623 2200 duplo

177 2210 180 2228 ¹
280 2216 413 2287 tempore
438 2206 492 2268 sub
514 2206 637 2286 Trojam
666 2215 784 2286 captam
813 2225 866 2286 per
896 2203 938 2268 24
968 2214 1000 2268 et
1029 2207 1072 2268 sic
1094 2214 1320 2287 consequenter.
1368 2207 1624 2289 Compensaretur

281 2298 312 2359 id
336 2296 451 2378 quidem
475 2314 528 2374 per
550 2295 755 2376 aequationem
779 2295 902 2369 Lunae,
935 2295 1050 2377 quotics
1072 2296 1176 2357 eadem
1199 2295 1348 2357 anomalia
1375 2298 1504 2374 rediret,
1536 2307 1571 2360 at
1593 2299 1622 2360 iu

283 2385 392 2448 ceteris
416 2383 550 2445 omnibus
574 2383 740 2446 anomaliae
764 2384 837 2445 locis
861 2392 946 2446 tanto
967 2383 1089 2464 gravius
1111 2393 1294 2465 peccaretur.

368 2472 438 2534 Jam
461 2472 539 2553 quod
560 2473 739 2534 anomaliam
754 2473 873 2547 attinet,
897 2472 1028 2535 indidem
1050 2473 1105 2534 illa
1125 2474 1244 2554 petitur,
1271 2473 1348 2534 unde
1371 2481 1403 2535 et
1424 2485 1522 2537 motus
1546 2474 1623 2537 sim-

280 2565 360 2645 plex.
397 2561 449 2624 Ad
470 2571 604 2641 tempora
619 2559 786 2642 Ptolemaei
807 2581 843 2622 ex
866 2561 961 2623 tribus
984 2561 1144 2642 eclipsibus
1161 2561 1352 2624 constituitur
1371 2564 1539 2626 anomaliae
1555 2584 1623 2626 mo·

282 2664 340 2715 tus.
379 2652 510 2730 Itemque
535 2649 572 2710 ad
595 2657 699 2711 nostra
719 2659 853 2729 tempora
871 2650 914 2710 ita
928 2651 1150 2730 comparatione
1164 2651 1307 2731 temporis
1321 2653 1437 2713 medius
1452 2654 1622 2719 anomaliae

283 2749 382 2804 motus
406 2737 531 2817 elicitur.
568 2737 698 2801 Rursum
722 2738 833 2820 itaquo,
857 2739 883 2802 si
899 2739 952 2803 Sol
971 2740 1026 2801 sub
1049 2740 1447 2821 momentum-oppositionis
1470 2751 1634 2806 statuatur

286 2826 344 2894 13⁰
359 2826 419 2891 ¹15¹
442 2828 470 2904 ὅ
496 2846 550 2909 per
573 2828 825 2891 eccentricitatem
849 2829 1039 2905 diminutam,
1068 2839 1138 2891 tunc
1162 2850 1233 2893 sanc
1260 2828 1311 2893 12⁴
1333 2830 1403 2905 illa,
1433 2832 1541 2913 quibus
1565 2835 1623 2895 ab·

264 2917 377 3007 xerrari
393 2918 561 2992 statuimus,
585 2916 826 2980 adscriberentur
840 2918 1010 2999 aequationi
1026 2918 1137 2984 Lunae.
1175 2918 1217 2981 Et
1238 2918 1308 2999 quia
1330 2919 1511 2983 alteraretur
1532 2942 1623 2985 verus

156 3028 167 3045 ⁴
284 3009 349 3089 ejus
377 3015 476 3069 motus
506 3025 704 3087 excessusque
734 3007 798 3087 ejus
831 3026 922 3087 supra
952 3008 1101 3080 medium,
1132 3026 1255 3071 necesse
1287 3015 1371 3069 esset
1401 3010 1498 3090 ipsam
1531 3012 1623 3073 etiam

284 3096 536 3159 eccentricitatem
558 3095 607 3155 vel
631 3114 795 3175 apogaeum
818 3096 950 3158 alterari.
988 3097 1089 3177 Atque
1113 3097 1168 3159 hoc
1192 3117 1264 3158 saue
1287 3098 1404 3160 nomine
1427 3101 1545 3178 gratias
1566 3101 1623 3164 tibi

285 3206 358 3267 ago,
388 3185 467 3266 quod
493 3203 540 3245 me
563 3182 593 3245 in
615 3185 692 3245 hanc
715 3184 982 3246 considerationem
1005 3185 1130 3248 inducis.
1175 3184 1296 3248 Etenim
1324 3206 1378 3267 per
1400 3189 1491 3249 otium
1514 3190 1622 3270 explo-

286 3276 369 3349 rabo,
391 3294 429 3336 an
453 3273 583 3334 notabile
600 3272 711 3354 aliquid
733 3282 873 3353 peccetur
891 3273 921 3334 in
937 3274 1113 3355 aequatione
1127 3276 1230 3337 Lunae
1250 3275 1379 3337 maxima
1401 3277 1621 3353 constituenda,

285 3364 311 3427 si
335 3362 444 3425 alicubi
469 3358 520 3424 12‘
542 3369 661 3441 praeter
679 3362 794 3442 justum
821 3362 954 3423 accedat.
1001 3363 1038 3424 Id
1059 3363 1110 3425 ubi
1139 3364 1183 3426 sic
1212 3364 1322 3426 habere
1346 3365 1570 3445 deprehendero
1592 3377 1623 3428 et

285 3450 442 3528 nbinihilo
460 3451 556 3512 miuus
572 3469 608 3511 ex
621 3447 787 3517 Ptolemaei
803 3450 972 3532 eclipsibus⁴
985 3452 1108 3515 eandem
1132 3452 1309 3535 hypothesin
1333 3464 1508 3517 exstruxere
1533 3476 1622 3537 quam

285 3561 322 3603 ex
344 3539 513 3603 recentibus
537 3539 628 3620 (quod
653 3539 754 3622 Tycho
778 3558 849 3602 saue
873 3540 971 3614 lecit),
993 3559 1047 3620 pro
1071 3549 1153 3603 certo
1178 3543 1343 3613 affirmabo,
1366 3544 1619 3607 eccentricitatem

249 3636 251 3645 ’
285 3638 316 3693 et
338 3630 407 3693 euni
432 3627 663 3709 magnitudinem
687 3635 720 3689 et
741 3622 959 3708 aequinoctium
981 3628 1012 3691 id
1035 3629 1129 3691 luisse
1149 3638 1281 3713 ternpore
1294 3632 1470 3710 Ptolemaei,
1493 3634 1574 3714 qnod
1596 3635 1621 3695 is

283 3719 369 3782 nohis
392 3717 581 3799 assignatum
602 3716 732 3798 reliquit.
778 3717 868 3779 Nihil·
884 3726 936 3779 aut
957 3736 1061 3797 parum
1084 3719 1132 3780 hic
1154 3720 1278 3804 impedit
1303 3740 1378 3795 nos,
1412 3722 1439 3783 si
1467 3722 1496 3783 in
1527 3724 1619 3784 horae

284 3808 384 3890 aliqua
406 3814 490 3888 parte
514 3808 704 3869 aberremus:
735 3813 874 3887 quantum
898 3806 975 3867 enim
999 3807 1029 3868 in
1051 3806 1104 3869 illo
1128 3808 1257 3888 spatiolo
1280 3810 1373 3871 motui
1396 3810 1498 3873 Lunae
1521 3810 1619 3876 medio

284 3895 410 3973 accedit,
433 3895 609 3959 tantundem
626 3896 686 3957 lere
702 3894 819 3957 accedit
842 3902 974 3956 atvero.
1013 3895 1075 3959 Sed
1097 3897 1173 3959 haec
1195 3897 1352 3977 interjicio.
1388 3901 1486 3962 Vides
1508 3908 1618 3976 autem,

284 3986 363 4069 quod
385 3994 482 4048 motus
512 3985 676 4046 anomaliae
708 4002 854 4047 unacum
882 3983 965 4045 m'otu
987 3985 1090 4047 Lunae
1118 3978 1246 4068 simplici
1272 3988 1310 4049 ad
1334 3996 1468 4067 tempora
1491 4011 1520 4053 a.
1546 3989 1616 4053 Chr.

283 4095 358 4157 pene
381 4082 461 4138 totus
485 4074 514 4135 in
537 4073 703 4136 Ptolemaei
726 4073 849 4135 arbitrio
873 4072 1029 4159 consistat.
1526 4111 1529 4118 ·

370 4163 425 4226 III.
460 4162 547 4234 Quod
571 4162 659 4225 tertio
683 4162 813 4224 tabulam
838 4162 1047 4243 aequatiouum
1070 4162 1189 4239 attinet,
1213 4166 1408 4246 aequatioues
1429 4166 1618 4249 Tychonicae

283 4251 431 4319 maximae
453 4248 628 4315 Proteuices
650 4259 767 4314 mutum
794 4248 826 4313 2‘
853 4260 1010 4332 superant,
1042 4271 1083 4315 sc.
1112 4253 1142 4314 in
1165 4248 1226 4317 90⁰
1248 4262 1280 4315 et
1300 4250 1391 4318 270⁰.
1436 4256 1481 4319 At
1502 4258 1533 4319 iu
1557 4253 1619 4319 45⁰

87 4384 105 4399 ·.
198 4407 203 4415 ,
285 4340 454 4405 differentia
475 4349 522 4426 est
547 4339 612 4417 10‘,
637 4342 724 4421 idque
747 4348 869 4421 propter
893 4340 1090 4403 differentiam
1114 4341 1322 4423 hypotheseos.
1370 4344 1444 4408 Cum
1465 4344 1558 4426 igitur
1580 4364 1619 4407 ex

109 4464 114 4473 ·
158 4468 162 4477 ·
200 4430 206 4447 “
284 4430 533 4515 disputationibus
555 4430 629 4493 meis
659 4430 695 4491 de
724 4429 823 4491 causis
854 4430 1071 4509 aequationem¹
1089 4430 1222 4511 physicis
1254 4430 1457 4513 appariturum
1487 4435 1547 4509 sit,
1579 4451 1617 4496 ne

253 4519 484 4605 nychonioam
506 4518 622 4596 quidem
651 4518 864 4579 ordinationem
892 4517 1094 4599 hypotheseos
1122 4538 1174 4581 seu
1202 4522 1433 4601 applicationem
1460 4522 1617 4605 aequantia

262 4630 322 4677 ex
346 4609 424 4672 omui
445 4613 530 4688 parte
553 4614 633 4668 recte
655 4607 785 4669 habere:
818 4608 876 4668 erit
907 4616 937 4668 et
966 4609 1040 4669 haec
1067 4606 1245 4685 revidenda,
1279 4630 1333 4673 uec
1362 4611 1406 4673 illi
1432 4612 1462 4673 iu
1486 4612 1617 4694 antiquis

285 4696 446 4778 eclipsibus
467 4695 661 4776 pertinaciter
683 4696 839 4758 fidendum.
1098 4711 1102 4720 ’

207 4844 211 4852 ,
258 4814 263 4836 ³
371 4786 448 4850 Puto
457 4794 556 4847 autem
568 4786 658 4857 (uunc
669 4784 732 4847 sine
742 4784 866 4858 calculo,
883 4802 921 4845 ex
931 4784 1166 4862 aestimatione),
1177 4783 1304 4849 medinm
1313 4790 1529 4868 quodammodo
1539 4790 1617 4853 inter

283 4875 459 4940 Pmteuicas
482 4881 512 4935 et
525 4872 711 4954 Tychonicas
734 4874 928 4954 aequationes
951 4892 1018 4935 esse
1040 4876 1230 4955 sequendum.
1266 4878 1300 4940 Iu
1323 4879 1492 4941 uuiversum
1514 4880 1618 4941 videor

285 4953 357 5027 mihi
380 4960 442 5049 sine
465 4958 735 5042 auctorisinjuria,
757 4961 816 5028 iuro
834 4963 965 5025 secunda
987 4962 1053 5042 ejus
1068 4965 1221 5028 voluntate
1243 4967 1399 5048 (quantum
1418 4985 1457 5030 ex
1476 4968 1547 5032 lolio
1561 4965 1616 5033 54.
