3517 5525
476 336 1069 449 sementem-enormes
1397 390 1441 465 no

102 564 324 645 mulctata,
347 568 437 652 idque
460 570 492 632 in
514 570 717 653 suspicionem
736 570 819 635 crui
842 571 998 637 instato.
1042 574 1088 637 At
1115 592 1154 637 er
1182 573 1301 637 theoria
1328 572 1440 640 Martie

100 659 125 721 id
142 657 382 721 luculentissime
402 659 524 740 probari
544 667 666 741 potest,
689 660 794 724 Solem
815 662 881 737 (vel
902 662 933 725 in
949 662 1115 745 Copernico
1130 664 1280 741 Terram),
1303 680 1370 734 eum
1394 674 1443 731 est

36 815 37 818 ,
99 750 293 829 ἰηῳοςωο,
322 768 382 811 nou
406 749 455 811 its
475 748 539 811 slte
561 750 742 824 ascendere,
774 750 819 813 uti
840 751 974 815 maxims
997 752 1063 833 ejus
1086 750 1225 835 seqrnio
1247 770 1302 834 per
1326 772 1441 837 suppo·-

36 849 37 858 ’
99 836 224 899 sidonem
246 836 398 919 simplicis
421 838 658 902 eccentrirn'tatis
679 839 822 921 requirit,
854 838 908 903 sed
939 842 1065 905 delicere
1087 850 1207 923 partem
1233 843 1299 923 ejus
1321 840 1443 907 circiter

98 924 213 1000 tetiam
236 944 297 1007 per
310 928 493 1008 positionem
506 927 666 1010 nequantis
680 928 869 992 salvandam.
906 929 1115 1012 Aequaticnes
1129 938 1231 995 tamen
1247 932 1297 995 ubi
1311 934 1441 1000 maxime

98 1015 232 1089 dierunt,
252 1015 287 1077 in
300 1016 454 1079 anomalia
469 1013 560 1092 135⁰,
574 1017 715 1099 scrupulo
728 1036 789 1079 uno
804 1036 871 1081 cum
886 1027 974 1083 sexta
990 1029 1079 1103 parte
1094 1019 1244 1097 differunt,
1260 1020 1336 1084 nilril
1349 1020 1440 1085 ultra.

169 1103 292 1167 Eodem
313 1106 345 1167 in
359 1106 459 1188 capite
473 1124 581 1183 moneo
605 1106 643 1167 de
660 1107 808 1187 peculiari
825 1108 1042 1191 inaequalitate
1070 1110 1291 1175 revolutionum
1312 1110 1443 1175 Veneris

98 1202 123 1253 st
138 1193 299 1271 Mercurii,
328 1196 410 1277 qnod
433 1194 619 1277 Gopemicus
640 1196 685 1258 ait
716 1204 821 1258 conus
842 1205 1048 1261 eccentrorum
1068 1200 1185 1264 revolvi
1208 1200 1239 1263 in
1283 1218 1356 1263 arro
1379 1202 1442 1265 cir-⁴

98 1282 170 1355 cello,
191 1283 320 1364 flerique
344 1292 480 1346 centrum
501 1284 662 1347 eccentriei
681 1286 821 1361 Veneris,
845 1306 913 1349 curn
935 1286 966 1349 in
988 1306 1124 1370 apogaeo
1146 1290 1196 1351 vel
1218 1307 1238 1370 p
1275 1290 1359 1371 'gaen
1382 1298 1440 1368 est,

97 1380 185 1433 cano
207 1372 295 1435 orbis
316 1373 408 1436 annui
430 1374 564 1454 propius,
586 1372 699 1437 cumin
723 1372 800 1437 locis
818 1375 1006 1440 intermediis
1027 1386 1085 1453 est
1107 1378 1263 1455 remotius,
1287 1388 1319 1441 et
1332 1387 1441 1443 eccen-

96 1460 247 1523 tricitstem
269 1464 433 1542 maiorem
466 1470 572 1526 contra
593 1463 738 1525 Mercurii
759 1463 792 1525 in
813 1482 949 1546 apogaeo
978 1474 1011 1529 et
1035 1468 1176 1549 opposito
1198 1468 1266 1531 loco
1289 1470 1442 1532 eccsntri-

98 1551 207 1612 citatem
221 1570 296 1612 esse
309 1552 466 1633 majorem,
480 1550 510 1613 in
524 1550 743 1634 quadrantibus
756 1554 912 1616 minorem.
944 1556 1021 1631 Hcs,
1035 1556 1167 1639 inquam,
1183 1575 1279 1620 noves
1294 1559 1443 1641 iuncone--⁸

36 1705 37 1714 χ
98 1639 187 1700 litatcs
208 1656 276 1701 non
298 1641 424 1703 obscure
445 1640 479 1704 in
502 1640 624 1703 dubium
645 1640 764 1703 vocam
804 1642 841 1707 Id
858 1651 965 1707 autern
988 1646 1076 1727 quale
1099 1646 1142 1708 sit
1163 1652 1195 1708 et
1214 1647 1296 1709 unde
1317 1647 1375 1709 hae
1393 1649 1443 1709 in-

98 1727 291 1809 munitates
312 1729 505 1794 interioribus
526 1730 628 1793 inesse
650 1730 820 1806 videantur,
842 1732 900 1794 hoc
923 1732 990 1814 ipso
1005 1742 1139 1815 tempore
1160 1734 1361 1817 deprehendo,
1384 1756 1443 1818 quo

97 1818 183 1895 Prags
195 1818 309 1883 absum
321 1820 352 1883 in
367 1819 473 1902 Styria
493 1818 694 1882 inmeditatis
715 1838 810 1883 canu
831 1826 1062 1897 (ecnp.v0t1.p.
1076 1828 1160 1899 tta),
1183 1824 1242 1887 nisi
1258 1824 1338 1907 qnod
1353 1824 1441 1888 libris

98 1906 248 1970 intimus
273 1926 415 1971 numeros
443 1908 597 1989 applicare
623 1928 748 1990 nequeo.
794 1910 841 1973 'Pu
870 1928 943 1973 vero
976 1912 1002 1974 si
1031 1912 1154 1975 schema
1176 1914 1285 1977 feceris
1308 1916 1347 1977 ad
1370 1914 1441 1977 irni-

97 1994 228 2057 taticnem
245 1995 421 2079 Gopernici,
442 2006 475 2059 et
490 2016 628 2079 apogaee
642 1997 736 2075 Solis,
759 1997 891 2061 Veneris
905 2008 937 2063 et
950 2001 1096 2065 Mercurii
1113 2002 1312 2079 ordinaveris,
1334 2002 1443 2066 simul-

99 2104 143 2169 que
161 2085 238 2148 dnos
261 2105 320 2168 pro
344 2088 439 2151 Terra
461 2086 590 2149 circnloe
612 2088 746 2163 duxerin,
769 2086 900 2151 alterurn
921 2108 975 2170 pro
998 2089 1051 2153 via
1067 2092 1180 2154 Terrae
1202 2092 1348 2157 hactenus
1371 2112 1442 2156 cre-

98 2176 163 2250 dita,
187 2174 322 2239 alterum
350 2194 389 2238 ex
412 2175 479 2240 Soli
505 2176 646 2258 propiore
667 2186 773 2239 centro
794 2197 849 2259 pro
871 2177 923 2240 vis
946 2180 1059 2243 Terrae
1081 2180 1257 2257 verissima,
1290 2182 1337 2246 cni
1360 2183 1443 2264 prior

98 2263 224 2327 dicineo
246 2265 410 2348 sequentis
432 2265 612 2330 Ptolemaioi
633 2266 782 2329 meerriat
812 2267 898 2339 (narn
929 2268 1128 2331 universalem
1160 2270 1344 2333 theoriarum
1376 2271 1443 2334 sive

98 2354 261 2417 dreulonnn
286 2354 522 2435 planetariorum
544 2354 764 2419 ordinationem
785 2356 867 2418 facie
890 2357 929 2419 ed
951 2357 1151 2420 imitationem
1175 2358 1334 2441 Oopcrniei
1362 2360 1444 2423 circa

98 2442 186 2505 Solem
214 2442 419 2520 immobilem,
450 2442 677 2526 particulariter
708 2464 779 2507 vero
807 2444 945 2509 theonas
973 2447 1109 2527 singulas
1139 2466 1221 2511 more
1243 2450 1442 2527 Ptolemaiou,

98 2533 900 2615 ....
1068 2536 1444 2620 ...

98 2712 143 2774 hos
163 2712 359 2776 existimatae
378 2642 616 2794 rs'aequsn'altii
637 2672 813 2780 luticiorum
832 2644 912 2776 1]ἰίιῖῙῖ
931 2714 1013 2778 aliud
1036 2674 1125 2792 esse,
1146 2734 1235 2799 quarn
1270 2645 1443 2800 piiillaxin

98 2809 226 2878 ermotn,
250 2802 303 2864 vel
322 2821 448 2866 arcemn
470 2810 503 2864 et
514 2821 638 2865 recessu
652 2805 765 2866 Terrae
785 2803 826 2864 ad
842 2805 945 2866 orbem
959 2804 1089 2867 Veneris
1111 2807 1258 2870 hactenus
1281 2826 1341 2870 nnn
1364 2807 1442 2870 satie

99 2893 203 2971 cognito
225 2891 436 2955 monitantem.
481 2892 563 2954 Nam
590 2892 661 2974 quia
690 2911 829 2974 apogaea
850 2893 935 2957 Solis
965 2901 997 2956 et
1018 2895 1151 2958 Veneris
1183 2895 1345 2977 conjuncta
1377 2897 1441 2960 iere

99 2989 157 3042 sent
175 2982 305 3065 ideoque
319 2983 415 3044 Terra
431 2981 538 3045 aSole
553 2981 729 3062 longissime
743 2991 871 3058 remota,
894 3002 960 3046 erun
981 2978 1182 3064 putetur'tarn
1204 2987 1293 3072 longe
1315 2995 1442 3064 remota,

100 3079 226 3152 pmtnm
247 3071 390 3152 postulet
410 3070 495 3134 Solis
517 3071 659 3152 aequatio
680 3071 813 3134 maxims
834 3073 866 3134 in
888 3073 1113 3136 eecentrlcitnte
1137 3073 1277 3156 simplici,
1304 3074 1349 3138 sit
1369 3094 1443 3138 vero

99 3160 182 3222 irrei
202 3160 338 3224 veritste
363 3159 488 3242 propior
509 3159 591 3236 Soli,
622 3159 747 3242 propior
773 3161 869 3223 etiam
898 3161 957 3223 erit
977 3160 1044 3224 orbi
1067 3163 1199 3226 Veneris
1222 3164 1290 3228 Soli
1313 3165 1442 3228 circum·-

99 3249 197 3330 pcsito:
220 3251 328 3332 itaque
351 3248 484 3312 Venerei
505 3249 588 3312 orbis
610 3257 747 3316 centrum
768 3251 809 3312 ad
830 3252 959 3314 Terram
985 3251 1153 3316 accerime
1183 3259 1214 3314 et
1241 3253 1275 3315 iu
1299 3253 1442 3334 oppositu

100 3339 196 3401 Terrae
217 3340 284 3403 aitn
305 3339 345 3402 ab
366 3357 407 3402 ea
426 3339 592 3403 recessisse
619 3338 785 3420 putabitur.
831 3340 881 3402 lta
903 3339 982 3422 qnod
1011 3339 1093 3403 inest
1121 3339 1212 3421 fflobo
1234 3341 1443 3416 'fenestret

101 3426 164 3505 Soli,
184 3430 235 3511 qni
250 3427 385 3492 Veneris
408 3429 511 3491 orbem
533 3435 637 3509 gestet
659 3429 822 3492 secundum
835 3429 1034 3511 l'yclronem),
1056 3430 1089 3491 id
1111 3429 1176 3492 orbi
1190 3431 1321 3494 Veneris
1339 3431 1442 3494 messe

99 3525 226 3598 pristin
260 3517 445 3582 mutrarium
466 3517 579 3580 accidit
599 3518 768 3594 Mercurio,
798 3537 869 3582 uam
897 3519 962 3600 ejus
992 3537 1158 3600 apogaeum
1184 3520 1327 3601 perigaeo
1357 3520 1442 3585 Solii
1551 3523 1557 3536 '

100 3608 209 3689 propius
241 3615 307 3684 est,
339 3627 431 3689 prun
459 3625 606 3689 apogueo.
658 3608 757 3671 Parce
785 3609 904 3684 verbis,
935 3625 1002 3670 cnm
1031 3609 1081 3671 rel
1107 3609 1254 3686 hmtsnus
1283 3609 1442 3677 verborum

100 3695 208 3760 nmium
229 3715 336 3760 coram
355 3697 557 3778 sagacissimo
579 3695 700 3758 homine
723 3697 856 3760 fecerim.
895 3696 972 3772 Osm
989 3697 1083 3778 igitur
1097 3698 1154 3761 hoc
1168 3698 1213 3762 ita
1227 3699 1340 3764 hubent
1361 3701 1443 3762 circa

101 3785 258 3863 plurimes,
280 3788 313 3848 in
333 3805 445 3868 magna
465 3785 655 3849 dubitatione
677 3805 753 3862 snm,
775 3805 816 3848 an
837 3805 944 3850 rerum
959 3787 1001 3850 sit
1012 3787 1050 3848 de
1063 3788 1224 3864 Mercurio,
1248 3789 1328 3871 qnod
1343 3789 1442 3871 genti·

100 3894 158 3938 nrm
177 3877 355 3957 perigaeurn
375 3877 489 3940 habere
510 3875 592 3940 circa
612 3875 750 3939 trientes.
796 3875 833 3939 Si
855 3877 980 3939 schema
1001 3877 1090 3958 quale
1113 3878 1178 3942 diri
1199 3877 1318 3954 facea
1341 3881 1441 3960 apps-

100 3964 167 4027 rebit
184 3965 417 4042 demonstratio,
439 3985 500 4048 qua
522 3968 545 4044 l}
565 3966 598 4028 in
610 3965 710 4046 prino
723 3965 835 4028 triente
847 3965 888 4028 ab
903 3983 1038 4047 spogneo
1056 3967 1202 4047 majorem
1220 3967 1440 4049 digressionem

101 4054 186 4117 facere
207 4055 458 4137 deprehenditur,
490 4074 580 4137 quam
611 4054 643 4118 iu
673 4054 833 4135 perigaeo,
862 4054 895 4118 in
917 4055 1014 4120 altero
1035 4075 1109 4118 vero
1140 4056 1250 4120 triente
1282 4057 1437 4120 minorem.

101 4143 177 4206 Forte
198 4144 230 4208 in
253 4144 308 4208 ille
331 4145 429 4207 altero
451 4163 512 4206 nnn
533 4145 570 4224 fit
591 4143 772 4225 conspicuus
793 4152 930 4208 autnon
954 4152 1076 4208 metant
1090 4145 1195 4210 terrm
1217 4145 1250 4210 in
1263 4147 1441 4226 Ptolemaeo

102 4233 212 4297 aiterim
233 4233 355 4298 trientis
378 4233 621 4310 obmwntiones3
644 4252 721 4315 quae
743 4234 833 4296 facile
854 4235 1028 4316 perqnires,
1061 4253 1118 4315 ego
1142 4236 1207 4316 jam
1230 4233 1316 4298 libris
1339 4253 1438 4299 careo.

101 4323 211 4387 llemini
230 4332 345 4396 tamen,
367 4325 576 4387 Ptolemaeum
596 4322 665 4400 inti
683 4340 723 4386 ex
737 4322 853 4386 duabus
871 4323 1133 4388 observationibus
1151 4325 1241 4405 longe
1262 4324 1442 4388 detentium

103 4431 231 4476 mucram
253 4433 345 4476 unam
366 4412 438 4476 enni
459 4412 630 4476 intermedii
651 4413 817 4489 effinxisse,
847 4433 909 4496 que
935 4414 1088 4476 commode
1110 4409 1287 4490 utereturf)
1333 4416 1439 4496 Itsquc

102 4501 163 4564 nil
181 4522 289 4584 parum
309 4510 412 4566 metuo
433 4523 453 4565 a
472 4503 651 4566 Ptolemaeo
672 4502 705 4564 in
726 4503 785 4565 hoc
804 4501 937 4583 negotio.
982 4502 1090 4578 Adde,
1114 4503 1192 4586 quod
1214 4521 1356 4584 magnum
1378 4505 1439 4566 ali-

105 4591 162 4672 quid
181 4593 273 4656 infert
292 4591 450 4656 inclinatio
471 4591 556 4673 plani
573 4591 766 4656 Mercurialis
782 4591 964 4673 adplenum
985 4592 1154 4674 eclipticas,
1176 4613 1265 4675 quarn
1288 4593 1319 4655 in
1342 4594 1442 4656 forma

104 4679 299 4762 hypothesium
321 4680 480 4764 Copernici
500 4679 604 4744 iuveni
625 4681 771 4762 majorem
790 4681 915 4760 nunni,
939 4700 982 4745 se.
1007 4675 1045 4746 7⁰
1066 4677 1121 4748 45‘
1144 4703 1181 4760 c.,
1204 4681 1341 4766 quamvis
1365 4681 1440 4747 lati-

105 4771 163 4834 iudo
181 4772 251 4836 sisa
269 4790 424 4853 nunqnam
443 4777 532 4834 tanta
553 4771 616 4835 fist.
661 4772 769 4854 linque
798 4771 827 4834 si
848 4767 911 4836 45⁰
930 4791 951 4833 a
972 4771 1051 4835 nodo
1078 4773 1110 4836 in
1141 4773 1271 4839 alterum
1298 4771 1441 4835 trientem

108 4859 285 4944 tiapogaeo
305 4860 431 4936 incidit,
463 4857 515 4924 tt‘
537 4860 685 4924 alteratur
713 4869 856 4944 punctum
886 4859 1043 4941 eclipticas
1072 4861 1259 4944 respondens
1287 4881 1307 4922 s
1328 4865 1441 4940 puncto

36 5028 37 5039 ἵ
108 4949 175 5014 erbis
193 4951 398 5028 Mercurialis,
417 4949 507 5015 lineis
528 4969 569 5012 ex
582 4949 657 5016 Sole
679 4951 806 5028 eductis,
828 4970 905 5034 quae
928 4949 1115 5016 differentiae
1137 4949 1251 5036 aliquid
1274 4949 1384 5032 inferre
1408 4957 1440 5016 et

36 5162 38 5293 l
