3517 5525
798 561 954 626 Sorlbatur
976 561 1053 625 eninr
1077 561 1203 627 circulus
1215 579 1291 625 suess
1312 602 1319 624 2
1343 563 1388 637 11²,
1411 563 1573 628 intervallo
1593 561 1661 638 PB,

708 671 794 734 quem
817 661 901 714 secet
921 653 972 715 PF
994 650 1140 732 producta
1160 653 1192 712 in
1214 629 1252 723 lt,
1273 655 1311 722 ts.
1341 639 1434 716 ‘cum
1454 655 1548 734 igitur
1570 651 1662 724 QAB

574 894 612 953 ³·
710 927 759 983 est
780 921 959 982 elementum
981 919 1097 998 utrique
1119 935 1283 993 commune,
1304 917 1365 983 AO
1386 939 1459 982 vero
1482 922 1530 983 vel
1548 921 1607 984 AF
1629 931 1663 982 et

523 1022 525 1031 ·
709 1009 768 1081 EQ
790 1009 838 1070 vel
861 1008 915 1070 ΕΒ
947 1009 1129 1070 constitutae
1160 1008 1279 1070 tlteruut
1307 1009 1459 1088 aequales.
1504 1009 1566 1073 AN
1587 1009 1662 1072 vero

609 1101 626 1119 ’
656 1131 671 1180 0
712 1107 760 1160 est
789 1097 925 1176 aequalis
956 1097 1140 1176 compositae
1172 1115 1210 1160 ex
1237 1095 1294 1160 EO
1325 1105 1358 1158 et
1387 1099 1444 1160 ΑΡ
1474 1097 1532 1160 bis.
1579 1095 1662 1168 Quia

712 1187 790 1248 enim
811 1185 868 1250 EO
902 1194 1010 1268 aequat
1030 1182 1101 1258 ΑΟ,
1123 1184 1185 1256 AQ
1213 1204 1284 1247 vero
1306 1187 1430 1272 aas?
1461 1196 1573 1269 aequat
1593 1185 1660 1261 ΡΟ,

714 1295 804 1356 qnare
827 1281 858 1338 et
881 1273 939 1338 ΕΟ
961 1294 1027 1338 eum
1042 1273 1098 1337 ΑΡ
1121 1284 1231 1356 aequat
1251 1271 1316 1349 ΡΟ,
1341 1277 1370 1338 h.
1385 1296 1413 1338 a.
1435 1277 1508 1339 PN:
1534 1277 1662 1339 accedat

713 1365 805 1446 igitur
834 1364 873 1426 ad
896 1365 951 1426 ΡΝ
982 1364 1050 1447 ipsa
1071 1363 1128 1433 ΑΡ
1158 1364 1309 1426 secundo:
1340 1373 1408 1428 tota
1427 1366 1487 1429 AN
1518 1366 1661 1447 mquabit

320 1456 377 1522 EO
400 1463 432 1519 et
456 1456 531 1518 duas
554 1451 617 1518 ΑΡ.

835 1610 1034 1674 Probiana
1054 1566 1143 1674 nuru.¹
1193 1621 1201 1631 ·

323 1723 424 1788 Data
451 1716 667 1800 quantitate
700 1715 872 1780 defectus
903 1726 940 1778 et
965 1717 1209 1798 proportione
1239 1716 1509 1780 semidiametri
1531 1719 1659 1782 Lunae

321 1811 367 1873 ad
389 1827 516 1872 arcum
538 1805 710 1869 dimidiae
734 1806 964 1880 durationis,
1005 1806 1168 1869 invenire
1190 1806 1467 1887 proportionem
1495 1809 1658 1887 ejusdem

366 1895 635 1970 semidiametri
666 1897 692 1968 )
720 1897 779 1958 ad·
804 1895 1124 1965 semidiametrum
1157 1895 1303 1958 umbrae
1336 1902 1372 1957 et
1402 1895 1447 1957 ad
1478 1897 1618 1960 latitu-

859 1983 959 2048 dinis
991 1982 1123 2046 areumss

412 2073 511 2137 Datur
532 2071 685 2153 proportio
709 2071 763 2134 OF
786 2080 818 2136 et
840 2075 880 2136 ad
902 2071 957 2135 ΟΕ
980 2073 1146 2146 (schemate
1160 2071 1198 2147 t)
1221 2079 1337 2152 partem
1360 2071 1545 2136 deiicientem
1570 2081 1602 2136 et
1622 2076 1658 2137 ad

324 2165 381 2230 AB
404 2182 505 2226 arcum
528 2161 669 2224 dimidiae
693 2162 866 2226 durationis.
912 2162 1008 2243 lgitur
1030 2163 1207 2242 quadratum
1229 2159 1284 2223 OE
1307 2161 1461 2224 anferatur
1482 2164 1658 2244 aquadrato

323 2255 391 2329 AB,
413 2252 564 2314 residuum
578 2249 809 2315 transformetur
830 2251 859 2313 iu
883 2251 1096 2328 reetaogulnm,
1120 2250 1204 2329 cujus
1227 2249 1352 2312 alterum
1373 2251 1455 2312 latus
1477 2261 1589 2329 aequet
1607 2249 1658 2314 ΕΟ

324 2342 388 2417 bis,
416 2340 560 2422 reliquum
583 2339 662 2402 latus
686 2339 743 2402 erit
764 2341 838 2414 PA,
866 2340 912 2402 cui
942 2340 1071 2402 addatur
1098 2337 1168 2413 ΛΕ,
1198 2339 1366 2401 differentia
1392 2338 1471 2400 inter
1492 2337 1569 2416 Ao,
1589 2340 1657 2416 οΕ;

324 2431 376 2493 vel
400 2429 527 2494 alterum
555 2429 634 2490 lutus
658 2436 766 2516 aequet
786 2428 852 2505 ΕΟ,
876 2429 1020 2509 reliquum
1043 2427 1101 2490 erit
1122 2426 1179 2490 PA
1201 2428 1258 2489 bis.
1308 2423 1389 2498 Quia
1411 2428 1488 2489 euim
1506 2429 1567 2492 BA
1584 2450 1656 2511 qua-

327 2521 444 2583 dratum
467 2525 578 2598 aequat
599 2519 805 2596 reetangulum
828 2537 867 2580 ex
885 2515 941 2580 ΟΕ
963 2526 995 2580 et
1015 2516 1178 2596 composito
1201 2535 1240 2577 ex
1258 2514 1313 2578 ΟΕ
1335 2525 1367 2577 et
1379 2517 1432 2581 PL
1446 2517 1546 2598 duplo,
1570 2539 1656 2600 quare

325 2607 473 2672 communi
500 2605 646 2688 quadrato
669 2605 725 2669 ΟΕ
753 2607 890 2686 euinque
919 2606 1037 2682 ablato,
1075 2606 1258 2686 relinquetur
1293 2604 1353 2668 illie
1387 2604 1556 2670 differentia
1585 2628 1657 2688 qna-

326 2699 479 2760 dratorum
500 2696 558 2759 BA
580 2703 612 2758 et
634 2691 699 2772 ΟΕ,
723 2696 771 2758 hio
795 2694 851 2758 ΟΕ
874 2743 883 2760 .
908 2691 993 2773 2PA,
1019 2696 1065 2759 uel
1087 2692 1143 2756 PA
1167 2741 1175 2758 .
1198 2691 1287 2757 2013.

406 2800 444 2854 sn
465 2802 509 2854 ro
526 2820 562 2847 =
580 2799 622 2853 ar
658 2799 694 2850 2⁴⁴
812 2802 939 2855 nesano
974 2798 1017 2851 ee
1029 2774 1088 2849 'eo‘
1331 2800 1365 2851 ns
1381 2801 1414 2850 ss
1429 2800 1476 2850 as
1493 2797 1538 2851 sc
1557 2800 1612 2851 aar

379 2876 445 2943 ruga
466 2874 511 2925 rs
528 2892 563 2919 =
580 2870 622 2923 ar.
661 2872 676 2922 e
789 2873 962 2941 nogsaumu
999 2870 1087 2923 serso
1358 2870 1496 2938 rogerus.
1540 2870 1611 2923 aaut

463 2939 676 2996 su=1eee
980 2940 1086 2994 tresue
1120 2968 1154 2979 -
1193 2937 1284 2991 raes

430 3012 722 3086 ’1)ἷὲἮῖ
1188 3008 1234 3062 tt.
1254 3010 1288 3061 15
1357 3011 1495 3077 logarlthm.
1524 3010 1613 3065 107ss

1163 3082 1460 3153 W-—
1522 3100 1615 3155 eeeeo

1077 3171 1284 3225 *roano
1354 3172 1663 3255 -3ssrsso—

917 3262 921 3268 ·
1003 3244 1316 3327 nurmrn'o'tsslt‘

820 3384 1029 3450 Theorema
1049 3386 1169 3453 XVIIL

328 3496 367 3561 Si
390 3494 561 3557 circulum
592 3490 763 3571 majorem
795 3492 1024 3573 contigerint
1054 3495 1121 3558 duo
1151 3492 1281 3557 circuli
1310 3481 1469 3557 minores
1492 3495 1593 3559 iuter
1624 3517 1664 3560 se

328 3584 514 3667 aequales,
551 3582 661 3646 alter,
690 3581 802 3657 iutra,
841 3582 938 3644 alter
973 3590 1082 3646 extra
1111 3583 1155 3646 ab
1186 3583 1311 3645 eadem
1344 3580 1455 3661 plaga
1486 3604 1506 3646 a
1538 3595 1665 3649 centro

328 3673 493 3754 majoris,
526 3670 769 3750 counexisque
797 3670 936 3733 centris
967 3672 1143 3735 minorum
1173 3681 1211 3734 at
1240 3690 1318 3733 cnm
1350 3678 1480 3734 centro
1511 3676 1664 3753 majoris

328 3772 366 3826 et
385 3760 483 3823 iuter
504 3778 543 3822 se
564 3778 628 3840 per
649 3768 782 3823 rectam
806 3759 1077 3831 continuatam,
1100 3761 1262 3823 dueatur
1283 3779 1329 3821 ex
1350 3767 1484 3824 centro
1506 3765 1665 3844 majoris

328 3848 659 3934 perpendicularis
681 3847 715 3910 in
740 3848 860 3923 illam,
882 3850 1139 3929 rectangulum
1160 3850 1225 3913 sub
1253 3849 1478 3913 differentia
1498 3851 1664 3928 duarum,

330 3957 422 4022 quae
453 3946 578 4001 centra
606 3936 780 4001 minorum
810 3954 886 4000 cum
914 3946 1041 4001 centro
1073 3940 1227 4019 majoris
1259 3946 1503 4016 connectunt,
1532 3950 1570 4003 et
1601 3943 1666 4005 sub

330 4027 537 4109 composita
559 4034 785 4106 exutrsque,
804 4028 932 4107 J'uueto
956 4028 1139 4106 quadrato
1158 4029 1253 4108 ejus,
1275 4026 1479 4107 quaeinter
1499 4038 1666 4093 centrum

329 4115 526 4181 interioris
550 4116 959 4204 “perpendicularem
981 4119 1136 4197 aequale
1160 4117 1233 4179 erit
1256 4115 1433 4195 quadrato
1455 4118 1549 4197 ejus,
1574 4138 1666 4199 qnae

434 4204 530 4268 iuter
556 4212 717 4267 centrum
745 4202 943 4269 exterioris
966 4212 1002 4267 et
1023 4205 1173 4268 eandem
1195 4204 1558 4285 perpendicularem.

419 4294 495 4358 Vel:
528 4294 555 4356 si
581 4295 661 4357 latus
692 4312 781 4357 uuum
807 4293 952 4372 trianguli
977 4291 1144 4375 rectaugnll
1181 4295 1311 4357 secuerit
1340 4301 1426 4357 recta
1456 4314 1494 4357 ex
1525 4297 1666 4380 opposito

331 4384 450 4464 angulo,
473 4383 653 4463 triangulum
676 4382 771 4445 miuus
800 4382 988 4447 constituens
1010 4384 1089 4446 intra
1111 4383 1226 4464 majus,
1257 4382 1403 4447 communi
1426 4384 1538 4464 angulo
1559 4394 1665 4448 rectu:

330 4472 640 4554 parallelogrammum
669 4474 872 4553 reetangulum
896 4471 951 4534 sub
973 4471 1141 4533 differentia
1173 4472 1425 4555 hypotenusamm
1448 4482 1480 4534 et
1502 4475 1557 4536 sub
1580 4493 1665 4538 com·

332 4560 434 4642 posita
455 4578 493 4621 ex
514 4568 647 4640 utraque,
672 4579 818 4623 unacum
841 4560 986 4643 quadrato
1009 4560 1116 4633 lateris¹
1134 4562 1163 4624 in
1183 4558 1331 4641 triangulo
1354 4560 1467 4640 minori,
1492 4565 1668 4644 aequabunt

333 4648 509 4732 quadratum
532 4647 635 4711 lateris
657 4648 688 4711 in
710 4650 859 4729 triangulo
882 4648 998 4729 majori.
1436 4645 1440 4653 '
1631 4730 1635 4733 ῃ

327 4788 329 4796 .
420 4734 572 4815 'l‘rianguli
594 4737 680 4801 ABD
702 4739 783 4801 latus
804 4738 861 4801 BD
889 4746 1007 4800 secetur
1029 4737 1060 4799 in
1082 4736 1108 4805 Ο
1131 4756 1185 4818 per
1214 4744 1328 4802 rectam
1349 4736 1418 4810 Ao,
1439 4758 1479 4803 ex
1498 4740 1531 4803 A
1551 4743 1665 4821 angulo

335 4825 471 4904 opposito
494 4825 631 4900 ductam,
663 4836 697 4889 ut
719 4825 761 4889 sit
782 4826 878 4889 miuus
901 4830 938 4896 Δ
960 4824 1064 4903 Bac,
1093 4828 1241 4891 communi
1272 4826 1381 4908 angulo
1403 4836 1486 4891 rectu
1507 4830 1554 4892 B:
1580 4831 1664 4893 etin

335 4912 395 4989 AD
419 4913 631 4977 determinetur
661 4914 719 4995 ipsi
739 4914 797 4991 AG
821 4914 955 4998 aequalis
976 4912 1044 4992 AB,
1067 4914 1135 4981 dieo
1164 4916 1368 5001 rectaugulnm
1397 4918 1453 4983 sub
1474 4917 1530 4983 ΕΙ)
1552 4926 1588 4983 et
1609 4919 1665 4983 aab
