3517 5525
608 403 669 458 Pars
688 403 792 472 Quarta.
831 405 913 472 caput
928 405 1006 461 XLV.
1416 405 1482 477 339

129 580 274 644 lrsrsntnr
296 599 424 652 sursum,
447 579 633 644 breviores
624 601 653 644 ru
678 583 775 646 locum
798 582 973 663 longiorum.
1019 588 1126 669 ltaque
1149 588 1316 652 confirmari
1336 577 1520 669 eoepiein‘
1572 664 1576 673 ¹

129 659 183 732 me'
199 689 284 732 error
306 669 382 746 iste,
412 690 498 750 quem
521 687 612 752 supra
634 690 701 751 cap.
724 673 880 736 XXXIX
906 674 1034 739 feliciter
1056 678 1189 740 refutare
1212 697 1378 782 coeperam,
1401 679 1482 764 pla·
1492 673 1497 683 ’
1526 755 1532 768 .

127 758 303 821 notariae
326 760 488 822 virtutis
510 761 661 842 proprium
685 781 763 837 esse,
786 763 928 841 planetae
951 782 1067 868 corpus
1082 768 1112 828 in
1136 768 1264 848 epicycli
1290 763 1399 830 semita
1419 769 1481 830 cir-

128 849 316 912 cumducere.
349 848 383 911 Si
402 849 548 913 diameter
571 849 695 932 epicycli
709 851 768 913 M)
781 851 946 914 mansisset
958 873 1018 933 rpsr
1009 855 1090 919 ΑΒ
1105 857 1321 938 aequidistans,
1344 862 1481 937 poteram

128 937 250 1003 exuisse
274 939 353 1000 hanc
375 957 473 1002 meam
497 939 665 1021 opinionem
679 959 851 1014 erroneam,
876 948 1086 1023 poteramque,
1110 947 1189 1025 quod
1212 954 1262 1008 est
1282 947 1479 1022 verissimum,

127 1045 246 1090 omnem
268 1027 487 1107 promotionem
509 1027 540 1090 in
561 1029 780 1108 longitudinem
806 1029 923 1092 zodiaci
949 1033 1166 1098 transscribere
1188 1033 1265 1110 Soli,
1296 1082 1341 1132 ri
1389 1077 1431 1130 97

125 1115 227 1178 solam
247 1117 388 1202 planetes
411 1118 630 1182 librationem
621 1139 651 1180 ιι
661 1119 779 1182 diamet
766 1127 813 1182 tro
832 1115 869 1199 γζ
884 1110 1062 1202 relinquere,
1085 1124 1143 1185 ιι
1133 1143 1164 1185 ιιι
1178 1133 1265 1205 parte
1333 1097 1422 1190 ¹⁸⁷-

71 1251 74 1256 ·
126 1225 194 1288 cap.
218 1197 374 1270 XXXIX.
421 1205 484 1268 Sed
507 1207 577 1290 quia
600 1209 827 1274 observationes
858 1211 1067 1287 testabantur,
1096 1213 1175 1276 hauc
1201 1213 1322 1282 dia
1391 1277 1395 1282 ,
1584 1270 1589 1279 .

124 1299 257 1359 metrum
289 1295 416 1378 epicycli
448 1295 618 1359 inclinari'
610 1317 641 1360 m
663 1297 900 1377 longitudinibus
922 1300 1049 1376 mediis,
1079 1301 1111 1364 id
1135 1302 1269 1365 admira-
1383 1191 1467 1392 ‘J
1533 1311 1541 1322 '

124 1385 231 1449 biliter
253 1403 301 1447 me
325 1386 512 1450 confirmavit
533 1386 564 1448 iu
588 1400 689 1450 errore
720 1388 778 1448 hoo
805 1383 843 1448 de
870 1396 953 1450 motu
985 1389 1126 1469 planetae
1148 1392 1179 1453 in
1202 1392 1270 1472 ipsa

126 1473 255 1556 epicycli
279 1473 536 1550 circumferentia,
560 1475 646 1556 cujus
666 1484 764 1539 motus
780 1486 864 1540 esset
886 1478 1034 1558 regularis
1052 1499 1072 1540 a
1088 1480 1169 1544 linea
1182 1481 1266 1560 ANy,

126 1583 164 1626 ex
185 1565 218 1626 A
241 1561 313 1625 Sole
336 1583 390 1645 per
412 1565 441 1628 N
466 1573 600 1628 centrum
630 1565 757 1648 epicycli
788 1565 886 1630 eunts'.
933 1567 1045 1648 Cogita
1066 1569 1131 1649 ipse
1160 1570 1267 1643 lector,

124 1659 156 1714 et
178 1653 241 1714 vim
265 1653 434 1733 argumenti
464 1655 696 1733 persentiseesa
717 1655 787 1737 quia
808 1675 869 1717 non
891 1657 996 1736 putavi
1026 1659 1091 1720 fieri
1118 1659 1180 1721 ullo
1203 1659 1264 1721 alio

123 1742 227 1805 medio
249 1759 351 1821 posse,
374 1750 410 1804 ιι
430 1744 572 1824 planetae
595 1745 696 1807 orbita
717 1744 896 1806 redderetur
917 1745 1025 1819 ovalis.

213 1831 299 1893 Haec
326 1831 428 1912 itaque
458 1852 524 1895 cum
554 1833 599 1896 ita
627 1834 722 1896 milri
731 1824 926 1911 incidissent,
964 1836 1056 1916 plane
1086 1853 1236 1898 securus
1232 1836 1280 1906 de
1305 1809 1478 1918 quantitate

123 1921 250 2002 hujus'
241 1936 396 2000 ingressus
424 1922 462 1983 ad
491 1923 603 1998 latera,
634 1923 769 1986 nimirum
793 1923 829 1985 de
852 1943 1001 1997 consensu
1023 1943 1231 2001 numerorum,
1258 1926 1324 2006 jam
1351 1928 1478 1990 altemm

124 2011 161 2072 de
184 2011 286 2072 Marte
319 2011 501 2091 triumphum
535 2011 593 2092 egi.
648 2013 753 2091 Neque
784 2013 856 2096 mibi
884 2013 1006 2076 difficile
1030 2013 1203 2090 videbatur,
1237 2015 1264 2077 si
1287 2017 1358 2099 quid
1381 2016 1478 2079 adbuc
1532 2029 1538 2067 ἴ

121 2100 204 2162 inter
226 2117 365 2162 numeros
389 2108 472 2162 esset
495 2100 672 2176 discordiae,
696 2103 727 2163 id
749 2125 790 2180 eqo
812 2108 1054 2185 προσθαφαιριι
1075 2122 1130 2183 per
1148 2103 1270 2167 minima
1287 2105 1481 2169 circumcirca

122 2189 287 2269 dissipare,
309 2197 344 2251 ιι
366 2189 541 2252 redderetur
563 2191 746 2253 insensibile.
1436 2239 1442 2250 .

193 2277 260 2354 Ac
289 2297 361 2353 uos,
395 2278 471 2341 bone
497 2279 600 2355 lector,
624 2300 680 2361 par
702 2287 752 2343 est
773 2281 924 2361 triumpho
947 2289 1010 2344 tam
1033 2280 1192 2362 splendido
1216 2229 1365 2348 dieculam
1387 2303 1477 2346 unam

121 2367 272 2447 (capita
264 2385 384 2447 mquam
408 2367 567 2464 sequentia
589 2369 733 2452 quinque)
758 2371 930 2449 indulgere,
955 2371 1094 2434 cohibitis
1117 2372 1234 2433 interea
1256 2368 1352 2434 nobas
1374 2373 1476 2435 rebel-

120 2456 210 2518 lionis
234 2456 411 2531 rumoribus,
436 2457 472 2520 ne
497 2465 686 2538 apparatus
685 2460 743 2521 iste
766 2459 854 2520 nobis
877 2461 954 2522 citra
976 2463 1162 2540 voluptatem
1184 2467 1300 2540 pereat.
1347 2460 1381 2523 Si
1405 2461 1477 2544 quid

122 2546 265 2627 deinceps
289 2545 355 2622 erit,
381 2566 435 2609 suo
458 2555 593 2641 tempore
617 2555 649 2611 et
672 2548 775 2610 ordine
797 2567 998 2631 peragemus.
1018 2551 1083 2631 jam
1107 2549 1225 2631 quidem
1249 2551 1380 2641 hilares,
1404 2559 1476 2615 tunc

121 2645 223 2700 autern
246 2635 337 2718 gnavi
361 2643 392 2698 et
415 2636 538 2700 strenui.

732 2903 828 2913 .--—-.-
835 2907 890 2913 .-.-.-

530 3192 536 3203 ,
651 3152 771 3255 Ca'put
800 3150 934 3249 XLVI.

117 3348 281 3429 Qumnodo
305 3347 442 3412 ἅιιιιιιι·
458 3348 562 3430 possit
583 3348 800 3523 lineqsmqsiqtus
823 3348 977 3503 plantatae
997 3368 1039 3413 ee
1061 3346 1209 3454 spissiores
1226 3346 1343 3443 capitis
1355 3348 1477 3427 XLV,

544 3460 548 3467 ·
750 3460 810 3523 qus
832 3458 871 3503 ece
1564 3469 1568 3477 ·

205 3592 316 3677 Capite
347 3596 494 3678 superiori
522 3617 614 3661 causa
644 3597 764 3679 quidem
787 3600 870 3664 dicta
892 3609 954 3671 est,
979 3620 1040 3682 qua
1061 3597 1125 3674 fieri
1147 3600 1260 3680 possit,
1290 3606 1325 3662 ut
1344 3599 1470 3680 planeta

114 3708 135 3751 a
158 3686 296 3749 circulari
330 3687 428 3751 orbita
459 3686 596 3751 aberret:
628 3688 790 3753 delineatio
818 3710 891 3754 vero
921 3688 1105 3771 geometrica
1135 3687 1253 3775 itineris
1282 3688 1386 3771 nequit
1414 3708 1469 3768 per

113 3776 190 3841 illud
208 3775 330 3839 schema
345 3776 487 3857 expediri.
527 3777 607 3844 Nam
626 3778 777 3861 epicyclus
795 3780 957 3843 inclinatur
970 3799 1024 3861 pro
1039 3776 1225 3857 longitudine
1240 3778 1467 3843 distantiarum:
1505 3842 1512 3848 ,

114 3864 328 3930 distantiarum
351 3874 452 3929 autem
478 3866 637 3933 multitudo
667 3878 700 3930 et
725 3869 882 3950 longitudo
905 3868 1040 3931 vicissim
1064 3886 1101 3929 ex
1123 3868 1249 3951 epicycli
1272 3867 1468 3932 conversione

111 3956 235 4039 pendet.
281 3954 324 4017 Et
348 3956 417 4038 quia
438 3975 554 4022 summa
577 3957 787 4021 distantiarum
813 3960 895 4023 inest
916 3958 947 4020 in
969 3958 1060 4037 plano
1084 3957 1223 4033 eecentri,
1247 3962 1282 4018 ιι
1308 3974 1374 4037 cap.
1393 3956 1463 4020 XL'.

115 4047 369 4121 demonstratum,
401 4045 505 4128 nequit
540 4046 632 4127 igitur
661 4046 787 4110 inveniri
824 4068 860 4110 ea
897 4066 1032 4121 summa,
1077 4046 1135 4109 nisi
1168 4045 1320 4128 epicyclus
1356 4046 1406 4109 bic
1432 4047 1465 4112 in

114 4134 314 4199 eecentricum
351 4141 576 4197 transmutetur.
642 4136 700 4199 Est
735 4146 836 4211 autem
869 4137 1106 4199 demonstratum
1143 4153 1208 4215 cap.
1237 4133 1277 4197 Π.
1315 4142 1348 4197 ιι
1374 4155 1468 4218 repe..

112 4224 202 4289 titum
230 4243 294 4304 cap.
324 4224 478 4289 XXXIX.
509 4232 540 4286 et
568 4233 743 4307 usurpatum
774 4246 839 4307 cap.
863 4225 939 4300 XL,
971 4225 1100 4307 quodsi
1123 4225 1273 4287 scribatur
1300 4243 1338 4285 ex
1359 4233 1463 4290 centro

113 4338 135 4378 α
157 4312 364 4377 concentrieus
387 4313 608 4376 semidiametro
625 4316 744 4397 aequali
758 4316 817 4397 ipsi
831 4316 883 4393 βι,
906 4315 995 4396 inque
1014 4333 1050 4377 eo
1065 4313 1217 4395 epicyclus
1240 4313 1462 4379 semidiametro

112 4404 176 4483 αβ;
200 4401 348 4465 scribatur
378 4404 484 4466 deinde
516 4410 618 4465 centro
641 4406 661 4482 β
684 4405 868 4469 eecentricus
892 4408 932 4465 tl
959 4404 1184 4467 eecentricitate
1207 4405 1269 4481 ιβ;
1302 4411 1334 4466 ιι
1355 4413 1463 4487 postea

113 4492 287 4556 dividantur
310 4492 577 4569 circumferentiae,
601 4513 666 4555 cum
686 4493 812 4575 epicycli
835 4501 898 4556 tum
912 4494 1071 4568 eecentrici
1095 4496 1143 4567 di,
1167 4492 1313 4574 inpartes
1328 4494 1459 4557 similes:

113 4582 192 4667 quod
215 4581 377 4646 distantiae
399 4590 577 4663 punctorum
600 4582 755 4661 diuisionis
779 4602 845 4645 cum
867 4582 994 4665 epicycli
1015 4591 1080 4646 tum
1103 4582 1262 4645 eecentrici
1283 4592 1459 4663 asuscepto

111 4679 223 4754 puncto
246 4692 268 4733 ι
288 4672 362 4735 fiant
384 4673 520 4753 utrinque
544 4672 648 4735 eadem
670 4672 867 4753 longitudine.
912 4673 980 4735 Hoc
1001 4672 1184 4754 praemisso,
1207 4691 1274 4735 cum
1296 4690 1363 4751 cap.
1386 4672 1457 4735 XL.

113 4780 168 4844 per
190 4759 428 4843 suppositionem
450 4762 580 4823 eecentri
602 4762 722 4824 facilem
746 4768 777 4823 et
794 4762 915 4843 planam
937 4761 1150 4826 tradiderimus
1173 4760 1458 4825 demonstrationem

113 4850 344 4933 methodumque
365 4851 555 4933 computandi
578 4850 758 4914 distantias:
787 4850 836 4914 hic
858 4871 975 4934 quoque
997 4850 1160 4914 distantias
1186 4870 1243 4916 uos
1265 4852 1297 4914 in
1318 4856 1457 4914 eecentro

114 4940 265 5027 maculari
293 4959 470 5022 possumus,
500 4941 557 5003 etsi
586 4940 742 5024 ponimus,
773 4940 843 5005 illas
866 4948 950 5007 motu
979 4940 1130 5024 aequabili
1161 4940 1287 5024 epicycli
1316 4939 1455 5022 planetae

1184 5044 1246 5097 22*
