<?xml version="1.0" encoding="UTF-8"?>
<!DOCTYPE html PUBLIC "-//W3C//DTD XHTML 1.0 Transitional//EN"
    "http://www.w3.org/TR/xhtml1/DTD/xhtml1-transitional.dtd">
<html xmlns="http://www.w3.org/1999/xhtml" xml:lang="en" lang="en">
 <head>
  <title>
</title>
<meta http-equiv="Content-Type" content="text/html;charset=utf-8" />
  <meta name='ocr-system' content='tesseract 3.04.00' />
  <meta name='ocr-capabilities' content='ocr_page ocr_carea ocr_par ocr_line ocrx_word'/>
</head>
<body>
  <div class='ocr_page' id='page_1' title='image "./joanniskepleria23frisgoog/joanniskepleria23frisgoog_0149.png"; bbox 0 0 3517 5525; ppageno 0'>
   <div class='ocr_carea' id='block_1_1' title="bbox 293 389 1228 463">
    <p class='ocr_par' dir='ltr' id='par_1_1' title="bbox 293 389 1228 463">
     <span class='ocr_line' id='line_1_1' title="bbox 293 389 1228 463; baseline -0.012 -9"><span class='ocrx_word' id='word_1_1' title='bbox 293 392 355 462; x_wconf 77' lang='grc'><strong>138</strong></span> <span class='ocrx_word' id='word_1_2' title='bbox 422 456 429 463; x_wconf 55' lang='grc'><strong>,</strong></span> <span class='ocrx_word' id='word_1_3' title='bbox 821 389 932 457; x_wconf 83' lang='lat' dir='ltr'><strong>Epistola</strong></span> <span class='ocrx_word' id='word_1_4' title='bbox 949 391 1109 445; x_wconf 79' lang='lat' dir='ltr'><strong>dedicatoria.</strong></span> <span class='ocrx_word' id='word_1_5' title='bbox 1224 434 1228 443; x_wconf 94' lang='lat'><em>.</em></span> 
     </span>
    </p>
   </div>
   <div class='ocr_carea' id='block_1_2' title="bbox 275 510 1727 4852">
    <p class='ocr_par' dir='ltr' id='par_1_2' title="bbox 289 510 1639 918">
     <span class='ocr_line' id='line_1_2' title="bbox 983 510 1000 548; baseline 0 0"><span class='ocrx_word' id='word_1_6' title='bbox 983 510 1000 548; x_wconf 70' lang='lat'>0</span> 
     </span>
     <span class='ocr_line' id='line_1_3' title="bbox 289 568 1637 653; baseline -0.002 -17"><span class='ocrx_word' id='word_1_7' title='bbox 289 574 319 636; x_wconf 89' lang='lat' dir='ltr'><strong>iu</strong></span> <span class='ocrx_word' id='word_1_8' title='bbox 352 588 440 652; x_wconf 90' lang='lat' dir='ltr'><strong>quem</strong></span> <span class='ocrx_word' id='word_1_9' title='bbox 463 568 551 632; x_wconf 88' lang='lat' dir='ltr'><strong>Luna</strong></span> <span class='ocrx_word' id='word_1_10' title='bbox 572 568 710 649; x_wconf 89' lang='lat' dir='ltr'><strong>ingressa</strong></span> <span class='ocrx_word' id='word_1_11' title='bbox 734 576 800 646; x_wconf 88' lang='lat' dir='ltr'><strong>est,</strong></span> <span class='ocrx_word' id='word_1_12' title='bbox 832 568 934 633; x_wconf 89' lang='lat' dir='ltr'><strong>ludere</strong></span> <span class='ocrx_word' id='word_1_13' title='bbox 965 572 1045 634; x_wconf 89' lang='lat' dir='ltr'><strong>solet</strong></span> <span class='ocrx_word' id='word_1_14' title='bbox 1074 571 1237 651; x_wconf 78' lang='lat' dir='ltr'><strong>astragalis</strong></span> <span class='ocrx_word' id='word_1_15' title='bbox 1265 572 1361 636; x_wconf 90' lang='lat' dir='ltr'><strong>lusum</strong></span> <span class='ocrx_word' id='word_1_16' title='bbox 1384 570 1583 653; x_wconf 87' lang='lat' dir='ltr'><strong>trigouicnm;</strong></span> <span class='ocrx_word' id='word_1_17' title='bbox 1606 568 1637 633; x_wconf 92' lang='lat' dir='ltr'><strong>iu</strong></span> 
     </span>
     <span class='ocr_line' id='line_1_4' title="bbox 289 618 1636 743; baseline -0.002 -18"><span class='ocrx_word' id='word_1_18' title='bbox 289 664 403 736; x_wconf 83' lang='lat' dir='ltr'>Leone,</span> <span class='ocrx_word' id='word_1_19' title='bbox 427 678 484 741; x_wconf 95' lang='lat' dir='ltr'><strong>quo</strong></span> <span class='ocrx_word' id='word_1_20' title='bbox 500 656 555 721; x_wconf 90' lang='lat' dir='ltr'><strong>Sol</strong></span> <span class='ocrx_word' id='word_1_21' title='bbox 569 658 661 719; x_wconf 89' lang='lat' dir='ltr'><strong>utitur</strong></span> <span class='ocrx_word' id='word_1_22' title='bbox 684 618 825 739; x_wconf 86' lang='lat' dir='ltr'><strong>hospitio,</strong></span> <span class='ocrx_word' id='word_1_23' title='bbox 850 659 1040 723; x_wconf 73' lang='lat' dir='ltr'><strong>familiariter</strong></span> <span class='ocrx_word' id='word_1_24' title='bbox 1062 669 1151 723; x_wconf 89' lang='lat' dir='ltr'><strong>notus</strong></span> <span class='ocrx_word' id='word_1_25' title='bbox 1175 668 1242 737; x_wconf 81' lang='lat' dir='ltr'><strong>est3</strong></span> <span class='ocrx_word' id='word_1_26' title='bbox 1264 660 1320 723; x_wconf 97' lang='lat' dir='ltr'><strong>Ille</strong></span> <span class='ocrx_word' id='word_1_27' title='bbox 1335 663 1460 743; x_wconf 87' lang='lat' dir='ltr'><strong>denique</strong></span> <span class='ocrx_word' id='word_1_28' title='bbox 1476 671 1508 724; x_wconf 88' lang='lat' dir='ltr'><strong>et</strong></span> <span class='ocrx_word' id='word_1_29' title='bbox 1521 661 1636 724; x_wconf 89' lang='lat' dir='ltr'><strong>Arietis</strong></span> 
     </span>
     <span class='ocr_line' id='line_1_5' title="bbox 291 746 1639 865; baseline 0 -53"><span class='ocrx_word' id='word_1_30' title='bbox 291 760 340 815; x_wconf 91' lang='lat' dir='ltr'><strong>est</strong></span> <span class='ocrx_word' id='word_1_31' title='bbox 376 749 522 824; x_wconf 88' lang='lat' dir='ltr'><strong>dominus,</strong></span> <span class='ocrx_word' id='word_1_32' title='bbox 563 746 611 810; x_wconf 93' lang='lat' dir='ltr'><strong>cui</strong></span> <span class='ocrx_word' id='word_1_33' title='bbox 652 747 777 809; x_wconf 75' lang='lat' dir='ltr'>subesse</span> <span class='ocrx_word' id='word_1_34' title='bbox 815 749 947 812; x_wconf 89' lang='lat' dir='ltr'><strong>creditur</strong></span> <span class='ocrx_word' id='word_1_35' title='bbox 969 748 1151 822; x_wconf 84' lang='lat' dir='ltr'><strong>Germania,</strong></span> <span class='ocrx_word' id='word_1_36' title='bbox 1184 751 1331 833; x_wconf 90' lang='lat' dir='ltr'><strong>planeque</strong></span> <span class='ocrx_word' id='word_1_37' title='bbox 1363 770 1541 865; x_wconf 83' lang='lat' dir='ltr'><strong>concurrens</strong></span> <span class='ocrx_word' id='word_1_38' title='bbox 1571 768 1639 813; x_wconf 91' lang='lat' dir='ltr'><strong>cum</strong></span> 
     </span>
     <span class='ocr_line' id='line_1_6' title="bbox 290 836 859 918; baseline -0.007 -15"><span class='ocrx_word' id='word_1_39' title='bbox 290 839 332 903; x_wconf 68' lang='lat' dir='ltr'><strong>S⁸</strong></span> <span class='ocrx_word' id='word_1_40' title='bbox 360 837 404 902; x_wconf 63' lang='grc' dir='ltr'><strong>(3α</strong></span> <span class='ocrx_word' id='word_1_41' title='bbox 430 838 490 899; x_wconf 79' lang='lat' dir='ltr'><strong>Mes</strong></span> <span class='ocrx_word' id='word_1_42' title='bbox 508 837 558 898; x_wconf 74' lang='lat' dir='ltr'><strong>V·</strong></span> <span class='ocrx_word' id='word_1_43' title='bbox 578 836 702 898; x_wconf 92' lang='lat' dir='ltr'><strong>habet</strong></span> <span class='ocrx_word' id='word_1_44' title='bbox 694 837 859 918; x_wconf 84' lang='lat' dir='ltr'><strong>imperium.</strong></span> 
     </span>
    </p>

    <p class='ocr_par' dir='ltr' id='par_1_3' title="bbox 291 924 1727 1365">
     <span class='ocr_line' id='line_1_7' title="bbox 382 924 1635 1010; baseline 0 -21"><span class='ocrx_word' id='word_1_45' title='bbox 382 928 470 989; x_wconf 90' lang='lat' dir='ltr'><strong>Hanc</strong></span> <span class='ocrx_word' id='word_1_46' title='bbox 491 925 584 1007; x_wconf 87' lang='lat' dir='ltr'><strong>igitur</strong></span> <span class='ocrx_word' id='word_1_47' title='bbox 605 924 747 1007; x_wconf 90' lang='lat' dir='ltr'><strong>triumphi</strong></span> <span class='ocrx_word' id='word_1_48' title='bbox 769 934 888 1006; x_wconf 88' lang='lat' dir='ltr'><strong>partem</strong></span> <span class='ocrx_word' id='word_1_49' title='bbox 911 927 955 993; x_wconf 92' lang='lat' dir='ltr'><strong>illi</strong></span> <span class='ocrx_word' id='word_1_50' title='bbox 977 928 1051 993; x_wconf 87' lang='lat' dir='ltr'><strong>licet</strong></span> <span class='ocrx_word' id='word_1_51' title='bbox 1073 936 1233 1010; x_wconf 88' lang='lat' dir='ltr'><strong>occupent,</strong></span> <span class='ocrx_word' id='word_1_52' title='bbox 1258 928 1395 992; x_wconf 88' lang='lat' dir='ltr'><strong>nnllam</strong></span> <span class='ocrx_word' id='word_1_53' title='bbox 1386 928 1461 1010; x_wconf 80' lang='lat' dir='ltr'><strong>ipsis</strong></span> <span class='ocrx_word' id='word_1_54' title='bbox 1477 936 1541 991; x_wconf 86' lang='lat' dir='ltr'><strong>tan</strong></span> <span class='ocrx_word' id='word_1_55' title='bbox 1555 926 1635 990; x_wconf 80' lang='lat' dir='ltr'><strong>festo</strong></span> 
     </span>
     <span class='ocr_line' id='line_1_8' title="bbox 291 1015 1635 1101; baseline -0.003 -20"><span class='ocrx_word' id='word_1_56' title='bbox 291 1019 341 1081; x_wconf 88' lang='lat' dir='ltr'><strong>die</strong></span> <span class='ocrx_word' id='word_1_57' title='bbox 372 1015 490 1080; x_wconf 87' lang='lat' dir='ltr'><strong>rixandi</strong></span> <span class='ocrx_word' id='word_1_58' title='bbox 520 1033 642 1078; x_wconf 88' lang='lat' dir='ltr'><strong>causam</strong></span> <span class='ocrx_word' id='word_1_59' title='bbox 666 1015 832 1079; x_wconf 83' lang='lat' dir='ltr'><strong>exhibebo:</strong></span> <span class='ocrx_word' id='word_1_60' title='bbox 866 1027 1007 1081; x_wconf 90' lang='lat' dir='ltr'><strong>trauseat</strong></span> <span class='ocrx_word' id='word_1_61' title='bbox 1028 1018 1104 1081; x_wconf 89' lang='lat' dir='ltr'><strong>haec</strong></span> <span class='ocrx_word' id='word_1_62' title='bbox 1127 1018 1249 1081; x_wconf 89' lang='lat' dir='ltr'><strong>licentia</strong></span> <span class='ocrx_word' id='word_1_63' title='bbox 1272 1018 1350 1081; x_wconf 90' lang='lat' dir='ltr'><strong>inter</strong></span> <span class='ocrx_word' id='word_1_64' title='bbox 1368 1019 1454 1101; x_wconf 88' lang='lat' dir='ltr'><strong>jocos</strong></span> <span class='ocrx_word' id='word_1_65' title='bbox 1476 1017 1635 1083; x_wconf 85' lang='lat' dir='ltr'><strong>militares.</strong></span> 
     </span>
     <span class='ocr_line' id='line_1_9' title="bbox 291 1105 1637 1190; baseline -0.002 -20"><span class='ocrx_word' id='word_1_66' title='bbox 291 1108 365 1190; x_wconf 92' lang='lat' dir='ltr'><strong>Ipse</strong></span> <span class='ocrx_word' id='word_1_67' title='bbox 395 1105 436 1168; x_wconf 91' lang='lat' dir='ltr'><strong>ad</strong></span> <span class='ocrx_word' id='word_1_68' title='bbox 466 1105 747 1167; x_wconf 82' lang='lat' dir='ltr'><strong>astronomiam</strong></span> <span class='ocrx_word' id='word_1_69' title='bbox 780 1114 897 1182; x_wconf 88' lang='lat' dir='ltr'><strong>vertar,</strong></span> <span class='ocrx_word' id='word_1_70' title='bbox 936 1125 1080 1189; x_wconf 82' lang='lat' dir='ltr'><strong>cumuqne</strong></span> <span class='ocrx_word' id='word_1_71' title='bbox 1111 1106 1283 1189; x_wconf 90' lang='lat' dir='ltr'><strong>triumphali</strong></span> <span class='ocrx_word' id='word_1_72' title='bbox 1306 1108 1459 1184; x_wconf 88' lang='lat' dir='ltr'><strong>invectus,</strong></span> <span class='ocrx_word' id='word_1_73' title='bbox 1492 1105 1637 1190; x_wconf 89' lang='lat' dir='ltr'><strong>reliquam</strong></span> 
     </span>
     <span class='ocr_line' id='line_1_10' title="bbox 292 1193 1727 1279; baseline -0.002 -19"><span class='ocrx_word' id='word_1_74' title='bbox 292 1194 406 1278; x_wconf 89' lang='lat' dir='ltr'><strong>captivi</strong></span> <span class='ocrx_word' id='word_1_75' title='bbox 428 1194 526 1256; x_wconf 84' lang='lat' dir='ltr'><strong>nostri</strong></span> <span class='ocrx_word' id='word_1_76' title='bbox 548 1193 691 1275; x_wconf 84' lang='lat' dir='ltr'><strong>gloriam,</strong></span> <span class='ocrx_word' id='word_1_77' title='bbox 722 1194 793 1257; x_wconf 90' lang='lat' dir='ltr'><strong>mihi</strong></span> <span class='ocrx_word' id='word_1_78' title='bbox 815 1196 1008 1277; x_wconf 85' lang='lat' dir='ltr'><strong>peculiariter</strong></span> <span class='ocrx_word' id='word_1_79' title='bbox 1030 1204 1150 1269; x_wconf 89' lang='lat' dir='ltr'><strong>notam,</strong></span> <span class='ocrx_word' id='word_1_80' title='bbox 1182 1216 1343 1279; x_wconf 89' lang='lat' dir='ltr'><strong>omnesque</strong></span> <span class='ocrx_word' id='word_1_81' title='bbox 1367 1198 1442 1260; x_wconf 92' lang='lat' dir='ltr'><strong>adeo</strong></span> <span class='ocrx_word' id='word_1_82' title='bbox 1465 1195 1538 1259; x_wconf 89' lang='lat' dir='ltr'><strong>belli</strong></span> <span class='ocrx_word' id='word_1_83' title='bbox 1561 1194 1642 1277; x_wconf 88' lang='lat' dir='ltr'><strong>gesti</strong></span> <span class='ocrx_word' id='word_1_84' title='bbox 1723 1268 1727 1274; x_wconf 25' lang='lat'><strong>¹</strong></span> 
     </span>
     <span class='ocr_line' id='line_1_11' title="bbox 292 1282 826 1365; baseline -0.004 -16"><span class='ocrx_word' id='word_1_85' title='bbox 292 1282 480 1365; x_wconf 75' lang='lat' dir='ltr'><strong>contentique</strong></span> <span class='ocrx_word' id='word_1_86' title='bbox 502 1283 636 1346; x_wconf 88' lang='lat' dir='ltr'><strong>rationes</strong></span> <span class='ocrx_word' id='word_1_87' title='bbox 659 1282 826 1365; x_wconf 78' lang='lat' dir='ltr'><strong>explicabo.</strong></span> 
     </span>
    </p>

    <p class='ocr_par' dir='ltr' id='par_1_4' title="bbox 293 1372 1712 1990">
     <span class='ocr_line' id='line_1_12' title="bbox 379 1372 1641 1459; baseline -0.002 -21"><span class='ocrx_word' id='word_1_88' title='bbox 379 1375 484 1455; x_wconf 89' lang='lat' dir='ltr'><strong>Neque</strong></span> <span class='ocrx_word' id='word_1_89' title='bbox 507 1372 586 1435; x_wconf 90' lang='lat' dir='ltr'><strong>enirn</strong></span> <span class='ocrx_word' id='word_1_90' title='bbox 609 1372 674 1435; x_wconf 90' lang='lat' dir='ltr'><strong>sinc</strong></span> <span class='ocrx_word' id='word_1_91' title='bbox 697 1373 808 1436; x_wconf 91' lang='lat' dir='ltr'><strong>honore</strong></span> <span class='ocrx_word' id='word_1_92' title='bbox 832 1375 919 1440; x_wconf 91' lang='lat' dir='ltr'><strong>nobis</strong></span> <span class='ocrx_word' id='word_1_93' title='bbox 942 1380 990 1436; x_wconf 91' lang='lat' dir='ltr'><strong>est</strong></span> <span class='ocrx_word' id='word_1_94' title='bbox 1003 1373 1167 1451; x_wconf 89' lang='lat' dir='ltr'><strong>habendus,</strong></span> <span class='ocrx_word' id='word_1_95' title='bbox 1185 1394 1273 1459; x_wconf 90' lang='lat' dir='ltr'><strong>quem</strong></span> <span class='ocrx_word' id='word_1_96' title='bbox 1291 1383 1431 1438; x_wconf 81' lang='lat' dir='ltr'><strong>aeternus</strong></span> <span class='ocrx_word' id='word_1_97' title='bbox 1441 1372 1641 1454; x_wconf 88' lang='lat' dir='ltr'><strong>mundihujus</strong></span> 
     </span>
     <span class='ocr_line' id='line_1_13' title="bbox 293 1459 1643 1547; baseline -0.003 -20"><span class='ocrx_word' id='word_1_98' title='bbox 293 1464 488 1527; x_wconf 84' lang='lat' dir='ltr'><strong>Architectus</strong></span> <span class='ocrx_word' id='word_1_99' title='bbox 526 1462 748 1544; x_wconf 88' lang='lat' dir='ltr'><strong>communisque</strong></span> <span class='ocrx_word' id='word_1_100' title='bbox 787 1463 919 1527; x_wconf 87' lang='lat' dir='ltr'><strong>siderum</strong></span> <span class='ocrx_word' id='word_1_101' title='bbox 957 1464 1164 1547; x_wconf 88' lang='lat' dir='ltr'><strong>hominumque</strong></span> <span class='ocrx_word' id='word_1_102' title='bbox 1199 1466 1315 1529; x_wconf 88' lang='lat' dir='ltr'><strong>Pater</strong></span> <span class='ocrx_word' id='word_1_103' title='bbox 1345 1464 1367 1527; x_wconf 88' lang='lat' dir='ltr'>J</span> <span class='ocrx_word' id='word_1_104' title='bbox 1376 1482 1447 1527; x_wconf 89' lang='lat' dir='ltr'><strong>ova</strong></span> <span class='ocrx_word' id='word_1_105' title='bbox 1484 1459 1515 1527; x_wconf 91' lang='lat' dir='ltr'><strong>in</strong></span> <span class='ocrx_word' id='word_1_106' title='bbox 1544 1462 1643 1545; x_wconf 90' lang='lat' dir='ltr'><strong>prima</strong></span> 
     </span>
     <span class='ocr_line' id='line_1_14' title="bbox 296 1550 1712 1635; baseline -0.002 -19"><span class='ocrx_word' id='word_1_107' title='bbox 296 1572 452 1635; x_wconf 88' lang='lat' dir='ltr'><strong>corporum</strong></span> <span class='ocrx_word' id='word_1_108' title='bbox 475 1550 704 1631; x_wconf 83' lang='lat' dir='ltr'><strong>aspectabilium</strong></span> <span class='ocrx_word' id='word_1_109' title='bbox 730 1552 843 1616; x_wconf 85' lang='lat' dir='ltr'><strong>locavit</strong></span> <span class='ocrx_word' id='word_1_110' title='bbox 867 1553 947 1629; x_wconf 89' lang='lat' dir='ltr'><strong>acie;</strong></span> <span class='ocrx_word' id='word_1_111' title='bbox 976 1561 1010 1614; x_wconf 87' lang='lat' dir='ltr'><strong>ut</strong></span> <span class='ocrx_word' id='word_1_112' title='bbox 1031 1554 1154 1635; x_wconf 91' lang='lat' dir='ltr'><strong>perenni</strong></span> <span class='ocrx_word' id='word_1_113' title='bbox 1177 1554 1323 1617; x_wconf 89' lang='lat' dir='ltr'><strong>curriculo</strong></span> <span class='ocrx_word' id='word_1_114' title='bbox 1345 1572 1399 1635; x_wconf 90' lang='lat' dir='ltr'><strong>per</strong></span> <span class='ocrx_word' id='word_1_115' title='bbox 1422 1552 1561 1633; x_wconf 82' lang='lat' dir='ltr'><strong>regiones</strong></span> <span class='ocrx_word' id='word_1_116' title='bbox 1585 1570 1640 1614; x_wconf 89' lang='lat' dir='ltr'><strong>ae·</strong></span> <span class='ocrx_word' id='word_1_117' title='bbox 1706 1562 1712 1575; x_wconf 91' lang='grc'>·</span> 
     </span>
     <span class='ocr_line' id='line_1_15' title="bbox 293 1640 1643 1724; baseline -0.005 -14"><span class='ocrx_word' id='word_1_118' title='bbox 293 1644 416 1710; x_wconf 85' lang='lat' dir='ltr'><strong>theresa</strong></span> <span class='ocrx_word' id='word_1_119' title='bbox 449 1640 604 1707; x_wconf 76' lang='lat' dir='ltr'><strong>creatoris</strong></span> <span class='ocrx_word' id='word_1_120' title='bbox 633 1640 681 1703; x_wconf 91' lang='lat' dir='ltr'><strong>sui</strong></span> <span class='ocrx_word' id='word_1_121' title='bbox 710 1642 856 1706; x_wconf 87' lang='lat' dir='ltr'><strong>militaret</strong></span> <span class='ocrx_word' id='word_1_122' title='bbox 885 1641 1019 1723; x_wconf 73' lang='lat' dir='ltr'><strong>gloriose</strong></span> <span class='ocrx_word' id='word_1_123' title='bbox 1051 1642 1257 1724; x_wconf 91' lang='lat' dir='ltr'><strong>hominumque</strong></span> <span class='ocrx_word' id='word_1_124' title='bbox 1287 1652 1404 1707; x_wconf 90' lang='lat' dir='ltr'><strong>mentes</strong></span> <span class='ocrx_word' id='word_1_125' title='bbox 1435 1642 1498 1705; x_wconf 86' lang='lat' dir='ltr'><strong>alte</strong></span> <span class='ocrx_word' id='word_1_126' title='bbox 1526 1640 1643 1723; x_wconf 88' lang='lat' dir='ltr'><strong>sopitas</strong></span> 
     </span>
     <span class='ocr_line' id='line_1_16' title="bbox 294 1729 1643 1814; baseline 0 -22"><span class='ocrx_word' id='word_1_127' title='bbox 294 1741 419 1796; x_wconf 90' lang='lat' dir='ltr'><strong>veterno</strong></span> <span class='ocrx_word' id='word_1_128' title='bbox 441 1729 602 1793; x_wconf 91' lang='lat' dir='ltr'><strong>criminosa</strong></span> <span class='ocrx_word' id='word_1_129' title='bbox 629 1729 768 1810; x_wconf 83' lang='lat' dir='ltr'><strong>ignaviae</strong></span> <span class='ocrx_word' id='word_1_130' title='bbox 798 1732 1047 1813; x_wconf 86' lang='lat' dir='ltr'><strong>ignorantiaeque</strong></span> <span class='ocrx_word' id='word_1_131' title='bbox 1071 1732 1302 1814; x_wconf 85' lang='lat' dir='ltr'><strong>exprobratione</strong></span> <span class='ocrx_word' id='word_1_132' title='bbox 1326 1732 1504 1808; x_wconf 88' lang='lat' dir='ltr'><strong>suscitaret,</strong></span> <span class='ocrx_word' id='word_1_133' title='bbox 1533 1748 1643 1793; x_wconf 83' lang='lat' dir='ltr'><strong>excur-</strong></span> 
     </span>
     <span class='ocr_line' id='line_1_17' title="bbox 297 1818 1642 1903; baseline -0.002 -19"><span class='ocrx_word' id='word_1_134' title='bbox 297 1821 430 1884; x_wconf 90' lang='lat' dir='ltr'><strong>sionibus</strong></span> <span class='ocrx_word' id='word_1_135' title='bbox 453 1820 516 1882; x_wconf 90' lang='lat' dir='ltr'><strong>suis</strong></span> <span class='ocrx_word' id='word_1_136' title='bbox 539 1828 704 1895; x_wconf 87' lang='lat' dir='ltr'><strong>exerceret,</strong></span> <span class='ocrx_word' id='word_1_137' title='bbox 728 1820 815 1903; x_wconf 87' lang='lat' dir='ltr'><strong>inque</strong></span> <span class='ocrx_word' id='word_1_138' title='bbox 839 1822 954 1885; x_wconf 89' lang='lat' dir='ltr'><strong>coelum</strong></span> <span class='ocrx_word' id='word_1_139' title='bbox 976 1820 1016 1885; x_wconf 84' lang='lat' dir='ltr'><strong>ad</strong></span> <span class='ocrx_word' id='word_1_140' title='bbox 1030 1818 1205 1885; x_wconf 85' lang='lat' dir='ltr'><strong>Conditoris</strong></span> <span class='ocrx_word' id='word_1_141' title='bbox 1225 1822 1271 1885; x_wconf 92' lang='lat' dir='ltr'><strong>sui</strong></span> <span class='ocrx_word' id='word_1_142' title='bbox 1290 1821 1395 1886; x_wconf 86' lang='lat' dir='ltr'><strong>laudes</strong></span> <span class='ocrx_word' id='word_1_143' title='bbox 1415 1819 1642 1901; x_wconf 86' lang='lat' dir='ltr'><strong>investigandas</strong></span> 
     </span>
     <span class='ocr_line' id='line_1_18' title="bbox 299 1898 1675 1990; baseline -0.011 -15"><span class='ocrx_word' id='word_1_144' title='bbox 299 1909 442 1975; x_wconf 87' lang='lat' dir='ltr'><strong>irritando</strong></span> <span class='ocrx_word' id='word_1_145' title='bbox 464 1908 663 1990; x_wconf 87' lang='lat' dir='ltr'><strong>pertraheret.</strong></span> <span class='ocrx_word' id='word_1_146' title='bbox 1671 1898 1675 1915; x_wconf 91' lang='lat'>&#39;</span> 
     </span>
    </p>

    <p class='ocr_par' dir='ltr' id='par_1_5' title="bbox 299 1994 1645 2511">
     <span class='ocr_line' id='line_1_19' title="bbox 386 1994 1643 2081; baseline -0.004 -18"><span class='ocrx_word' id='word_1_147' title='bbox 386 1999 445 2063; x_wconf 91' lang='lat' dir='ltr'><strong>Hic</strong></span> <span class='ocrx_word' id='word_1_148' title='bbox 467 2005 516 2061; x_wconf 91' lang='lat' dir='ltr'><strong>est</strong></span> <span class='ocrx_word' id='word_1_149' title='bbox 538 1998 587 2061; x_wconf 93' lang='lat' dir='ltr'><strong>ille</strong></span> <span class='ocrx_word' id='word_1_150' title='bbox 606 1996 835 2079; x_wconf 89' lang='lat' dir='ltr'><strong>potentissimus</strong></span> <span class='ocrx_word' id='word_1_151' title='bbox 859 1997 1063 2063; x_wconf 85' lang='lat' dir='ltr'><strong>inventionum</strong></span> <span class='ocrx_word' id='word_1_152' title='bbox 1084 2000 1281 2063; x_wconf 88' lang='lat' dir='ltr'><strong>humanarum</strong></span> <span class='ocrx_word' id='word_1_153' title='bbox 1294 1998 1449 2062; x_wconf 86' lang='lat' dir='ltr'><strong>Domitor:</strong></span> <span class='ocrx_word' id='word_1_154' title='bbox 1473 1997 1522 2081; x_wconf 91' lang='lat' dir='ltr'><strong>qui</strong></span> <span class='ocrx_word' id='word_1_155' title='bbox 1545 1994 1643 2059; x_wconf 90' lang='lat' dir='ltr'><strong>omni-</strong></span> 
     </span>
     <span class='ocr_line' id='line_1_20' title="bbox 301 2086 1644 2169; baseline -0.003 -16"><span class='ocrx_word' id='word_1_156' title='bbox 301 2091 358 2153; x_wconf 91' lang='lat' dir='ltr'><strong>bus</strong></span> <span class='ocrx_word' id='word_1_157' title='bbox 380 2097 616 2151; x_wconf 82' lang='lat' dir='ltr'><strong>astronomorum</strong></span> <span class='ocrx_word' id='word_1_158' title='bbox 639 2088 736 2150; x_wconf 90' lang='lat' dir='ltr'><strong>irrisis</strong></span> <span class='ocrx_word' id='word_1_159' title='bbox 758 2088 1018 2168; x_wconf 83' lang='lat' dir='ltr'><strong>expeditionibus,</strong></span> <span class='ocrx_word' id='word_1_160' title='bbox 1051 2089 1135 2153; x_wconf 89' lang='lat' dir='ltr'><strong>elisis</strong></span> <span class='ocrx_word' id='word_1_161' title='bbox 1159 2088 1321 2166; x_wconf 88' lang='lat' dir='ltr'><strong>machinis,</strong></span> <span class='ocrx_word' id='word_1_162' title='bbox 1349 2086 1519 2169; x_wconf 88' lang='lat' dir='ltr'><strong>profligatis</strong></span> <span class='ocrx_word' id='word_1_163' title='bbox 1548 2086 1644 2167; x_wconf 90' lang='lat' dir='ltr'><strong>copiis</strong></span> 
     </span>
     <span class='ocr_line' id='line_1_21' title="bbox 299 2176 1645 2257; baseline -0.005 -15"><span class='ocrx_word' id='word_1_164' title='bbox 299 2178 473 2253; x_wconf 86' lang='lat' dir='ltr'><strong>hostilibus,</strong></span> <span class='ocrx_word' id='word_1_165' title='bbox 497 2180 646 2239; x_wconf 87' lang='lat' dir='ltr'><strong>secretum</strong></span> <span class='ocrx_word' id='word_1_166' title='bbox 672 2177 789 2256; x_wconf 90' lang='lat' dir='ltr'><strong>imperii</strong></span> <span class='ocrx_word' id='word_1_167' title='bbox 819 2178 864 2238; x_wconf 87' lang='lat' dir='ltr'><strong>sui</strong></span> <span class='ocrx_word' id='word_1_168' title='bbox 894 2178 1079 2240; x_wconf 89' lang='grc' dir='ltr'>ιιιιιιιι</span> <span class='ocrx_word' id='word_1_169' title='bbox 1032 2186 1079 2240; x_wconf 84' lang='grc' dir='ltr'><strong>ιιι</strong></span> <span class='ocrx_word' id='word_1_170' title='bbox 1080 2198 1113 2241; x_wconf 89' lang='grc' dir='ltr'><strong>ιι</strong></span> <span class='ocrx_word' id='word_1_171' title='bbox 1137 2180 1246 2242; x_wconf 89' lang='lat' dir='ltr'><strong>seculis</strong></span> <span class='ocrx_word' id='word_1_172' title='bbox 1265 2179 1448 2241; x_wconf 89' lang='lat' dir='ltr'><strong>custoditum</strong></span> <span class='ocrx_word' id='word_1_173' title='bbox 1464 2176 1645 2257; x_wconf 81' lang='lat' dir='ltr'><strong>possederat</strong></span> 
     </span>
     <span class='ocr_line' id='line_1_22' title="bbox 299 2267 1642 2348; baseline -0.004 -17"><span class='ocrx_word' id='word_1_174' title='bbox 299 2286 423 2331; x_wconf 88' lang='lat' dir='ltr'><strong>securus</strong></span> <span class='ocrx_word' id='word_1_175' title='bbox 447 2284 612 2345; x_wconf 75' lang='lat' dir='ltr'><strong>sumusque</strong></span> <span class='ocrx_word' id='word_1_176' title='bbox 639 2284 711 2327; x_wconf 89' lang='lat' dir='ltr'><strong>suos</strong></span> <span class='ocrx_word' id='word_1_177' title='bbox 738 2275 916 2329; x_wconf 88' lang='lat' dir='ltr'><strong>exercuerat</strong></span> <span class='ocrx_word' id='word_1_178' title='bbox 938 2267 1104 2330; x_wconf 88' lang='lat' dir='ltr'><strong>liberrimus</strong></span> <span class='ocrx_word' id='word_1_179' title='bbox 1128 2276 1160 2330; x_wconf 88' lang='lat' dir='ltr'><strong>et</strong></span> <span class='ocrx_word' id='word_1_180' title='bbox 1182 2267 1475 2348; x_wconf 89' lang='lat' dir='ltr'><strong>incircumscriptus:</strong></span> <span class='ocrx_word' id='word_1_181' title='bbox 1500 2272 1534 2329; x_wconf 93' lang='lat' dir='ltr'><strong>nt</strong></span> <span class='ocrx_word' id='word_1_182' title='bbox 1549 2283 1642 2346; x_wconf 90' lang='lat' dir='ltr'><strong>prae-</strong></span> 
     </span>
     <span class='ocr_line' id='line_1_23' title="bbox 300 2354 1644 2456; baseline -0.004 -37"><span class='ocrx_word' id='word_1_183' title='bbox 300 2359 419 2438; x_wconf 87' lang='lat' dir='ltr'><strong>cipuam</strong></span> <span class='ocrx_word' id='word_1_184' title='bbox 449 2355 601 2437; x_wconf 88' lang='lat' dir='ltr'><strong>querelam</strong></span> <span class='ocrx_word' id='word_1_185' title='bbox 629 2354 796 2417; x_wconf 90' lang='lat' dir='ltr'><strong>instituerit</strong></span> <span class='ocrx_word' id='word_1_186' title='bbox 828 2364 942 2438; x_wconf 81' lang='lat' dir='ltr'><strong>mystes</strong></span> <span class='ocrx_word' id='word_1_187' title='bbox 969 2356 1020 2418; x_wconf 91' lang='lat' dir='ltr'><strong>ille</strong></span> <span class='ocrx_word' id='word_1_188' title='bbox 1052 2364 1194 2435; x_wconf 89' lang='lat' dir='ltr'><strong>naturae,</strong></span> <span class='ocrx_word' id='word_1_189' title='bbox 1227 2358 1403 2421; x_wconf 90' lang='lat' dir='ltr'><strong>Latinorum</strong></span> <span class='ocrx_word' id='word_1_190' title='bbox 1430 2354 1644 2456; x_wconf 89' lang='lat' dir='ltr'><strong>celeberrimus</strong></span> 
     </span>
     <span class='ocr_line' id='line_1_24' title="bbox 303 2442 1227 2511; baseline -0.002 0"><span class='ocrx_word' id='word_1_191' title='bbox 303 2445 341 2511; x_wconf 85' lang='lat'>0</span> <span class='ocrx_word' id='word_1_192' title='bbox 365 2446 500 2510; x_wconf 85' lang='lat' dir='ltr'><strong>Plinius·</strong></span> <span class='ocrx_word' id='word_1_193' title='bbox 522 2442 662 2507; x_wconf 82' lang='lat' dir='ltr'><strong>hlautis</strong></span> <span class='ocrx_word' id='word_1_194' title='bbox 683 2444 970 2508; x_wconf 80' lang='lat' dir='ltr'><strong>inobscurabile</strong></span> <span class='ocrx_word' id='word_1_195' title='bbox 999 2445 1105 2509; x_wconf 89' lang='lat' dir='ltr'><strong>sidus</strong></span> <span class='ocrx_word' id='word_1_196' title='bbox 1129 2464 1227 2509; x_wconf 88' lang='lat' dir='ltr'><strong>esse.</strong></span> 
     </span>
    </p>

    <p class='ocr_par' dir='ltr' id='par_1_6' title="bbox 300 2531 1648 3954">
     <span class='ocr_line' id='line_1_25' title="bbox 389 2531 1643 2618; baseline -0.005 -19"><span class='ocrx_word' id='word_1_197' title='bbox 389 2536 485 2599; x_wconf 79' lang='lat' dir='ltr'><strong>Fama</strong></span> <span class='ocrx_word' id='word_1_198' title='bbox 505 2541 564 2609; x_wconf 87' lang='lat' dir='ltr'><strong>est,</strong></span> <span class='ocrx_word' id='word_1_199' title='bbox 589 2532 752 2613; x_wconf 82' lang='lat' dir='ltr'><strong>Georgium</strong></span> <span class='ocrx_word' id='word_1_200' title='bbox 765 2531 953 2597; x_wconf 88' lang='lat' dir='ltr'><strong>Joachrmum</strong></span> <span class='ocrx_word' id='word_1_201' title='bbox 977 2532 1189 2612; x_wconf 89' lang='lat' dir='ltr'><strong>Rheticum,</strong></span> <span class='ocrx_word' id='word_1_202' title='bbox 1214 2542 1334 2618; x_wconf 87' lang='lat' dir='ltr'><strong>patrum</strong></span> <span class='ocrx_word' id='word_1_203' title='bbox 1352 2534 1496 2598; x_wconf 89' lang='lat' dir='ltr'><strong>memoria</strong></span> <span class='ocrx_word' id='word_1_204' title='bbox 1514 2550 1572 2595; x_wconf 90' lang='lat' dir='ltr'><strong>nou</strong></span> <span class='ocrx_word' id='word_1_205' title='bbox 1590 2531 1643 2594; x_wconf 88' lang='lat' dir='ltr'><strong>iu-</strong></span> 
     </span>
     <span class='ocr_line' id='line_1_26' title="bbox 301 2621 1644 2704; baseline -0.004 -15"><span class='ocrx_word' id='word_1_206' title='bbox 301 2624 448 2690; x_wconf 88' lang='lat' dir='ltr'><strong>celebrem</strong></span> <span class='ocrx_word' id='word_1_207' title='bbox 472 2621 632 2703; x_wconf 83' lang='lat' dir='ltr'><strong>(loperuici</strong></span> <span class='ocrx_word' id='word_1_208' title='bbox 662 2622 853 2703; x_wconf 90' lang='lat' dir='ltr'><strong>discipulum,</strong></span> <span class='ocrx_word' id='word_1_209' title='bbox 887 2632 919 2685; x_wconf 88' lang='lat' dir='ltr'><strong>et</strong></span> <span class='ocrx_word' id='word_1_210' title='bbox 946 2622 996 2704; x_wconf 92' lang='lat' dir='ltr'><strong>qui</strong></span> <span class='ocrx_word' id='word_1_211' title='bbox 1018 2625 1268 2689; x_wconf 87' lang='lat' dir='ltr'><strong>restaurationem</strong></span> <span class='ocrx_word' id='word_1_212' title='bbox 1292 2624 1494 2687; x_wconf 88' lang='lat' dir='ltr'><strong>astronomiae</strong></span> <span class='ocrx_word' id='word_1_213' title='bbox 1517 2622 1644 2704; x_wconf 91' lang='lat' dir='ltr'><strong>primum</strong></span> 
     </span>
     <span class='ocr_line' id='line_1_27' title="bbox 301 2712 1645 2795; baseline -0.003 -17"><span class='ocrx_word' id='word_1_214' title='bbox 301 2732 394 2778; x_wconf 87' lang='lat' dir='ltr'><strong>ausos</strong></span> <span class='ocrx_word' id='word_1_215' title='bbox 416 2712 637 2794; x_wconf 89' lang='lat' dir='ltr'><strong>concupiscere,</strong></span> <span class='ocrx_word' id='word_1_216' title='bbox 660 2729 730 2775; x_wconf 88' lang='lat' dir='ltr'><strong>mox</strong></span> <span class='ocrx_word' id='word_1_217' title='bbox 751 2732 810 2774; x_wconf 92' lang='lat' dir='ltr'><strong>uon</strong></span> <span class='ocrx_word' id='word_1_218' title='bbox 833 2714 1009 2795; x_wconf 87' lang='lat' dir='ltr'><strong>spernendis</strong></span> <span class='ocrx_word' id='word_1_219' title='bbox 1034 2715 1294 2778; x_wconf 87' lang='lat' dir='ltr'><strong>observationibus</strong></span> <span class='ocrx_word' id='word_1_220' title='bbox 1308 2724 1341 2778; x_wconf 91' lang='lat' dir='ltr'><strong>et</strong></span> <span class='ocrx_word' id='word_1_221' title='bbox 1359 2712 1579 2778; x_wconf 82' lang='lat' dir='ltr'><strong>inventionibus</strong></span> <span class='ocrx_word' id='word_1_222' title='bbox 1594 2712 1645 2774; x_wconf 84' lang='lat' dir='ltr'><strong>al-</strong></span> 
     </span>
     <span class='ocr_line' id='line_1_28' title="bbox 303 2799 1646 2888; baseline -0.003 -20"><span class='ocrx_word' id='word_1_223' title='bbox 303 2807 486 2881; x_wconf 81' lang='lat' dir='ltr'><strong>lectaverat,</strong></span> <span class='ocrx_word' id='word_1_224' title='bbox 510 2803 579 2864; x_wconf 91' lang='lat' dir='ltr'><strong>dum</strong></span> <span class='ocrx_word' id='word_1_225' title='bbox 600 2802 632 2866; x_wconf 91' lang='lat' dir='ltr'><strong>iu</strong></span> <span class='ocrx_word' id='word_1_226' title='bbox 654 2810 737 2864; x_wconf 90' lang='lat' dir='ltr'><strong>motu</strong></span> <span class='ocrx_word' id='word_1_227' title='bbox 759 2803 870 2866; x_wconf 81' lang='lat' dir='ltr'><strong>Martis</strong></span> <span class='ocrx_word' id='word_1_228' title='bbox 893 2803 999 2866; x_wconf 85' lang='lat' dir='ltr'><strong>haeret</strong></span> <span class='ocrx_word' id='word_1_229' title='bbox 1021 2805 1232 2888; x_wconf 86' lang='lat' dir='ltr'><strong>mirabundus,</strong></span> <span class='ocrx_word' id='word_1_230' title='bbox 1262 2823 1357 2886; x_wconf 92' lang='lat' dir='ltr'><strong>neque</strong></span> <span class='ocrx_word' id='word_1_231' title='bbox 1379 2825 1412 2868; x_wconf 91' lang='lat' dir='ltr'><strong>se</strong></span> <span class='ocrx_word' id='word_1_232' title='bbox 1436 2802 1581 2884; x_wconf 88' lang='lat' dir='ltr'><strong>explicat,</strong></span> <span class='ocrx_word' id='word_1_233' title='bbox 1605 2799 1646 2864; x_wconf 87' lang='lat' dir='ltr'><strong>ad</strong></span> 
     </span>
     <span class='ocr_line' id='line_1_29' title="bbox 302 2889 1645 2974; baseline -0.004 -17"><span class='ocrx_word' id='word_1_234' title='bbox 302 2893 395 2957; x_wconf 88' lang='lat' dir='ltr'><strong>Genii</strong></span> <span class='ocrx_word' id='word_1_235' title='bbox 425 2893 472 2956; x_wconf 89' lang='lat' dir='ltr'><strong>sui</strong></span> <span class='ocrx_word' id='word_1_236' title='bbox 503 2889 659 2954; x_wconf 82' lang='lat' dir='ltr'><strong>familiaris</strong></span> <span class='ocrx_word' id='word_1_237' title='bbox 692 2893 843 2955; x_wconf 86' lang='lat' dir='ltr'><strong>oraculum</strong></span> <span class='ocrx_word' id='word_1_238' title='bbox 873 2891 1065 2974; x_wconf 77' lang='lat' dir='ltr'><strong>confugisse,</strong></span> <span class='ocrx_word' id='word_1_239' title='bbox 1104 2902 1171 2956; x_wconf 81' lang='lat' dir='ltr'><strong>sen‘</strong></span> <span class='ocrx_word' id='word_1_240' title='bbox 1189 2895 1254 2974; x_wconf 88' lang='lat' dir='ltr'><strong>ejus</strong></span> <span class='ocrx_word' id='word_1_241' title='bbox 1287 2894 1484 2957; x_wconf 90' lang='lat' dir='ltr'><strong>eruditionem</strong></span> <span class='ocrx_word' id='word_1_242' title='bbox 1516 2891 1558 2965; x_wconf 90' lang='lat' dir='ltr'><strong>(si</strong></span> <span class='ocrx_word' id='word_1_243' title='bbox 1585 2891 1645 2954; x_wconf 90' lang='lat' dir='ltr'><strong>diis</strong></span> 
     </span>
     <span class='ocr_line' id='line_1_30' title="bbox 300 2981 1645 3066; baseline -0.001 -20"><span class='ocrx_word' id='word_1_244' title='bbox 300 2984 418 3066; x_wconf 88' lang='lat' dir='ltr'><strong>placet)</strong></span> <span class='ocrx_word' id='word_1_245' title='bbox 440 2981 658 3062; x_wconf 83' lang='lat' dir='ltr'><strong>exploraturus,</strong></span> <span class='ocrx_word' id='word_1_246' title='bbox 681 2982 745 3044; x_wconf 90' lang='lat' dir='ltr'><strong>sive</strong></span> <span class='ocrx_word' id='word_1_247' title='bbox 766 2983 907 3044; x_wconf 79' lang='grc' dir='ltr'>ιιιιιιιιι</span> <span class='ocrx_word' id='word_1_248' title='bbox 929 2983 1087 3062; x_wconf 89' lang='lat' dir='ltr'><strong>impotenti</strong></span> <span class='ocrx_word' id='word_1_249' title='bbox 1109 2981 1272 3059; x_wconf 90' lang='lat' dir='ltr'><strong>desiderio,</strong></span> <span class='ocrx_word' id='word_1_250' title='bbox 1296 2991 1387 3066; x_wconf 90' lang='lat' dir='ltr'><strong>atque</strong></span> <span class='ocrx_word' id='word_1_251' title='bbox 1409 2983 1458 3045; x_wconf 90' lang='lat' dir='ltr'><strong>hic</strong></span> <span class='ocrx_word' id='word_1_252' title='bbox 1477 2999 1645 3063; x_wconf 85' lang='lat' dir='ltr'><strong>exaspera-</strong></span> 
     </span>
     <span class='ocr_line' id='line_1_31' title="bbox 302 3067 1646 3154; baseline -0.004 -17"><span class='ocrx_word' id='word_1_253' title='bbox 302 3083 365 3137; x_wconf 90' lang='lat' dir='ltr'><strong>tum</strong></span> <span class='ocrx_word' id='word_1_254' title='bbox 396 3072 540 3135; x_wconf 90' lang='lat' dir='ltr'><strong>immitem</strong></span> <span class='ocrx_word' id='word_1_255' title='bbox 565 3079 739 3152; x_wconf 87' lang='lat' dir='ltr'><strong>patronum,</strong></span> <span class='ocrx_word' id='word_1_256' title='bbox 773 3070 932 3151; x_wconf 92' lang='lat' dir='ltr'><strong>importuni</strong></span> <span class='ocrx_word' id='word_1_257' title='bbox 964 3073 1163 3136; x_wconf 86' lang='lat' dir='ltr'><strong>sciscitatoris</strong></span> <span class='ocrx_word' id='word_1_258' title='bbox 1195 3071 1320 3136; x_wconf 88' lang='lat' dir='ltr'><strong>alteruis</strong></span> <span class='ocrx_word' id='word_1_259' title='bbox 1359 3070 1502 3154; x_wconf 88' lang='lat' dir='ltr'><strong>capillitio</strong></span> <span class='ocrx_word' id='word_1_260' title='bbox 1533 3067 1646 3150; x_wconf 89' lang='lat' dir='ltr'><strong>arrepti</strong></span> 
     </span>
     <span class='ocr_line' id='line_1_32' title="bbox 302 3160 1645 3245; baseline -0.006 -17"><span class='ocrx_word' id='word_1_261' title='bbox 302 3170 395 3245; x_wconf 86' lang='lat' dir='ltr'><strong>caput</strong></span> <span class='ocrx_word' id='word_1_262' title='bbox 415 3162 456 3226; x_wconf 86' lang='lat' dir='ltr'><strong>ad</strong></span> <span class='ocrx_word' id='word_1_263' title='bbox 477 3160 634 3226; x_wconf 87' lang='lat' dir='ltr'><strong>imminens</strong></span> <span class='ocrx_word' id='word_1_264' title='bbox 658 3162 782 3242; x_wconf 88' lang='lat' dir='ltr'><strong>laquear</strong></span> <span class='ocrx_word' id='word_1_265' title='bbox 803 3160 968 3239; x_wconf 81' lang='lat' dir='ltr'><strong>addixisse,</strong></span> <span class='ocrx_word' id='word_1_266' title='bbox 992 3163 1156 3244; x_wconf 91' lang='lat' dir='ltr'><strong>iterumque</strong></span> <span class='ocrx_word' id='word_1_267' title='bbox 1181 3161 1296 3226; x_wconf 90' lang='lat' dir='ltr'><strong>dimissi</strong></span> <span class='ocrx_word' id='word_1_268' title='bbox 1319 3179 1427 3243; x_wconf 87' lang='lat' dir='ltr'><strong>corpus</strong></span> <span class='ocrx_word' id='word_1_269' title='bbox 1446 3160 1645 3242; x_wconf 83' lang='lat' dir='ltr'><strong>inpavimen-</strong></span> 
     </span>
     <span class='ocr_line' id='line_1_33' title="bbox 302 3249 1644 3333; baseline -0.004 -16"><span class='ocrx_word' id='word_1_270' title='bbox 302 3262 366 3317; x_wconf 91' lang='lat' dir='ltr'><strong>tum</strong></span> <span class='ocrx_word' id='word_1_271' title='bbox 387 3251 591 3333; x_wconf 88' lang='lat' dir='ltr'><strong>proturbasse,</strong></span> <span class='ocrx_word' id='word_1_272' title='bbox 616 3250 719 3314; x_wconf 89' lang='lat' dir='ltr'><strong>addito</strong></span> <span class='ocrx_word' id='word_1_273' title='bbox 742 3267 906 3330; x_wconf 89' lang='lat' dir='ltr'><strong>responso:</strong></span> <span class='ocrx_word' id='word_1_274' title='bbox 931 3251 1009 3312; x_wconf 92' lang='lat' dir='ltr'><strong>huuc</strong></span> <span class='ocrx_word' id='word_1_275' title='bbox 1032 3271 1100 3314; x_wconf 86' lang='lat' dir='ltr'><strong>esse</strong></span> <span class='ocrx_word' id='word_1_276' title='bbox 1123 3259 1238 3314; x_wconf 91' lang='lat' dir='ltr'><strong>motum</strong></span> <span class='ocrx_word' id='word_1_277' title='bbox 1259 3251 1381 3314; x_wconf 88' lang='lat' dir='ltr'><strong>Martis.</strong></span> <span class='ocrx_word' id='word_1_278' title='bbox 1413 3251 1509 3314; x_wconf 81' lang='lat' dir='ltr'><strong>Fama</strong></span> <span class='ocrx_word' id='word_1_279' title='bbox 1522 3249 1644 3324; x_wconf 87' lang='lat' dir='ltr'><strong>malum,</strong></span> 
     </span>
     <span class='ocr_line' id='line_1_34' title="bbox 302 3339 1646 3426; baseline -0.004 -21"><span class='ocrx_word' id='word_1_280' title='bbox 302 3360 361 3426; x_wconf 86' lang='lat' dir='ltr'><strong>qao</strong></span> <span class='ocrx_word' id='word_1_281' title='bbox 387 3360 446 3406; x_wconf 91' lang='lat' dir='ltr'><strong>nou</strong></span> <span class='ocrx_word' id='word_1_282' title='bbox 473 3341 554 3403; x_wconf 88' lang='lat' dir='ltr'><strong>aliud</strong></span> <span class='ocrx_word' id='word_1_283' title='bbox 576 3339 732 3402; x_wconf 88' lang='lat' dir='ltr'><strong>nocentius</strong></span> <span class='ocrx_word' id='word_1_284' title='bbox 759 3339 856 3402; x_wconf 88' lang='lat' dir='ltr'><strong>honae</strong></span> <span class='ocrx_word' id='word_1_285' title='bbox 881 3341 995 3414; x_wconf 80' lang='lat' dir='ltr'><strong>lamae3</strong></span> <span class='ocrx_word' id='word_1_286' title='bbox 1024 3347 1087 3402; x_wconf 90' lang='lat' dir='ltr'><strong>tarn</strong></span> <span class='ocrx_word' id='word_1_287' title='bbox 1118 3342 1197 3404; x_wconf 91' lang='lat' dir='ltr'><strong>enim</strong></span> <span class='ocrx_word' id='word_1_288' title='bbox 1219 3340 1281 3403; x_wconf 83' lang='lat' dir='ltr'><strong>ficti</strong></span> <span class='ocrx_word' id='word_1_289' title='bbox 1304 3340 1447 3421; x_wconf 89' lang='lat' dir='ltr'><strong>pravique</strong></span> <span class='ocrx_word' id='word_1_290' title='bbox 1471 3348 1564 3402; x_wconf 86' lang='lat' dir='ltr'><strong>tenax</strong></span> <span class='ocrx_word' id='word_1_291' title='bbox 1587 3345 1646 3410; x_wconf 89' lang='lat' dir='ltr'><strong>est,</strong></span> 
     </span>
     <span class='ocr_line' id='line_1_35' title="bbox 303 3428 1645 3515; baseline -0.004 -21"><span class='ocrx_word' id='word_1_292' title='bbox 303 3449 393 3515; x_wconf 71' lang='grc' dir='ltr'>ιιιιι</span> <span class='ocrx_word' id='word_1_293' title='bbox 414 3429 524 3493; x_wconf 85' lang='lat' dir='ltr'><strong>nuncia</strong></span> <span class='ocrx_word' id='word_1_294' title='bbox 545 3428 617 3492; x_wconf 86' lang='lat' dir='ltr'><strong>veri</strong></span> <span class='ocrx_word' id='word_1_295' title='bbox 663 3429 731 3490; x_wconf 90' lang='lat' dir='ltr'><strong>Non</strong></span> <span class='ocrx_word' id='word_1_296' title='bbox 756 3437 804 3490; x_wconf 88' lang='lat' dir='ltr'><strong>est</strong></span> <span class='ocrx_word' id='word_1_297' title='bbox 826 3436 928 3490; x_wconf 89' lang='lat' dir='ltr'><strong>tamen</strong></span> <span class='ocrx_word' id='word_1_298' title='bbox 950 3428 1141 3506; x_wconf 88' lang='lat' dir='ltr'><strong>incredibile,</strong></span> <span class='ocrx_word' id='word_1_299' title='bbox 1171 3429 1330 3492; x_wconf 89' lang='lat' dir='ltr'><strong>Rheticum</strong></span> <span class='ocrx_word' id='word_1_300' title='bbox 1354 3430 1465 3510; x_wconf 90' lang='lat' dir='ltr'><strong>ipsum,</strong></span> <span class='ocrx_word' id='word_1_301' title='bbox 1489 3445 1549 3490; x_wconf 92' lang='lat' dir='ltr'><strong>nou</strong></span> <span class='ocrx_word' id='word_1_302' title='bbox 1574 3445 1645 3489; x_wconf 91' lang='lat' dir='ltr'><strong>suc-</strong></span> 
     </span>
     <span class='ocr_line' id='line_1_36' title="bbox 302 3515 1644 3600; baseline -0.007 -15"><span class='ocrx_word' id='word_1_303' title='bbox 302 3521 477 3586; x_wconf 87' lang='lat' dir='ltr'><strong>oedentibns</strong></span> <span class='ocrx_word' id='word_1_304' title='bbox 518 3515 789 3600; x_wconf 86' lang='lat' dir='ltr'><strong>speculationibus,</strong></span> <span class='ocrx_word' id='word_1_305' title='bbox 826 3518 1007 3580; x_wconf 87' lang='lat' dir='ltr'><strong>conturbato</strong></span> <span class='ocrx_word' id='word_1_306' title='bbox 1045 3519 1152 3600; x_wconf 84' lang='lat' dir='ltr'><strong>spiritu</strong></span> <span class='ocrx_word' id='word_1_307' title='bbox 1189 3519 1412 3581; x_wconf 86' lang='lat' dir='ltr'><strong>consurrexisse</strong></span> <span class='ocrx_word' id='word_1_308' title='bbox 1443 3516 1644 3591; x_wconf 82' lang='lat' dir='ltr'><strong>furibuudum,</strong></span> 
     </span>
     <span class='ocr_line' id='line_1_37' title="bbox 302 3605 1646 3693; baseline -0.006 -19"><span class='ocrx_word' id='word_1_309' title='bbox 302 3619 451 3693; x_wconf 87' lang='lat' dir='ltr'><strong>caputque</strong></span> <span class='ocrx_word' id='word_1_310' title='bbox 491 3607 622 3672; x_wconf 86' lang='lat' dir='ltr'><strong>allisisse</strong></span> <span class='ocrx_word' id='word_1_311' title='bbox 655 3605 695 3666; x_wconf 91' lang='lat' dir='ltr'><strong>ad</strong></span> <span class='ocrx_word' id='word_1_312' title='bbox 722 3606 876 3685; x_wconf 88' lang='lat' dir='ltr'><strong>parietem.</strong></span> <span class='ocrx_word' id='word_1_313' title='bbox 922 3605 1003 3678; x_wconf 82' lang='lat' dir='ltr'><strong>Quid</strong></span> <span class='ocrx_word' id='word_1_314' title='bbox 1026 3609 1132 3670; x_wconf 89' lang='lat' dir='ltr'><strong>mirum</strong></span> <span class='ocrx_word' id='word_1_315' title='bbox 1155 3609 1253 3683; x_wconf 88' lang='lat' dir='ltr'><strong>eninr,</strong></span> <span class='ocrx_word' id='word_1_316' title='bbox 1282 3608 1310 3670; x_wconf 87' lang='lat' dir='ltr'><strong>si</strong></span> <span class='ocrx_word' id='word_1_317' title='bbox 1337 3609 1443 3671; x_wconf 90' lang='lat' dir='ltr'><strong>eadem</strong></span> <span class='ocrx_word' id='word_1_318' title='bbox 1470 3607 1646 3670; x_wconf 90' lang='lat' dir='ltr'><strong>acciderunt</strong></span> 
     </span>
     <span class='ocr_line' id='line_1_38' title="bbox 303 3695 1647 3778; baseline -0.004 -15"><span class='ocrx_word' id='word_1_319' title='bbox 303 3699 449 3776; x_wconf 81' lang='lat' dir='ltr'><strong>Rhetico,</strong></span> <span class='ocrx_word' id='word_1_320' title='bbox 472 3697 588 3759; x_wconf 85' lang='lat' dir='ltr'><strong>Martia</strong></span> <span class='ocrx_word' id='word_1_321' title='bbox 605 3695 812 3775; x_wconf 88' lang='lat' dir='ltr'><strong>provocatori,</strong></span> <span class='ocrx_word' id='word_1_322' title='bbox 841 3715 916 3778; x_wconf 93' lang='lat' dir='ltr'><strong>quae</strong></span> <span class='ocrx_word' id='word_1_323' title='bbox 940 3695 1010 3758; x_wconf 90' lang='lat' dir='ltr'><strong>clim</strong></span> <span class='ocrx_word' id='word_1_324' title='bbox 1035 3695 1070 3760; x_wconf 84' lang='lat' dir='ltr'><strong>O.</strong></span> <span class='ocrx_word' id='word_1_325' title='bbox 1096 3696 1227 3760; x_wconf 89' lang='lat' dir='ltr'><strong>Octavio</strong></span> <span class='ocrx_word' id='word_1_326' title='bbox 1250 3699 1389 3778; x_wconf 85' lang='lat' dir='ltr'><strong>Augusto</strong></span> <span class='ocrx_word' id='word_1_327' title='bbox 1412 3695 1553 3772; x_wconf 82' lang='lat' dir='ltr'><strong>Caesari,</strong></span> <span class='ocrx_word' id='word_1_328' title='bbox 1578 3713 1647 3758; x_wconf 89' lang='lat' dir='ltr'><strong>cum</strong></span> 
     </span>
     <span class='ocr_line' id='line_1_39' title="bbox 302 3783 1648 3866; baseline -0.005 -13"><span class='ocrx_word' id='word_1_329' title='bbox 302 3791 376 3853; x_wconf 89' lang='lat' dir='ltr'><strong>duce</strong></span> <span class='ocrx_word' id='word_1_330' title='bbox 398 3785 545 3859; x_wconf 81' lang='lat' dir='ltr'><strong>Quintilio</strong></span> <span class='ocrx_word' id='word_1_331' title='bbox 569 3784 653 3846; x_wconf 88' lang='lat' dir='ltr'><strong>Varo</strong></span> <span class='ocrx_word' id='word_1_332' title='bbox 680 3783 807 3865; x_wconf 91' lang='lat' dir='ltr'><strong>quinque</strong></span> <span class='ocrx_word' id='word_1_333' title='bbox 830 3785 963 3866; x_wconf 90' lang='lat' dir='ltr'><strong>legiones</strong></span> <span class='ocrx_word' id='word_1_334' title='bbox 982 3785 1183 3866; x_wconf 89' lang='lat' dir='ltr'><strong>perdidisset,</strong></span> <span class='ocrx_word' id='word_1_335' title='bbox 1207 3787 1244 3851; x_wconf 90' lang='lat' dir='ltr'><strong>ab</strong></span> <span class='ocrx_word' id='word_1_336' title='bbox 1263 3787 1350 3850; x_wconf 88' lang='lat' dir='ltr'><strong>hoste</strong></span> <span class='ocrx_word' id='word_1_337' title='bbox 1364 3785 1512 3858; x_wconf 86' lang='lat' dir='ltr'><strong>Arminio,</strong></span> <span class='ocrx_word' id='word_1_338' title='bbox 1536 3783 1648 3848; x_wconf 82' lang='lat' dir='ltr'><strong>hlautis</strong></span> 
     </span>
     <span class='ocr_line' id='line_1_40' title="bbox 303 3872 959 3954; baseline -0.008 -11"><span class='ocrx_word' id='word_1_339' title='bbox 303 3878 400 3942; x_wconf 84' lang='lat' dir='ltr'><strong>nostri</strong></span> <span class='ocrx_word' id='word_1_340' title='bbox 422 3872 595 3940; x_wconf 85' lang='lat' dir='ltr'><strong>Germanici</strong></span> <span class='ocrx_word' id='word_1_341' title='bbox 616 3873 707 3954; x_wconf 90' lang='lat' dir='ltr'><strong>pullo,</strong></span> <span class='ocrx_word' id='word_1_342' title='bbox 731 3875 959 3938; x_wconf 89' lang='lat' dir='ltr'><strong>circumventas.</strong></span> 
     </span>
    </p>

    <p class='ocr_par' dir='ltr' id='par_1_7' title="bbox 275 3961 1650 4672">
     <span class='ocr_line' id='line_1_41' title="bbox 388 3961 1648 4048; baseline -0.006 -18"><span class='ocrx_word' id='word_1_343' title='bbox 388 3966 498 4047; x_wconf 83' lang='lat' dir='ltr'><strong>Atqui,</strong></span> <span class='ocrx_word' id='word_1_344' title='bbox 530 3971 564 4027; x_wconf 90' lang='lat' dir='ltr'><strong>ut</strong></span> <span class='ocrx_word' id='word_1_345' title='bbox 594 3962 625 4025; x_wconf 92' lang='lat' dir='ltr'><strong>in</strong></span> <span class='ocrx_word' id='word_1_346' title='bbox 653 3965 762 4027; x_wconf 88' lang='lat' dir='ltr'><strong>ceteris</strong></span> <span class='ocrx_word' id='word_1_347' title='bbox 790 3964 938 4047; x_wconf 89' lang='lat' dir='ltr'><strong>imperiis,</strong></span> <span class='ocrx_word' id='word_1_348' title='bbox 971 3963 1016 4026; x_wconf 92' lang='lat' dir='ltr'><strong>sio</strong></span> <span class='ocrx_word' id='word_1_349' title='bbox 1043 3963 1091 4028; x_wconf 89' lang='lat' dir='ltr'><strong>hic</strong></span> <span class='ocrx_word' id='word_1_350' title='bbox 1125 3983 1241 4048; x_wconf 91' lang='lat' dir='ltr'><strong>qnoque</strong></span> <span class='ocrx_word' id='word_1_351' title='bbox 1265 3965 1348 4029; x_wconf 89' lang='lat' dir='ltr'><strong>nulla</strong></span> <span class='ocrx_word' id='word_1_352' title='bbox 1370 3983 1402 4028; x_wconf 92' lang='lat' dir='ltr'><strong>re</strong></span> <span class='ocrx_word' id='word_1_353' title='bbox 1426 3963 1522 4045; x_wconf 86' lang='lat' dir='ltr'><strong>magis</strong></span> <span class='ocrx_word' id='word_1_354' title='bbox 1544 3961 1648 4024; x_wconf 87' lang='lat' dir='ltr'><strong>innixa</strong></span> 
     </span>
     <span class='ocr_line' id='line_1_42' title="bbox 303 4050 1648 4136; baseline -0.006 -14"><span class='ocrx_word' id='word_1_355' title='bbox 303 4055 532 4122; x_wconf 88' lang='lat' dir='ltr'><strong>sustentabatur</strong></span> <span class='ocrx_word' id='word_1_356' title='bbox 553 4052 651 4116; x_wconf 88' lang='lat' dir='ltr'><strong>bostis</strong></span> <span class='ocrx_word' id='word_1_357' title='bbox 673 4054 769 4116; x_wconf 89' lang='lat' dir='ltr'><strong>nostri</strong></span> <span class='ocrx_word' id='word_1_358' title='bbox 792 4054 937 4136; x_wconf 86' lang='lat' dir='ltr'><strong>potentia,</strong></span> <span class='ocrx_word' id='word_1_359' title='bbox 963 4071 1051 4135; x_wconf 87' lang='lat' dir='ltr'><strong>quam</strong></span> <span class='ocrx_word' id='word_1_360' title='bbox 1073 4058 1268 4136; x_wconf 89' lang='lat' dir='ltr'><strong>persuasione</strong></span> <span class='ocrx_word' id='word_1_361' title='bbox 1292 4063 1323 4118; x_wconf 88' lang='lat' dir='ltr'><strong>et</strong></span> <span class='ocrx_word' id='word_1_362' title='bbox 1345 4053 1546 4136; x_wconf 89' lang='lat' dir='ltr'><strong>trepidatione</strong></span> <span class='ocrx_word' id='word_1_363' title='bbox 1565 4050 1648 4130; x_wconf 84' lang='lat' dir='ltr'><strong>vulgi</strong></span> 
     </span>
     <span class='ocr_line' id='line_1_43' title="bbox 304 4141 1648 4226; baseline -0.005 -15"><span class='ocrx_word' id='word_1_364' title='bbox 304 4146 473 4212; x_wconf 89' lang='lat' dir='ltr'><strong>hominum:</strong></span> <span class='ocrx_word' id='word_1_365' title='bbox 504 4161 594 4226; x_wconf 87' lang='lat' dir='ltr'><strong>qnam</strong></span> <span class='ocrx_word' id='word_1_366' title='bbox 624 4149 829 4218; x_wconf 72' lang='lat' dir='ltr'><strong>contemnere,</strong></span> <span class='ocrx_word' id='word_1_367' title='bbox 846 4161 966 4224; x_wconf 88' lang='lat' dir='ltr'><strong>semper</strong></span> <span class='ocrx_word' id='word_1_368' title='bbox 996 4162 1052 4224; x_wconf 87' lang='lat' dir='ltr'><strong>ego</strong></span> <span class='ocrx_word' id='word_1_369' title='bbox 1084 4144 1164 4208; x_wconf 91' lang='lat' dir='ltr'><strong>viam</strong></span> <span class='ocrx_word' id='word_1_370' title='bbox 1197 4146 1237 4208; x_wconf 90' lang='lat' dir='ltr'><strong>ad</strong></span> <span class='ocrx_word' id='word_1_371' title='bbox 1260 4143 1418 4209; x_wconf 86' lang='lat' dir='ltr'><strong>victoriam</strong></span> <span class='ocrx_word' id='word_1_372' title='bbox 1441 4161 1509 4206; x_wconf 89' lang='lat' dir='ltr'><strong>esse</strong></span> <span class='ocrx_word' id='word_1_373' title='bbox 1530 4141 1648 4223; x_wconf 87' lang='lat' dir='ltr'><strong>putavi.</strong></span> 
     </span>
     <span class='ocr_line' id='line_1_44' title="bbox 305 4231 1649 4318; baseline -0.005 -19"><span class='ocrx_word' id='word_1_374' title='bbox 305 4235 424 4318; x_wconf 81' lang='lat' dir='ltr'><strong>Quippe</strong></span> <span class='ocrx_word' id='word_1_375' title='bbox 451 4251 518 4298; x_wconf 89' lang='lat' dir='ltr'><strong>curn</strong></span> <span class='ocrx_word' id='word_1_376' title='bbox 545 4251 643 4296; x_wconf 88' lang='lat' dir='ltr'><strong>essem</strong></span> <span class='ocrx_word' id='word_1_377' title='bbox 671 4231 702 4294; x_wconf 93' lang='lat' dir='ltr'><strong>in</strong></span> <span class='ocrx_word' id='word_1_378' title='bbox 728 4233 785 4296; x_wconf 90' lang='lat' dir='ltr'><strong>hoc</strong></span> <span class='ocrx_word' id='word_1_379' title='bbox 812 4240 939 4298; x_wconf 87' lang='lat' dir='ltr'><strong>naturae</strong></span> <span class='ocrx_word' id='word_1_380' title='bbox 966 4234 1086 4297; x_wconf 89' lang='lat' dir='ltr'><strong>theatro</strong></span> <span class='ocrx_word' id='word_1_381' title='bbox 1109 4234 1302 4299; x_wconf 83' lang='lat' dir='ltr'><strong>mediocriter</strong></span> <span class='ocrx_word' id='word_1_382' title='bbox 1323 4239 1478 4296; x_wconf 86' lang='lat' dir='ltr'><strong>versatus:</strong></span> <span class='ocrx_word' id='word_1_383' title='bbox 1501 4231 1576 4295; x_wconf 92' lang='lat' dir='ltr'><strong>illud</strong></span> <span class='ocrx_word' id='word_1_384' title='bbox 1600 4249 1649 4293; x_wconf 89' lang='lat' dir='ltr'><strong>me</strong></span> 
     </span>
     <span class='ocr_line' id='line_1_45' title="bbox 304 4318 1649 4404; baseline -0.005 -15"><span class='ocrx_word' id='word_1_385' title='bbox 304 4345 361 4389; x_wconf 90' lang='lat' dir='ltr'><strong>usu</strong></span> <span class='ocrx_word' id='word_1_386' title='bbox 381 4323 528 4404; x_wconf 88' lang='lat' dir='ltr'><strong>magistro</strong></span> <span class='ocrx_word' id='word_1_387' title='bbox 561 4320 701 4386; x_wconf 88' lang='lat' dir='ltr'><strong>didicisse</strong></span> <span class='ocrx_word' id='word_1_388' title='bbox 730 4323 949 4404; x_wconf 82' lang='lat' dir='ltr'><strong>persuadebat,</strong></span> <span class='ocrx_word' id='word_1_389' title='bbox 980 4341 1038 4384; x_wconf 91' lang='lat' dir='ltr'><strong>uon</strong></span> <span class='ocrx_word' id='word_1_390' title='bbox 1066 4324 1191 4388; x_wconf 88' lang='lat' dir='ltr'><strong>multum</strong></span> <span class='ocrx_word' id='word_1_391' title='bbox 1213 4325 1342 4398; x_wconf 87' lang='lat' dir='ltr'><strong>distare,</strong></span> <span class='ocrx_word' id='word_1_392' title='bbox 1377 4330 1411 4386; x_wconf 89' lang='lat' dir='ltr'><strong>ut</strong></span> <span class='ocrx_word' id='word_1_393' title='bbox 1437 4321 1586 4386; x_wconf 89' lang='lat' dir='ltr'><strong>hominem</strong></span> <span class='ocrx_word' id='word_1_394' title='bbox 1609 4318 1649 4383; x_wconf 89' lang='lat' dir='ltr'><strong>ab</strong></span> 
     </span>
     <span class='ocr_line' id='line_1_46' title="bbox 307 4409 1648 4494; baseline -0.004 -15"><span class='ocrx_word' id='word_1_395' title='bbox 307 4413 435 4489; x_wconf 82' lang='lat' dir='ltr'><strong>homine,</strong></span> <span class='ocrx_word' id='word_1_396' title='bbox 459 4411 504 4475; x_wconf 88' lang='lat' dir='ltr'><strong>sle</strong></span> <span class='ocrx_word' id='word_1_397' title='bbox 526 4429 622 4494; x_wconf 88' lang='lat' dir='ltr'><strong>neque</strong></span> <span class='ocrx_word' id='word_1_398' title='bbox 645 4410 765 4474; x_wconf 86' lang='lat' dir='ltr'><strong>stellam</strong></span> <span class='ocrx_word' id='word_1_399' title='bbox 787 4433 806 4475; x_wconf 91' lang='lat' dir='ltr'><strong>a</strong></span> <span class='ocrx_word' id='word_1_400' title='bbox 829 4412 927 4488; x_wconf 89' lang='lat' dir='ltr'><strong>stella,</strong></span> <span class='ocrx_word' id='word_1_401' title='bbox 951 4411 1070 4475; x_wconf 90' lang='lat' dir='ltr'><strong>hostem</strong></span> <span class='ocrx_word' id='word_1_402' title='bbox 1094 4414 1132 4475; x_wconf 89' lang='lat' dir='ltr'><strong>ab</strong></span> <span class='ocrx_word' id='word_1_403' title='bbox 1155 4415 1263 4476; x_wconf 89' lang='lat' dir='ltr'><strong>hoste:</strong></span> <span class='ocrx_word' id='word_1_404' title='bbox 1288 4431 1379 4494; x_wconf 89' lang='lat' dir='ltr'><strong>quare</strong></span> <span class='ocrx_word' id='word_1_405' title='bbox 1402 4429 1461 4474; x_wconf 90' lang='lat' dir='ltr'><strong>non</strong></span> <span class='ocrx_word' id='word_1_406' title='bbox 1484 4409 1574 4474; x_wconf 85' lang='lat' dir='ltr'><strong>facile</strong></span> <span class='ocrx_word' id='word_1_407' title='bbox 1597 4429 1648 4474; x_wconf 90' lang='lat' dir='ltr'><strong>re·</strong></span> 
     </span>
     <span class='ocr_line' id='line_1_47' title="bbox 305 4497 1650 4588; baseline -0.007 -18"><span class='ocrx_word' id='word_1_408' title='bbox 305 4503 480 4588; x_wconf 80' lang='lat' dir='ltr'><strong>aipieudum.</strong></span> <span class='ocrx_word' id='word_1_409' title='bbox 499 4518 680 4575; x_wconf 86' lang='lat' dir='ltr'><strong>sermonem,</strong></span> <span class='ocrx_word' id='word_1_410' title='bbox 710 4502 759 4585; x_wconf 88' lang='lat' dir='ltr'><strong>qul</strong></span> <span class='ocrx_word' id='word_1_411' title='bbox 786 4503 824 4564; x_wconf 93' lang='lat' dir='ltr'><strong>de</strong></span> <span class='ocrx_word' id='word_1_412' title='bbox 854 4503 954 4584; x_wconf 85' lang='lat' dir='ltr'><strong>gentis</strong></span> <span class='ocrx_word' id='word_1_413' title='bbox 981 4501 1116 4583; x_wconf 89' lang='lat' dir='ltr'><strong>ejusdem</strong></span> <span class='ocrx_word' id='word_1_414' title='bbox 1142 4501 1296 4566; x_wconf 84' lang='lat' dir='ltr'><strong>individuo</strong></span> <span class='ocrx_word' id='word_1_415' title='bbox 1319 4519 1377 4565; x_wconf 93' lang='lat' dir='ltr'><strong>uuo</strong></span> <span class='ocrx_word' id='word_1_416' title='bbox 1399 4509 1514 4565; x_wconf 87' lang='lat' dir='ltr'><strong>temere</strong></span> <span class='ocrx_word' id='word_1_417' title='bbox 1537 4497 1650 4582; x_wconf 89' lang='lat' dir='ltr'><strong>aliquid</strong></span> 
     </span>
     <span class='ocr_line' id='line_1_48' title="bbox 275 4589 649 4672; baseline -0.019 -12"><span class='ocrx_word' id='word_1_418' title='bbox 275 4598 281 4610; x_wconf 91' lang='grc'><em>“</em></span> <span class='ocrx_word' id='word_1_419' title='bbox 305 4594 458 4659; x_wconf 84' lang='lat' dir='ltr'><strong>insolitum</strong></span> <span class='ocrx_word' id='word_1_420' title='bbox 479 4589 649 4672; x_wconf 83' lang='lat' dir='ltr'><strong>sparsisset.</strong></span> 
     </span>
    </p>

    <p class='ocr_par' dir='ltr' id='par_1_8' title="bbox 308 4675 1649 4852">
     <span class='ocr_line' id='line_1_49' title="bbox 394 4675 1649 4764; baseline -0.004 -19"><span class='ocrx_word' id='word_1_421' title='bbox 394 4679 547 4764; x_wconf 83' lang='lat' dir='ltr'><strong>Imprimis</strong></span> <span class='ocrx_word' id='word_1_422' title='bbox 568 4697 639 4742; x_wconf 85' lang='lat' dir='ltr'><strong>vero</strong></span> <span class='ocrx_word' id='word_1_423' title='bbox 663 4677 814 4743; x_wconf 86' lang='lat' dir='ltr'><strong>laudanda</strong></span> <span class='ocrx_word' id='word_1_424' title='bbox 835 4679 883 4743; x_wconf 93' lang='lat' dir='ltr'><strong>hic</strong></span> <span class='ocrx_word' id='word_1_425' title='bbox 907 4687 955 4743; x_wconf 88' lang='lat' dir='ltr'><strong>est</strong></span> <span class='ocrx_word' id='word_1_426' title='bbox 977 4679 1168 4764; x_wconf 86' lang='lat' dir='ltr'><strong>Tychonis</strong></span> <span class='ocrx_word' id='word_1_427' title='bbox 1191 4680 1334 4756; x_wconf 90' lang='lat' dir='ltr'><strong>Brahe,</strong></span> <span class='ocrx_word' id='word_1_428' title='bbox 1359 4679 1443 4743; x_wconf 88' lang='lat' dir='ltr'><strong>ducis</strong></span> <span class='ocrx_word' id='word_1_429' title='bbox 1466 4679 1496 4741; x_wconf 92' lang='lat' dir='ltr'><strong>in</strong></span> <span class='ocrx_word' id='word_1_430' title='bbox 1514 4679 1571 4741; x_wconf 88' lang='lat' dir='ltr'><strong>hac</strong></span> <span class='ocrx_word' id='word_1_431' title='bbox 1590 4675 1649 4740; x_wconf 89' lang='lat' dir='ltr'><strong>mi-</strong></span> 
     </span>
     <span class='ocr_line' id='line_1_50' title="bbox 308 4767 1648 4852; baseline -0.009 -12"><span class='ocrx_word' id='word_1_432' title='bbox 308 4774 377 4841; x_wconf 79' lang='lat' dir='ltr'><strong>litia</strong></span> <span class='ocrx_word' id='word_1_433' title='bbox 398 4770 505 4838; x_wconf 87' lang='lat' dir='ltr'><strong>summi</strong></span> <span class='ocrx_word' id='word_1_434' title='bbox 528 4767 700 4851; x_wconf 83' lang='lat' dir='ltr'><strong>diligentia3</strong></span> <span class='ocrx_word' id='word_1_435' title='bbox 724 4769 773 4852; x_wconf 94' lang='lat' dir='ltr'><strong>qui</strong></span> <span class='ocrx_word' id='word_1_436' title='bbox 795 4769 996 4834; x_wconf 88' lang='lat' dir='ltr'><strong>Friderici</strong></span> <span class='ocrx_word' id='word_1_437' title='bbox 1018 4771 1065 4833; x_wconf 87' lang='lat' dir='ltr'><strong>IL</strong></span> <span class='ocrx_word' id='word_1_438' title='bbox 1089 4778 1120 4832; x_wconf 89' lang='lat' dir='ltr'><strong>et</strong></span> <span class='ocrx_word' id='word_1_439' title='bbox 1144 4767 1370 4835; x_wconf 85' lang='lat' dir='ltr'><strong>Christiani</strong></span> <span class='ocrx_word' id='word_1_440' title='bbox 1393 4767 1510 4832; x_wconf 89' lang='lat' dir='ltr'><strong>Daniae</strong></span> <span class='ocrx_word' id='word_1_441' title='bbox 1522 4767 1648 4847; x_wconf 87' lang='lat' dir='ltr'><strong>Regum,</strong></span> 
     </span>
    </p>
   </div>
   <div class='ocr_carea' id='block_1_3' title="bbox 310 4857 1746 4944">
    <p class='ocr_par' dir='ltr' id='par_1_9' title="bbox 310 4857 1746 4944">
     <span class='ocr_line' id='line_1_51' title="bbox 310 4857 1746 4944; baseline -0.007 -14"><span class='ocrx_word' id='word_1_442' title='bbox 310 4866 491 4944; x_wconf 80' lang='lat' dir='ltr'><strong>tandemque</strong></span> <span class='ocrx_word' id='word_1_443' title='bbox 522 4867 555 4924; x_wconf 88' lang='lat' dir='ltr'><strong>et</strong></span> <span class='ocrx_word' id='word_1_444' title='bbox 576 4857 633 4922; x_wconf 72' lang='lat' dir='ltr'><strong>su</strong></span> <span class='ocrx_word' id='word_1_445' title='bbox 651 4857 710 4922; x_wconf 73' lang='lat'><strong>0⁸⁹</strong></span> <span class='ocrx_word' id='word_1_446' title='bbox 726 4859 794 4922; x_wconf 77' lang='lat' dir='ltr'><strong>Mus</strong></span> <span class='ocrx_word' id='word_1_447' title='bbox 812 4860 874 4922; x_wconf 60' lang='lat' dir='ltr'><strong>Vn</strong></span> <span class='ocrx_word' id='word_1_448' title='bbox 900 4859 1059 4940; x_wconf 85' lang='lat' dir='ltr'><strong>auspiciis,</strong></span> <span class='ocrx_word' id='word_1_449' title='bbox 1091 4877 1168 4940; x_wconf 90' lang='lat' dir='ltr'><strong>pene</strong></span> <span class='ocrx_word' id='word_1_450' title='bbox 1196 4857 1346 4922; x_wconf 88' lang='lat' dir='ltr'><strong>continuis</strong></span> <span class='ocrx_word' id='word_1_451' title='bbox 1376 4857 1484 4940; x_wconf 87' lang='lat' dir='ltr'><strong>viginti</strong></span> <span class='ocrx_word' id='word_1_452' title='bbox 1507 4872 1651 4920; x_wconf 89' lang='lat' dir='ltr'><strong>annorum</strong></span> <span class='ocrx_word' id='word_1_453' title='bbox 1742 4909 1746 4920; x_wconf 79' lang='grc'>.</span> 
     </span>
    </p>
   </div>
   <div class='ocr_carea' id='block_1_4' title="bbox 310 4945 1650 5034">
    <p class='ocr_par' dir='ltr' id='par_1_10' title="bbox 310 4945 1650 5034">
     <span class='ocr_line' id='line_1_52' title="bbox 310 4945 1650 5034; baseline -0.005 -15"><span class='ocrx_word' id='word_1_454' title='bbox 310 4954 456 5034; x_wconf 64' lang='lat' dir='ltr'><strong>woibor,</strong></span> <span class='ocrx_word' id='word_1_455' title='bbox 475 4967 579 5018; x_wconf 86' lang='lat' dir='ltr'><strong>omues</strong></span> <span class='ocrx_word' id='word_1_456' title='bbox 599 4947 686 5014; x_wconf 87' lang='lat' dir='ltr'><strong>nobis</strong></span> <span class='ocrx_word' id='word_1_457' title='bbox 707 4949 804 5014; x_wconf 88' lang='lat' dir='ltr'><strong>hostis</strong></span> <span class='ocrx_word' id='word_1_458' title='bbox 826 4949 915 5033; x_wconf 87' lang='lat' dir='ltr'><strong>hujus</strong></span> <span class='ocrx_word' id='word_1_459' title='bbox 937 4947 1167 5016; x_wconf 84' lang='lat' dir='ltr'><strong>consuetudines</strong></span> <span class='ocrx_word' id='word_1_460' title='bbox 1182 4948 1362 5032; x_wconf 85' lang='lat' dir='ltr'><strong>exploravit,</strong></span> <span class='ocrx_word' id='word_1_461' title='bbox 1384 4965 1501 5014; x_wconf 83' lang='lat' dir='ltr'><strong>omnem</strong></span> <span class='ocrx_word' id='word_1_462' title='bbox 1524 4945 1650 5012; x_wconf 83' lang='lat' dir='ltr'><strong>militiae</strong></span> 
     </span>
    </p>
   </div>
   <div class='ocr_carea' id='block_1_5' title="bbox 0 0 1779 5525">
    <p class='ocr_par' dir='ltr' id='par_1_11' title="bbox 0 0 1779 5525">
     <span class='ocr_line' id='line_1_53' title="bbox 0 0 1779 5525; baseline 0 0"><span class='ocrx_word' id='word_1_463' title='bbox 0 0 1779 5525; x_wconf 95' lang='lat' dir='ltr'><strong> </strong></span> 
     </span>
    </p>
   </div>
  </div>
 </body>
</html>
