3517 5525
251 375 318 489 aas
367 472 373 483 ,
728 422 896 479 nenena
919 376 1119 481 44444444.
1157 424 1160 431 ’

251 595 455 679 41444’14414;
486 600 541 665 sed
563 600 774 666 alterationem
797 604 921 667 adducit
942 604 972 667 in
997 606 1133 671 omnibus
1155 604 1252 670 tribus
1276 580 1479 687 superioribus
1503 602 1604 669 sebsi-

251 692 361 769 bilem,
391 693 467 754 adeo
490 699 525 754 ut
552 692 680 773 angulus
712 693 899 756 differentiae
932 694 963 756 in
983 696 1148 774 11441441
1182 692 1218 759 1⁰
1240 692 1294 761 45⁴
1317 698 1386 766 (444)
1415 695 1601 759 excrescat“

114 759 121 773 ‘
252 778 508 847 (44444441)
529 777 585 840 44.)

341 854 425 917 Idem
448 853 552 915 eodem
575 854 741 933 tempore
731 874 763 915 1n
785 854 952 936 appendice
975 856 1014 917 41
1036 856 1259 921 Μ441444144
1289 876 1343 919 444
1369 856 1540 920 narratione
1564 856 1602 926 (14

129 980 134 991 ·
168 964 172 972 ·
253 945 315 1006 4414
348 941 457 1005 4441114
488 942 676 1024 perstrinxit
730 944 795 1007 Nec
826 944 921 1007 multo
953 944 1014 1007 alia
1043 946 1145 1007 verba
1165 952 1246 1008 tomo
1279 946 1302 1015 1.
1335 945 1616 1030 Epistolarum·
1687 986 1693 997 ·

210 1108 216 1119 ι
253 1033 317 1096 141.
327 1028 402 1100 209.
417 1028 459 1106 ¹5¹)
483 1031 532 1093 nbi
556 1030 724 1106 existimat,
747 1052 841 1095 causa
863 1019 1097 1097 444441414144414
1120 1034 1278 1111 Solarls
1270 1036 1430 1099 immisceri
1454 1035 1605 1118 quandam
1637 1072 1639 1077 ·
1746 1082 1749 1089 .

251 1120 500 1203 inaequalitatem
522 1119 614 1182 etiam
642 1120 801 1183 eccentrici
829 1122 1058 1203 aequationibus
1091 1132 1122 1185 et
1151 1134 1192 1187 444
1169 1124 1258 1189 tibus
1282 1124 1492 1209 aoronychiis3
1525 1124 1606 1207 qnod

249 1219 338 1293 parte
359 1211 458 1313 prima
478 1208 644 1275 refutatum
665 1211 785 1291 quidem
807 1219 872 1287 444,
896 1231 956 1275 444
977 1206 1200 1279 44144144414
1223 1215 1300 1277 41444
1308 1214 1530 1307 'acrouycbios
1553 1213 1604 1275 441

252 1308 333 1363 certe
356 1295 1603 1387 (4141444444114411414114444444444444114444444441444144441444444
1622 1300 1626 1310 '

251 1390 415 1453 lationibus
430 1388 549 1452 1144414
572 1408 639 1451 cum
661 1388 734 1451 Sole
756 1389 886 1471 intelligi
910 1391 1028 1453 debere.
1184 1400 1187 1411 '
1301 1398 1313 1455 ,’
1617 1412 1621 1421 ’
1649 1384 1655 1395 ’

339 1480 410 1543 Jam
431 1485 522 1553 tum,
529 1490 595 1540 com
613 1477 725 1540 orbem
747 1497 876 1542 annuum
901 1480 1036 1543 audirem
1062 1470 1171 1562 augeri
1188 1480 1349 1566 minuique,
1373 1481 1508 1544 dictabat
1527 1480 1604 1545 mihi

253 1569 378 1651 genius,
402 1566 434 1629 id
455 1567 638 1648 phantasma
660 1566 730 1631 oriri
744 1586 791 1629 444
814 1587 868 1643 eo,
892 1568 971 1651 quod
994 1570 1075 1637 orbis
1099 1592 1214 1643 annuus
1238 1570 1441 1652 Gopernicl
1464 1571 1512 1633 vel
1534 1569 1603 1651 epi·
1635 1639 1638 1645 ,

253 1659 371 1743 cyclus
376 1656 592 1721 Ptolemaei
615 1676 674 1719 non
698 1617 868 1739 aequalitei
887 1676 907 1720 a
929 1666 1033 1724 centro
1054 1658 1121 1723 1114
1133 1660 1237 1738 distet,
1260 1660 1339 1723 circa
1362 1659 1441 1741 qnod
1464 1657 1602 1742 aequali-

254 1750 310 1813 bus
324 1746 520 1851 temporibus
526 1746 669 1827 aequales
692 1746 835 1809 44414444
853 1747 976 1833 ponitur
991 1750 1128 1831 angulos.
1166 1751 1247 1814 Nam
1260 1769 1336 1833 quae
1351 1770 1444 1813 causa
1464 1746 1603 1831 physica,

252 1837 368 1919 augeri
375 1844 407 1899 et
429 1833 522 1897 minui
545 1834 699 1898 circuitum
718 1836 818 1897 centri
842 1838 1017 1918 systematis
1048 1836 1252 1921 plabctarii*)
1286 1839 1529 1921 (Tychonici)
1552 1837 1602 1899 vel
1643 1844 1645 1850 ’

252 1926 409 1991 circuitum
417 1926 528 1987 Terrae
539 1923 785 2027 (Copernico)
800 1925 848 1986 vel
862 1927 1030 2028 epicyclum
1043 1927 1128 1991 sidus
1143 1936 1314 2031 gestantem
1324 1929 1425 2001 (Ptol
1437 1946 1539 1990 emae
1548 1922 1602 2001 o)?

252 2036 328 2101 quae
352 2016 439 2089 haec,
461 2015 591 2095 inquam,
615 2014 646 2075 in
661 2013 847 2076 astronomia
869 2015 935 2078 sine
959 2018 1095 2099 exemplo
1109 2018 1240 2095 novitas,
1266 2018 1330 2085 sine
1354 2002 1602 2080 versimilitudine
1647 2086 1651 2091 .

206 2112 212 2123 ‘
251 2104 449 2186 absurditas?
494 2102 574 2175 Quin
600 2102 723 2191 potius
730 2103 826 2166 credi
842 2123 898 2185 par
927 2115 1007 2181 erat,
1039 2106 1113 2169 alibi
1143 2086 1246 2171 Solem
1270 2106 1522 2187 (Cupernico)
1551 2104 1602 2166 vel

252 2203 387 2259 centmm
419 2192 595 2275 systematis
625 2192 788 2272 planetarii
812 2192 1046 2274 (Tychonici)
1072 2196 1122 2259 441
1146 2216 1254 2281 corpus
1287 2198 1428 2276 planetae
1456 2194 1601 2271 (Ptole-
1694 2226 1697 2233 ·

252 2287 373 2358 macc)
397 2304 417 2345 a
423 2290 584 2363 suscepto
611 2282 806 2384 aequalitatis
840 2291 958 2362 puncto.
979 2286 1167 2367 (quiescente
1190 2286 1280 2377 apud
1293 2283 1541 2367 Copernicum
1570 2291 1603 2346 et

252 2373 474 2457 'lychonem
498 2370 729 2433 circumeunte
721 2391 752 2432 rn
775 2372 935 2435 4444444141
959 2374 1199 2437 circumferentia
1220 2366 1301 2527 laprirl
1322 2374 1603 2447 Ptolemaeum)
1686 2379 1690 2387 ’

181 2540 185 2548 .
251 2463 372 2544 longius
386 2461 510 2536 distare,
535 2459 606 2525 41414
614 2450 757 2523 brevius
781 2468 871 2542 atque
891 2461 921 2524 11
934 2464 1046 2545 procul
1062 2450 1179 2527 141414Ι
1170 2484 1201 2527 ru
1220 2465 1301 2527 linea
1316 2464 1462 2547 apsidum.
1498 2462 1601 2544 Atque

251 2554 321 2616 huic
338 2571 383 2615 rer
374 2548 583 2613 'commodam
602 2550 790 2613 occasionem
808 2549 966 2614 videbatur
977 2552 1177 2659 snppedltare
1193 2572 1263 2617 mea
1275 2554 1330 2617 illa
1349 2572 1386 2617 ex
1408 2552 1601 2635 Mysterie

191 2691 195 2702 .
252 2662 336 2705 meo
359 2637 689 2719 Goemographico
712 2640 851 2701 derivata
872 2639 1014 2723 suspicio,
1039 2642 1066 2705 si
1085 2661 1190 2724 nempe
1213 2642 1244 2707 in
1259 2642 1417 2721 theoriam
1430 2641 1514 2706 Solis
1537 2639 1601 2715 (441

252 2730 410 2808 theoriam,
433 2736 467 2791 ut
487 2728 532 2790 ita
555 2728 662 2805 dicam,
686 2728 814 2812 epicycli
834 2730 1080 2807 Ptolemaici)
1103 2747 1236 2816 aequans
1259 2724 1507 2796 introduceretur.

256 2843 261 2854 '
341 2838 419 2902 Esto
448 2844 482 2900 ut
505 2833 633 2915 incipiat
659 2835 860 2916 inaequalitas
892 2837 1057 2905 secanda
1046 2861 1065 2902 a
1088 2839 1168 2904 linea
1199 2839 1289 2904 medii
1308 2810 1537 2915 4444484114,
1568 2845 1603 2900 ut

253 2929 398 2994 hactenus
420 2925 536 3030 placuit
558 2920 722 2988 artificibus
744 2926 798 2997 (ne
820 2925 888 3011 quis'
911 2935 1010 3002 meam
1032 2929 1241 3006 novationem,
1264 2928 1314 3012 qui
1337 2927 1494 3012 apparenti
1517 2885 1602 2992 84114

207 3027 210 3033 ·
253 3025 335 3082 motu
358 3025 442 3089 utor,
473 3016 504 3078 in
526 3015 584 3077 hoc
615 3014 738 3094 negotio
771 3025 942 3100 suspectam
972 3019 1114 3095 babeat),
1147 3027 1179 3082 41
1206 3023 1369 3100 consurgat
1394 3018 1424 3080 in
1449 3008 1601 3080 schemate

253 3107 408 3188 praesenti
430 3103 640 3166 ccccntrieitae
669 3104 810 3184 planetae
837 3109 917 3203 apud
942 3107 1191 3213 Gopernicum
1205 3129 1262 3174 non
1287 3129 1306 3170 4
1328 3115 1431 3171 centro
1455 3107 1538 3172 Solis
1560 3107 1602 3180 A,

166 3199 170 3206 “
701 3200 712 3212 ”
782 3196 837 3260 441
869 3219 889 3259 4
921 3195 945 3260 0
975 3207 1102 3280 puncto,
1135 3199 1215 3264 circa
1244 3198 1322 3280 quod
1353 3195 1503 3286 regularis
1535 3211 1604 3257 esse

781 3285 911 3369 ponitur
934 3283 1076 3350 Terrae
1075 3296 1139 3350 mot
1139 3309 1184 3352 us.
1233 3285 1287 3352 11
1302 3306 1374 3351 4444
1405 3295 1548 3368 punctum
1577 3281 1603 3347 0

659 3392 662 3398 ·
782 3378 903 3439 414444
928 3377 1008 3439 orbis
1024 3377 1149 3442 Terreni
1162 3376 1229 3454 DE,
1253 3378 1307 3440 441
1325 3383 1442 3439 tantum
1465 3371 1604 3458 aequali-

708 3550 710 3552 ·
781 3465 857 3526 tatis
872 3472 1015 3542 centrum,
1032 3459 1157 3546 longius
1172 3466 1211 3528 ab
1226 3466 1255 3528 A
1271 3466 1343 3530 Sole
1362 3453 1490 3540 distans,
1514 3483 1604 3546 quam
1649 3530 1654 3538 ,

782 3555 809 3615 Β
833 3561 967 3618 centrum
990 3555 1071 3619 orbis
1095 3555 1219 3640 Terreni
1241 3555 1306 3618 ΕΙ).
1344 3555 1431 3629 Dico,
1456 3553 1504 3617 his
1527 3572 1602 3616 con-

620 3647 623 3656 '
717 3698 722 3708 .
784 3637 898 3720 cessis,
916 3645 1157 3708 observationes
1179 3635 1259 3708 tales
1290 3644 1486 3708 exhibitum
1478 3643 1534 3720 iri,
1565 3661 1605 3703 ex
1654 3667 1658 3674 ·

776 3732 891 3813 quibus
920 3733 987 3815 quis
1018 3733 1165 3815 suspicari
1177 3745 1182 3762 ·’
1191 3722 1310 3814 possit,
1342 3727 1445 3798 orbem
1474 3751 1630 3810 annuum,

459 3265 512 3332 lig.
532 3259 574 3312 74.

784 3822 1172 3908 1111444441441441444.Ι
1196 3824 1339 3904 Erigatur
1363 3820 1604 3905 exOperpen·
1680 3861 1692 3872 ··
1741 3817 1746 3824 '

784 3911 927 3975 dicula'ris
950 3911 1097 3993 ips'iDlll,
1122 3931 1197 3994 quae
1221 3913 1262 3976 sit
1283 3913 1350 3989 OF,
1374 3920 1408 3990 et
1429 3913 1471 3974 sit
1492 3911 1603 3973 Martis

785 4001 876 4063 stella
903 4001 951 4064 bis
980 4003 1073 4076 141,
1106 4009 1138 4062 et
1168 4021 1233 4064 cum
1261 4003 1356 4064 Terra
1387 4001 1605 4064 44414044
1729 4053 1737 4062 .

785 4109 853 4168 cum
875 4091 906 4154 in
926 4089 964 4167 Ε,
986 4099 1018 4152 44
1040 4087 1275 4154 connectaturF
1292 4090 1359 4154 c'um
1377 4089 1495 4173 punctis
1510 4089 1548 4166 D,
1564 4087 1602 4150 Ε.

787 4177 868 4249 Quia
904 4199 975 4260 ergo
1009 4178 1033 4242 0
1071 4188 1128 4243 est
1154 4187 1297 4262 punctum
1333 4180 1470 4262 aequalis
1504 4185 1605 4242 motus

787 4269 925 4334 Terrae
916 4289 948 4332 44
963 4269 1029 4345 DE,
1053 4269 1218 4346 eritFCD,
1238 4268 1319 4332 FOE
1347 4268 1498 4334 anomalia
1515 4287 1605 4332 com-

728 4358 961 4421 mutationis
984 4365 1016 4420 et
1038 4361 1087 4433 (ut
1107 4358 1261 4439 ponimus)
1287 4359 1424 4444 aequalis
1454 4358 1604 4438 utrinque.
1626 4425 1628 4436 ,

788 4443 906 4517 Quodsi
941 4447 1033 4527 igitur
1069 4448 1212 4530 aequales
1243 4456 1348 4512 esseut
1377 4447 1447 4524 OD,
1478 4444 1532 4512 011
1555 4448 1605 4521 (41
1722 4467 1726 4474 ·

787 4535 934 4600 1444144444
965 4537 1161 4617 putabatur),
1194 4545 1264 4600 tunc
1297 4546 1329 4600 et
1354 4535 1436 4602 1110
1469 4533 1500 4600 41
1521 4533 1603 4599 Ε10

754 4672 760 4693 .
788 4627 890 4706 anguli
922 4645 975 4689 seu
1001 4619 1174 4710 parallaxes
1206 4626 1287 4690 orbis
1320 4633 1425 4692 essent
1455 4626 1603 4708 utrinque,

341 4833 369 4908 *)
390 4838 519 4894 Centrum
547 4834 707 4904 systematis
736 4831 901 4916 planetarii
913 4835 962 4887 ast
985 4832 1141 4890 communis
1161 4833 1246 4888 sectio
1268 4831 1420 4898 linearum,
1450 4851 1520 4906 quae
1548 4851 1602 4928 per
1668 4829 1670 4832 ’

254 4919 424 5004 singulorum
450 4918 624 4988 planetarum
653 4914 765 4985 apsides
793 4905 981 4969 traducuntur.
1022 4919 1115 4986 Atque
1135 4913 1170 4968 11
1189 4921 1322 4992 punctum
1342 4922 1387 4970 444
1405 4915 1452 4970 rel
1475 4916 1606 4986 proxime

46 4975 51 4984 ⁸
157 5041 161 5056 .
255 5012 353 5078 corpus
370 4994 455 5065 84114,
474 5001 508 5052 444
527 4994 638 5052 11441444
659 4994 736 5050 initio
756 4992 870 5096 placuit,
892 4993 988 5054 441444
1007 4993 1068 5066 ipso
1089 4999 1184 5094 444444
1196 4987 1287 5063 Solia,
1307 5001 1339 5066 ut
1359 5010 1414 5066 eqo
1435 4997 1552 5070 corrigo.
