3517 5525
304 437 365 509 184
781 438 822 495 De
840 440 948 495 Motibus
967 437 1059 495 Stellae
1078 414 1166 497 Martis

295 626 407 707 sorano
432 620 651 705 Ceperoicooo
673 630 739 685 toto
760 627 809 699 qd,
833 642 914 705 qaae
933 632 1045 705 aequat
1060 622 1125 697 CA,
1141 626 1183 707 fit
1205 630 1343 706 teuperto,
1367 625 1442 705 quio
1458 623 1522 701 pto
1544 628 1648 686 sectato

243 781 249 792 ‚
300 712 541 775 ettae-adius.
587 710 831 794 Erpoqadeot
858 708 990 776 11023‘
1014 710 1088 777 531¹.
1134 710 1329 797 Depereooa
1355 712 1384 775 1‘
1407 709 1482 776 55¹¹.

231 880 235 888 Ι
387 801 438 863 Ita
464 800 563 875 vides,
603 800 680 882 qood
722 801 932 882 aequationem
968 800 1168 876 ecceutrici*)
1193 802 1319 879 attinet,
1351 801 1503 865 minimum
1534 800 1646 881 aliquid

244 897 248 906 '
299 891 418 967 deesse,
443 910 499 973 quo
523 890 618 952 miuus
641 890 851 971 hypothesium
875 892 988 953 formae
1012 892 1243 975 aequipolleant.

385 978 623 1061 Discrepaut
650 987 750 1041 tamen
778 980 808 1041 iu
832 978 983 1043 distantiis
1005 982 1150 1064 planetae
1174 1002 1193 1042 a
1215 982 1282 1043 visu
1305 980 1334 1043 iu
1358 1004 1393 1058 α,
1427 987 1646 1061 proptereaque

300 1076 332 1131 et
353 1068 383 1131 io
406 1068 728 1149 prosthaphaeresibus
751 1068 867 1131 annuis.
904 1070 983 1133 Nam
1001 1070 1031 1131 iu
1056 1070 1151 1133 forma
1164 1071 1359 1145 Ptolemaica,
1386 1078 1419 1133 ut
1438 1069 1519 1130 sinus
1541 1066 1648 1147 auguli

245 1218 250 1229 ,
298 1156 383 1222 Alto
408 1160 447 1221 ad
461 1158 529 1235 Ac,
554 1158 599 1219 ita
621 1158 704 1221 sinus
727 1167 810 1220 totus
833 1159 871 1221 ad
885 1158 953 1233 Aa,
977 1178 1052 1243 quae
1075 1160 1109 1221 tit
1126 1155 1265 1235 101766,
1290 1160 1407 1241 quaudo
1421 1156 1505 1221 Dea
1525 1165 1573 1219 est
1591 1153 1645 1219 90.

298 1247 350 1315 At,
364 1246 394 1309 iu
418 1247 626 1328 Coperuicaua
648 1270 691 1326 ηα
713 1267 820 1309 secans
844 1256 892 1310 est
915 1250 1017 1328 auguli
1040 1255 1113 1327 qao,
1139 1250 1255 1311 scilicet
1281 1246 1420 1313 102012.
1467 1246 1648 1309 Differentia

299 1332 364 1399 246
387 1337 564 1417 particulae,
589 1356 664 1417 quae
688 1336 719 1398 io
741 1338 1004 1419 prosthaphaeresi
1029 1338 1109 1403 orbis
1133 1339 1222 1401 annui
1245 1339 1335 1421 paulo
1362 1338 1460 1419 majus
1484 1336 1553 1418 quid
1579 1336 1646 1396 effi-

298 1446 365 1489 cere
387 1433 532 1507 possuut,
556 1434 589 1488 ut
612 1426 692 1488 iufra
713 1434 800 1506 parte
824 1436 932 1508 quarta
954 1428 1080 1507 patebit.
1127 1428 1290 1493 Possumus
1314 1436 1346 1489 et
1364 1428 1448 1490 illam
1471 1424 1647 1487 minutulam

298 1517 506 1596 aequatiooum
532 1514 728 1578 differentiam
751 1513 921 1593 obliterare,
946 1516 981 1593 si,
1008 1536 1095 1599 quam
1109 1516 1244 1580 Braheus
1268 1517 1522 1579 ecceutricitatem
1536 1513 1648 1577 Martis

297 1604 327 1666 iu
352 1605 448 1666 forma
471 1602 679 1685 Copernicana
709 1602 969 1681 incestatorem,
1003 1626 1069 1668 eam
1093 1606 1122 1668 iu
1147 1606 1241 1669 forma
1263 1606 1449 1669 Ptolemaica
1476 1611 1647 1667 statuamus

299 1690 418 1758 20103.
472 1693 643 1755 Distantiae
681 1714 752 1755 uero
788 1694 903 1757 formae
936 1694 1160 1775 Coperuicanae
1194 1696 1387 1769 Ptolemaicis
1424 1714 1481 1757 nou
1519 1700 1649 1774 possunt

297 1784 430 1863 aequari,
455 1782 513 1844 nisi
527 1785 668 1863 aequatio
681 1780 724 1847 43
739 1784 860 1847 minutis
874 1785 1016 1847 varietur.
1041 1786 1075 1847 In
1091 1786 1219 1867 quadam
1235 1783 1468 1869 aequipollentia
1482 1790 1602 1844 tentata
1616 1782 1647 1841 iu

297 1872 458 1955 hypothesi
490 1873 659 1935 tabularum
681 1874 843 1935 Louarium
866 1874 1016 1955 Tychonis
1041 1874 1115 1935 duos
1147 1874 1216 1937 illos
1249 1875 1399 1957 epicyclos
1424 1870 1647 1953 Coperoicanos

296 1961 326 2023 iu
352 1962 444 2024 talem
467 1962 666 2024 ecceutricum
682 1963 898 2025 Ptolomeicum
917 1982 982 2025 cum
1006 1962 1178 2045 aequaturio
1197 1971 1307 2043 puncto
1318 1961 1509 2044 transposui:
1533 1954 1646 2023 nibilo-

241 2083 245 2091 ·
298 2050 397 2113 minus
431 2058 532 2113 tameo
565 2060 598 2113 et
619 2053 785 2134 epicyclum
813 2052 915 2114 addidi
944 2060 1066 2133 propter
1099 2051 1244 2115 aliam'et
1266 2054 1446 2134 peculiarem
1469 2053 1572 2113 Lunae
1597 2049 1646 2110 iu-

298 2138 521 2221 aequalitatem.
1551 2212 1554 2219 Ι

385 2228 520 2309 Denique
551 2250 616 2293 cum
643 2249 697 2310 per
719 2249 785 2312 cap.
809 2230 849 2292 II.
883 2230 993 2292 iuhac
1019 2232 1114 2292 forma
1137 2228 1345 2309 Coperuicaoa
1374 2227 1646 2310 majorepic-yclos

298 2338 364 2380 oum
387 2338 441 2380 suo
466 2318 654 2382 concentrico
678 2319 899 2401 perfectissima
922 2319 1155 2401 aequipollentia
1177 2322 1275 2399 possit
1303 2320 1457 2401 transponi
1482 2319 1510 2380 io
1535 2326 1645 2381 eccen-

299 2407 417 2480 trinum,
441 2409 525 2489 cujus
549 2409 759 2473 ecceutricitas
783 2409 983 2489 sitaequalis
1008 2408 1227 2471 semidiametro
1243 2410 1368 2492 epicycli
1383 2408 1513 2489 majoris,
1538 2424 1647 2485 super-

298 2496 401 2559 addito
439 2516 510 2577 ergo
548 2498 680 2579 epicyclo
713 2499 825 2560 minore
856 2498 914 2578 ipsi
942 2497 1011 2560 huic
1034 2508 1172 2560 ecceutro
1197 2496 1403 2580 Coperoieaoo
1428 2506 1568 2559 nascetur
1592 2510 1647 2555 ec-

300 2586 547 2668 ceutrepicyclus,
569 2588 657 2667 paria
680 2588 793 2649 faciens
818 2587 856 2647 ad
879 2606 1007 2665 unguem
1030 2607 1096 2650 cum
1119 2588 1229 2666 duplici
1244 2588 1376 2671 epicyclo
1396 2588 1426 2649 iu
1446 2582 1646 2658 con‘ceutrico,

179 2680 202 2707 ·'
303 2677 359 2737 n'ec
382 2674 450 2755 plus
473 2676 529 2739 hoc
553 2674 618 2758 ipso
643 2675 681 2738 ab
705 2676 870 2739 ecceutrico
894 2676 1078 2739 Ptolemaico
1103 2697 1168 2740 oum
1193 2686 1340 2759 aequante
1364 2677 1547 2762 discrepans.

878 2943 1065 2966 ——I—-un-—u-

873 3159 993 3260 Caput
1024 3159 1068 3232 V.

301 3319 463 3398 Qucum
485 3317 561 3380 leaeo
588 3337 708 3400 qaoque
735 3319 901 3402 dispositio
924 3321 1058 3394 ordiam,
1088 3327 1239 3406 aequente
1267 3317 1315 3383 vel
1341 3305 1477 3382 secando
1508 3310 1649 3400 epicyclo

297 3430 368 3484 aaa,
392 3430 428 3472 re
443 3409 518 3490 ipso
537 3426 669 3488 monera
694 3428 761 3472 aaa
783 3417 811 3471 et
833 3409 943 3472 eodem
967 3405 1032 3490 (cel
1048 3410 1196 3492 prosince
1219 3429 1285 3472 aaa
1307 3417 1335 3472 et
1358 3401 1497 3485 eodem),
1521 3403 1650 3469 darana

298 3518 361 3561 urso
385 3496 544 3560 eteoclem
564 3505 714 3560 mommo
737 3497 918 3580 spectacula
946 3499 1089 3560 calcitare
1106 3499 1225 3580 possit,
1250 3507 1348 3580 prout
1372 3495 1521 3580 planetae
1543 3493 1590 3558 uel
1613 3494 1650 3557 in
1668 3523 1691 3560 ,·

352 3621 357 3629 -
439 3585 547 3648 medio
567 3584 614 3647 vel
628 3582 673 3650 “in
693 3594 866 3670 apparente
889 3589 1084 3670 oppositione
1106 3608 1186 3650 caoc-
1199 3585 1274 3649 Sole
1296 3589 1509 3675 elementor..
1609 3591 1622 3606 ”

336 3798 341 3806 .
386 3727 437 3789 Fit
459 3727 573 3804 duobus
603 3727 716 3789 modis:
741 3749 814 3804 uno,
838 3730 866 3789 in
893 3746 949 3809 quo
974 3729 1176 3809 aequipollent
1199 3729 1295 3791 forma
1317 3729 1508 3792 Ptolemaios·
1527 3734 1559 3788 et
1579 3723 1647 3788 Oo-

299 3816 479 3896 pemicaua:
513 3816 624 3892 altero,
659 3818 707 3897 qui
737 3817 898 3898 peculiaris
922 3825 969 3880 est
994 3817 1106 3879 formae
1132 3816 1372 3898 Coperuicaoae‚
1403 3835 1489 3900 quem
1511 3815 1647 3894 ut'alie-

301 3906 416 3968 niorem
445 3927 463 3967 a
490 3913 593 3971 nostro
621 3906 759 3969 instituto
787 3908 869 3988 prius
900 3907 1109 3988 expediemus3
1140 3915 1243 3970 manet
1266 3909 1342 3970 euim
1367 3917 1397 3970 et
1421 3905 1542 3988 propius
1566 3905 1648 3984 apud

302 4015 370 4058 sese
394 4015 480 4076 quam
504 3995 644 4076 reliquus.

391 4081 502 4146 Centro
525 4107 540 4166 y
563 4083 662 4163 spatio
676 4089 713 4164 γᾶ
735 4085 884 4147 scribatur
907 4085 1101 4161 ecceutricus,
1127 4085 1156 4147 in
1179 4105 1235 4166 quo
1255 4109 1293 4167 αγ
1316 4088 1357 4148 sit
1378 4086 1472 4167 primo
1487 4085 1552 4146 loco
1567 4083 1650 4144 linea

302 4172 439 4253 apsidum
462 4185 494 4234 et
516 4198 536 4234 α
559 4174 660 4234 visus:
685 4174 873 4237 continuetur
894 4175 968 4236 haec
992 4175 1022 4236 iu
1047 4193 1079 4250 e;
1105 4175 1201 4258 sitque
1224 4199 1263 4255 γα
1291 4176 1443 4258 quantitas
1467 4171 1648 4235 ecceutrici-

300 4263 375 4324 tatis
398 4262 446 4324 vel
469 4263 546 4326 radii
570 4261 694 4344 epicyoli
710 4261 908 4342 Coperoicaui
932 4263 1070 4343 majoris:
1095 4284 1164 4326 nam
1183 4265 1220 4326 de
1235 4265 1467 4346 aequipollentia
1489 4263 1646 4342 utriusque

301 4351 414 4414 dictum
441 4360 488 4412 est
518 4353 549 4413 in
571 4352 629 4413 fine
653 4371 718 4432 cap.
742 4353 799 4416 IV.
845 4353 926 4434 Ergo
954 4365 1056 4414 centro
1081 4375 1096 4414 a
1118 4354 1217 4434 spatio
1246 4375 1283 4434 eq
1314 4355 1463 4417 scribatur
1494 4351 1647 4434 epicyclus

300 4441 396 4504 minor
404 4460 413 4516 ;
437 4449 556 4502 etcum
579 4448 628 4502 est
650 4448 785 4504 centrum
807 4443 895 4522 hujus
918 4443 947 4505 iu
971 4466 995 4518 a,
1020 4443 1061 4505 sit
1083 4445 1206 4523 planeta
1228 4444 1257 4504 iu
1277 4467 1302 4522 q,
1328 4444 1460 4506 incidens
1484 4441 1514 4502 iu
1537 4441 1649 4503 lineam

301 4553 343 4612 ap,
368 4529 412 4593 sic
434 4537 469 4590 ut
491 4534 529 4590 so
551 4532 747 4593 ecceutricum
769 4539 924 4611 percurrat
939 4551 997 4593 uon
1018 4532 1118 4608 stella,
1143 4533 1195 4594 sed
1220 4540 1354 4594 ceutmm
1378 4531 1503 4615 epicycli
1525 4530 1649 4592 stellam

302 4621 437 4684 serentis.
485 4618 544 4680 Per
566 4629 657 4698 caput
689 4622 780 4700 igitur
802 4621 858 4684 lv,
894 4641 1038 4702 expressa
1060 4622 1108 4683 hic
1132 4619 1179 4683 est
1207 4623 1302 4684 forma
1326 4621 1542 4702 Coperoicaoa.
1591 4617 1649 4680 Cui

299 4729 355 4790 per
377 4715 469 4792 capot
490 4707 547 4770 111.
581 4711 799 4773 constituemus
831 4710 921 4772 aliam
944 4711 974 4772 io
997 4710 1126 4774 veritate
1158 4731 1211 4774 seu
1240 4711 1270 4773 iu
1293 4711 1473 4774 iudicatione
1500 4707 1648 4790 ipsissimi

389 4925 414 4994 a)
435 4923 573 4997 aequatio
604 4923 748 4983 ecceutrici
778 4930 821 4980 est
850 4923 877 4979 in
909 4927 997 4996 prima
1026 4925 1236 4997 inaequalitate.
1277 4927 1415 4999 Aequatio
1446 4923 1518 4981 orbis
1548 4931 1593 4980 est
1619 4924 1648 4980 iu

301 5011 420 5063 secunda
441 5007 648 5077 inaequalitate.
689 5009 757 5060 Item
777 5003 1032 5078 prosthaphaeresis
1054 5023 1152 5060 annua.
