3517 5525
443 406 463 458 '.
637 371 939 440 aKepleioainendeta·
1267 355 1305 396 ·’
1400 377 1465 447 705

121 547 364 614 Thmsformstio
387 567 455 612 mea
476 549 549 614 nihil
573 549 654 614 ahud
684 550 755 626 fuit,
788 571 876 634 quain
906 552 1046 633 ejusdem·
1070 552 1270 618 restitutionis
1300 557 1464 637 ampliatio,
1538 575 1544 598 ¹

1 649 2 722 ζ
120 647 156 701 ιιι
185 635 423 720 intelligeretur,
455 638 581 702 diversis
611 639 827 722 hypothesibus
857 643 936 704 idem
964 641 1122 722 praestari.
1168 639 1214 726 Tu
1236 643 1303 723 ipse
1325 648 1464 723 athrim,

1 731 3 824 ,
121 727 227 790 modos
249 729 306 790 tibi
333 747 388 790 seii
411 747 578 808 superesse.
624 729 700 792 Mihi
727 748 798 792 vero
827 731 866 792 ad
894 751 990 793 meum
1017 731 1186 794 institutum
1214 735 1387 796 necessaria
1410 737 1466 799 fuit

121 817 360 892 transformatio,
384 824 418 880 nt
440 817 471 880 id
495 817 670 891 obtinerem,
694 820 772 900 quod
796 813 937 899 agebam,
962 820 1077 884 scilicet
1100 828 1133 882 ut
1155 822 1301 886 calculum
1324 824 1465 906 trianguli

119 905 209 972 unius
232 908 262 970 in
285 907 406 969 tabulas
430 905 619 986 conjicerem.
665 907 782 970 Poterit
805 909 883 972 alins
905 910 1034 974 forsitan
1060 910 1139 971 idem
1168 919 1323 992 praestare
1347 923 1466 976 retenta
1537 943 1544 952 ¹

119 995 282 1078 hypothesi
305 996 518 1078 Tychoniana:
551 1015 607 1076 ego
636 1003 705 1058 tunc
735 996 853 1078 quidem
875 1005 938 1062 tam
962 999 1034 1060 felix
1061 1018 1120 1060 non
1147 999 1203 1072 fui,
1233 1010 1265 1062 et
1291 1001 1465 1066 inclinatum

118 1105 168 1148 ma
192 1087 289 1148 fateor
313 1085 351 1148 ad
373 1083 497 1146 formam
520 1086 685 1168 physicam,
710 1106 797 1169 quain
814 1089 979 1168 amplector
995 1107 1069 1168 prae
1088 1088 1206 1164 ceteris,
1230 1089 1346 1169 quoties
1370 1111 1464 1173 aeque

117 1195 156 1238 ac
188 1183 307 1238 ceterae
340 1173 466 1236 officium
498 1174 580 1236 facit.
624 1174 673 1236 Ex
700 1177 888 1256 praefatione
917 1178 956 1238 ad
977 1177 1163 1240 Heruartnm
1192 1175 1303 1258 aliquid
1334 1180 1463 1244 fortasse

116 1265 218 1346 possit
239 1264 367 1344 excerpi,
392 1263 469 1344 qnod
484 1263 694 1327 refutationem
713 1263 762 1325 vel
781 1266 901 1328 omnino
919 1265 1172 1328 insimulationem
1193 1267 1325 1347 aliquam
1347 1269 1462 1353 sapiat:

117 1356 206 1436 quasi
230 1354 357 1416 obscura
380 1352 421 1414 sit
435 1352 611 1434 hypothesis
626 1359 658 1416 et
675 1355 761 1436 quasi
785 1355 906 1418 tabulae
930 1373 988 1417 non
1013 1354 1171 1417 sublevent
1193 1355 1339 1419 salemum
1360 1358 1463 1422 labore

117 1443 308 1523 triangulari.
344 1442 390 1527 ᾼι
412 1442 536 1524 primum
561 1449 615 1522 ego
639 1441 720 1504 illam
738 1444 955 1524 praefationem
976 1443 1021 1506 ita
1038 1443 1202 1520 immutavi,
1226 1454 1260 1508 ut
1279 1442 1487 1528 Tengnaglio'

116 1532 251 1616 placuit3
276 1531 381 1594 deinde
404 1531 478 1592 nihil
503 1551 539 1593 ex
562 1551 609 1606 me
630 1531 701 1616 dixi,
726 1533 780 1593 sed
799 1533 836 1596 ab
856 1533 972 1595 aliiset
992 1531 1200 1599 abHerivarto
1220 1535 1325 1599 adme
1349 1537 1464 1616 scripta
1586 1559 1589 1563 ·

117 1621 267 1697 assumsi,
300 1629 334 1684 ut
366 1619 463 1684 literis
492 1630 644 1684 auctomm
673 1622 767 1686 cuivis
798 1621 903 1703 quovis
936 1630 1070 1703 tempore
1098 1623 1302 1686 demonstrare
1331 1645 1461 1706 possum.

116 1715 164 1778 Tu
186 1729 274 1787 vero,
298 1709 324 1771 si
347 1707 468 1772 dubitas
491 1729 538 1772 me
562 1709 606 1772 sic
629 1711 658 1771 in
682 1711 870 1791 praelatione
893 1712 990 1794 loqui,
1020 1719 1089 1797 pete
1112 1711 1194 1774 illam
1217 1734 1237 1774 a
1258 1714 1463 1796 Tengnagli03

115 1808 221 1864 exstat
244 1801 324 1880 apud
346 1799 430 1862 illum
452 1818 540 1862 mann
562 1798 712 1862 Matthiae
735 1807 867 1872 (tuffam)
891 1801 956 1863 sine
986 1801 1104 1882 quidem
1132 1801 1315 1878 mutatione,
1346 1803 1465 1884 qualem

117 1891 299 1973 scripseram
328 1907 366 1950 ex
396 1907 442 1950 me
470 1887 555 1968 ipso,
588 1907 647 1952 non
679 1889 798 1969 qualem
826 1910 864 1952 ex
894 1890 1045 1952 sententia
1067 1891 1245 1970 Tengnaglii
1267 1892 1462 1956 immutatam.

6 2009 11 2020 ·
118 1981 322 2059 Posteaquam
348 1978 508 2058 acceperis,
535 1978 643 2040 addam
668 1997 723 2060 ego
747 1999 823 2061 qnae
847 1979 958 2042 fuerint
980 1985 1106 2041 mutata.
1142 1979 1227 2042 Nihil
1250 1999 1321 2062 eigo
1344 1981 1376 2044 in
1397 2001 1464 2044 inea

118 2068 385 2133 transformatione
408 2075 470 2142 est,
502 2067 580 2147 quod
603 2076 751 2131 mereatur
775 2087 882 2130 nomen
904 2068 1107 2132 refutationis.
1257 2069 1326 2132 Non
1349 2071 1463 2150 opinor,

119 2169 151 2222 te
175 2158 203 2219 in
229 2156 368 2238 epistolio
392 2175 460 2218 meo
483 2156 608 2234 legisse,
638 2158 717 2238 quod
739 2157 932 2220 vehementer
954 2157 1026 2220 milii
1049 2157 1230 2238 applaudam
1254 2159 1291 2220 de
1313 2161 1463 2224 tansfer-

119 2255 203 2312 mata
225 2245 386 2329 hypothesi
409 2245 603 2328 Tychoniana
625 2241 737 2308 Lunae.
784 2249 890 2328 Itaque
918 2265 976 2309 non
999 2264 1088 2327 aegre
1111 2245 1184 2308 mibi
1208 2246 1322 2310 faciunt
1342 2247 1387 2310 tui
1409 2268 1465 2310 sex
1532 2255 1539 2274 '

119 2337 201 2402 modi
225 2335 293 2410 alii;
323 2335 395 2398 mihi
423 2335 463 2398 ad
492 2334 661 2398 institutum
691 2355 774 2398 mens
804 2336 911 2398 modus
938 2335 1058 2398 suffecit
1079 2355 1114 2398 ac
1137 2336 1263 2410 forsitan
1286 2337 1365 2399 idem
1388 2357 1464 2402 unns

120 2447 159 2490 ex
181 2425 241 2488 tuis
265 2423 439 2500 senfuerit.
473 2419 552 2496 Quin
571 2425 629 2486 hac
647 2426 925 2493 commemoratione
942 2444 991 2510 me
1011 2443 1137 2488 excusas
1161 2426 1197 2486 de
1221 2445 1259 2487 ea
1281 2444 1463 2506 supervaca-

119 2535 179 2594 nea
202 2533 302 2595 opera,
327 2513 411 2593 cujus
435 2531 483 2574 me
505 2512 743 2576 insimulaveras.
789 2515 867 2577 Nam
891 2515 918 2577 si
939 2514 996 2576 tibi
1019 2513 1135 2595 placuit
1156 2531 1211 2577 ser
1233 2515 1328 2578 modis
1351 2516 1463 2593 ludere,

117 2604 234 2686 placuit
257 2601 382 2666 etmihi
405 2621 475 2666 uno.
520 2603 585 2665 Nec
608 2611 657 2665 est
679 2606 773 2686 major
797 2603 904 2685 gloria,
929 2604 1008 2684 quod
1031 2611 1063 2665 tn
1086 2604 1144 2666 hoc
1167 2604 1196 2666 in
1218 2605 1339 2685 proprio
1358 2605 1464 2668 'labore

118 2692 290 2775 suscepisti,
317 2711 372 2773 ego
396 2691 425 2752 in
449 2691 557 2755 alieno.
595 2691 674 2755 Nam
699 2713 775 2775 quaa
798 2690 910 2775 publici
928 2693 1006 2774 juris
1030 2699 1110 2767 sunt,
1133 2693 1232 2755 aliena
1255 2694 1383 2775 amplius
1405 2715 1464 2764 non

117 2788 210 2848 aunt'
244 2785 294 2847 Ita
316 2782 482 2845 Ptolemaei
507 2782 669 2845 observata
692 2780 876 2865 Copemicns
909 2784 939 2845 in
968 2801 1052 2845 suam
1079 2782 1259 2865 hypothesin
1289 2786 1465 2861 transfudit,
1506 2850 1509 2855 ,

117 2876 165 2938 ita
179 2872 320 2974 Mag'mns
341 2870 550 2952 (lopernicana
571 2870 601 2933 in
625 2872 765 2953 antiquas
783 2872 984 2935 Ptolemaicas
1007 2869 1200 2955 hypotheses.
1236 2874 1344 2956 Itaque
1367 2875 1394 2937 si
1417 2875 1478 2956 hie
1507 2920 1511 2927 ι

10 3008 16 3019 .
118 2970 168 3025 est
191 2968 363 3043 scriptionis
386 2968 455 3022 tuae
479 2979 597 3042 scopus,
621 2968 655 3022 ut
677 2962 770 3037 dicas,
794 2980 840 3023 me
863 2961 937 3023 nihil
960 2961 1062 3042 magni
1085 2961 1283 3041 praestitisse,
1306 2964 1411 3047 aequis
1433 2972 1464 3025 te

117 3052 240 3115 auribus
264 3050 371 3116 audio:
397 3068 547 3130 nunquam
570 3050 738 3128 magnifeci.
776 3051 920 3131 Allegavi
942 3050 1099 3112 Herwarto
1122 3070 1181 3112 non
1204 3071 1293 3113 unam
1315 3052 1465 3132 privatam
1574 3098 1579 3107 .
1629 3094 1635 3109 .

118 3140 297 3215 utilitatem,
328 3158 417 3221 quam
445 3158 482 3201 eii
505 3137 562 3202 hoc
584 3139 727 3202 exercitio
749 3140 878 3223 percepi.
925 3138 994 3201 Non
1017 3139 1118 3219 magni
1139 3146 1241 3201 tamen
1270 3141 1365 3218 facio,
1395 3142 1464 3223 quia
1514 3202 1517 3206 ,

118 3250 179 3297 non
203 3228 333 3310 imprimi
356 3228 459 3291 curavi
482 3227 637 3303 hactenns,
661 3248 716 3291 nec
740 3228 956 3291 communicavi
979 3228 1083 3291 amicis
1107 3228 1192 3290 enixe
1216 3229 1396 3309 petentibus.
1506 3248 1510 3255 ·
1560 3238 1564 3245 “

206 3318 252 3381 At
274 3318 331 3381 hoc
353 3323 443 3399 pacto
466 3337 524 3379 non
547 3316 667 3398 probas,
691 3338 738 3381 me
755 3318 965 3381 rehitationem
979 3317 1130 3399 Tychonis
1144 3318 1322 3395 instituisse,
1347 3320 1464 3382 seilicet

117 3410 177 3473 hoc
200 3408 298 3488 ipsum
320 3408 445 3469 refutas.
492 3407 569 3469 lllud
594 3406 708 3469 enixius
732 3408 812 3488 agis,
841 3414 875 3469 nt
897 3406 969 3469 mihi
992 3426 1115 3488 scopum
1141 3408 1329 3487 potissimum
1352 3408 1463 3490 eripias

118 3490 312 3578 triangularis
341 3490 454 3559 laboris
478 3496 598 3557 sublati.
644 3495 774 3559 Primum
804 3496 866 3572 ais,
897 3497 1034 3558 consulto
1065 3497 1177 3559 factum
1200 3517 1219 3558 a
1242 3497 1399 3579 hebone,
1430 3506 1464 3560 ut

119 3606 213 3653 cansa
235 3593 328 3662 esset,
351 3604 403 3649 cur
419 3585 626 3667 adolescentes
646 3586 805 3666 triangulis
825 3604 945 3666 operam
965 3586 1079 3648 darent.
1117 3584 1151 3649 Si
1173 3586 1384 3667 disputandum
1406 3588 1463 3651 hoc

119 3694 278 3751 sumerem,
302 3676 406 3749 credo,
430 3682 464 3736 ut
486 3682 534 3737 est
556 3674 777 3756 probabilitatis
800 3675 961 3756 ingenium,
986 3673 1111 3737 dicendo
1135 3676 1224 3737 facile
1248 3678 1407 3750 efficerem,
1430 3686 1464 3739 ut

57 3832 64 3847 ,
117 3774 151 3829 tu
177 3764 357 3829 contrarium
382 3764 409 3825 ei
432 3764 570 3840 sentires,
595 3766 673 3844 qnod
688 3766 791 3847 Tyobo
810 3765 914 3827 sensit.
952 3762 1015 3827 Sed
1037 3782 1095 3827 non
1115 3772 1164 3826 est
1178 3785 1262 3845 opus,
1285 3766 1464 3846 praesertim

117 3854 200 3937 apud
213 3861 252 3931 te,
278 3852 418 3935 qnixscis,
443 3854 517 3915 artis
537 3861 659 3915 nostiae
675 3854 861 3935 ignoratione
877 3852 950 3929 lieri,
974 3854 1120 3933 utpotius
1140 3854 1243 3915 decem
1261 3855 1464 3917 astronomiae

32 3958 35 3963 “
116 3942 287 4007 valedicere
319 3943 433 4019 velint,
466 3962 553 4024 quam
584 3950 616 4005 ut
648 3963 723 4013 nnus
751 3946 790 4007 ad
817 3943 970 4023 triangula
996 3941 1098 4005 veniat
1126 3943 1329 4009 astronomiae
1359 3963 1461 4008 cansa

97 4031 198 4096 'iliud
221 4031 330 4095 saltem
354 4031 462 4109 dicam,
484 4026 670 4113 propositum
694 4033 751 4095 hoc
773 4032 845 4096 mibi
869 4032 996 4112 abipso
1020 4032 1461 4114 inagnagliosuppetitatum
1516 4046 1523 4059 ‘
1571 4112 1579 4119 .

118 4122 195 4187 Cum
219 4122 296 4183 enim
320 4128 450 4183 sumeret
468 4122 617 4184 Matthias
640 4141 718 4185 anno
745 4120 837 4187 1602.
863 4140 985 4201 operam
1009 4122 1158 4184 scribendi
1172 4120 1374 4203 Ephemerida
1394 4140 1462 4187 mo-

116 4220 201 4275 tuum
215 4213 318 4274 Lunae
341 4210 381 4271 ad
399 4230 509 4273 annum
532 4219 714 4291 sequentem,
737 4210 930 4292 triangularis
953 4211 1037 4274 labor
1058 4212 1148 4291 plane
1171 4211 1295 4273 multum
1318 4212 1461 4292 temporis

116 4299 267 4364 insumsit.
312 4302 418 4382 Itaque
442 4307 473 4360 et
495 4299 698 4380 Tengnaglins
721 4312 753 4363 et
775 4300 924 4364 Matthias
946 4299 1003 4363 lioc
1033 4301 1130 4381 questi
1159 4308 1247 4377 sunt,
1277 4310 1326 4376 et,
1355 4307 1461 4364 contra

116 4408 207 4473 quem
229 4397 261 4451 tu
280 4390 355 4471 jam,
380 4388 456 4451 satis
470 4389 589 4469 quidem
604 4409 636 4451 se
652 4390 833 4453 exercitatos
850 4409 918 4453 esse
936 4397 1080 4468 pntamnt
1094 4390 1124 4451 in
1148 4386 1324 4471 triangulari
1346 4391 1459 4465 labore,

115 4480 253 4543 sednon
277 4478 353 4541 satis
375 4478 519 4559 temporis
542 4486 573 4539 et
596 4478 717 4541 nimium
738 4480 831 4541 taedii
855 4500 888 4543 se
912 4477 1023 4543 babere
1050 4488 1237 4559 agnoverunt
1265 4481 1304 4541 ad
1334 4480 1459 4543 eandem

114 4568 198 4631 viam
220 4569 311 4631 toties
335 4566 471 4629 eundem.
517 4566 662 4629 Dicebam
691 4588 746 4651 ego
769 4569 934 4645 Matthiae,
966 4566 1135 4631 existimare
1163 4587 1225 4645 me,
1253 4569 1340 4633 eitius
1367 4587 1457 4649 posse

115 4657 209 4722 scribi
237 4656 375 4731 tabulas,
407 4674 494 4738 quam
524 4656 609 4719 nnius
637 4659 707 4721 anni
730 4658 939 4740 Ephemerida.
985 4658 1060 4734 ilie,
1091 4657 1169 4720 idem
1197 4658 1256 4722 sibi
1278 4656 1392 4733 videri,
1421 4678 1458 4721 ac

114 4748 249 4830 perinde,
273 4746 300 4809 si
324 4744 453 4809 director
476 4764 543 4809 esse
566 4746 665 4822 velim,
689 4749 817 4829 abrupta
838 4747 1054 4829 Ephemeride,
1078 4767 1111 4809 se
1134 4747 1254 4811 tabulas
1275 4747 1358 4828 prins
1380 4764 1454 4809 con·

116 4836 256 4899 diturum.
303 4835 364 4899 Sed
387 4836 497 4899 factum
521 4843 568 4897 est
591 4833 743 4899 simultate
766 4844 884 4913 nostra,
909 4847 942 4899 ut
964 4845 996 4900 et
1018 4836 1219 4919 Tengnaglius
1243 4855 1295 4898 sno
1318 4836 1455 4899 ministro

116 4926 200 4990 solus
220 4924 264 4988 nti
285 4924 373 4987 malle
388 4925 539 4989 videretur
562 4924 656 4999 (idem
680 4925 755 4988 enim
778 4928 962 5007 perlibenter
984 4946 1003 4989 a
1025 4946 1071 4990 me
1095 4926 1198 5003 audiit,
1221 4943 1312 5006 posse
1334 4924 1454 4990 tabulas

169 5028 258 5080 Helm
271 5028 347 5079 090¹·-
367 5029 404 5071 m.
1212 5029 1246 5081 ti
