3517 5525
290 388 339 469 211·
713 393 814 455 tiaras
831 395 934 469 Ksplcri
952 397 1103 471 aliorumque
1120 410 1223 455 mittunt

289 581 441 662 planetae,
464 580 603 645 Martis
627 581 751 643 scilicet.
798 582 834 645 In
857 580 915 643 hoc
936 588 1056 664 tempus
1078 580 1150 645 trivi
1172 600 1228 644 nec
1250 580 1289 642 de
1311 577 1438 641 aliormn
1455 577 1646 659 planetarum

292 668 555 732 observationibus
578 670 620 732 sui
645 670 812 733 sollicitus:
848 672 1009 751 sperabam
1030 669 1164 753 qnotidie
1187 668 1301 731 exitum
1321 668 1354 731 iu
1376 667 1496 731 theoria
1515 666 1645 741 martia

288 765 361 839 post
383 757 460 820 alias
484 776 600 841 quoque
622 760 804 821 habuissem.
843 760 889 823 At
906 779 974 822 curn
989 770 1108 840 tempus
1124 759 1305 832 elaberetur,
1327 774 1399 837 spes
1412 764 1513 819 mmen
1529 754 1646 817 reditus

288 847 349 911 mei
371 847 403 909 in
424 848 603 910 Bohemiam
626 868 762 911 securum
785 866 833 911 me
856 849 996 912 reddidit
1042 850 1138 927 Igitur
1158 850 1255 921 Mars,
1279 853 1423 927 qnantum
1444 863 1502 925 ogo
1525 843 1648 926 quidem

290 956 329 998 ex
361 936 623 999 observationibus
646 937 798 1020 Tychonis
829 938 933 1013 hausi,
961 939 1027 1018 jam
1059 937 1223 1019 incipiebat
1252 942 1358 1015 argute
1389 932 1465 997 satis
1496 931 1650 997 modulari

288 1025 410 1089 tertiam
433 1025 547 1100 duram,
570 1045 660 1108 quam
682 1026 727 1089 illi
746 1028 912 1107 assignavi.
953 1026 1205 1091 confirmarit
1226 1025 1326 1089 idem
1349 1031 1388 1086 et
1409 1022 1648 1105 Mysterinm

289 1132 404 1178 mcum
436 1114 578 1177 duobus
611 1116 713 1178 locis
736 1116 912 1179 mirifice.
960 1116 1050 1181 Cum
1082 1115 1177 1179 enim
1208 1114 1293 1177 illic
1325 1132 1394 1193 ego
1426 1111 1648 1175 retulissem

290 1203 615 1268 eccentricitates
652 1206 893 1286 planetarum
931 1207 1092 1270 omnium
1123 1205 1171 1267 ad
1200 1205 1322 1285 ipsum
1355 1220 1493 1282 corpus
1523 1199 1647 1274 Solis,

290 1293 380 1356 valde
402 1292 476 1355 mihi
500 1313 520 1358 a
543 1294 685 1376 Tychone
708 1296 895 1371 metuebam,
928 1314 966 1356 ne
993 1295 1020 1357 is
1042 1296 1170 1359 referret
1192 1302 1227 1355 ut
1249 1290 1433 1373 Copernicus
1454 1290 1495 1352 ad
1516 1289 1650 1354 medium

290 1383 388 1445 locum
405 1382 499 1445 Solis.
537 1383 634 1465 Atqui
654 1386 740 1447 Mars
764 1392 939 1447 constanter
961 1386 1124 1465 respuebat
1145 1384 1240 1446 ullum
1254 1382 1336 1445 aliud
1351 1387 1504 1461 punctum,
1525 1384 1650 1460 praeter

290 1472 389 1552 ipsum
411 1479 547 1535 centrum
569 1472 705 1553 corporis
721 1473 848 1537 Solaria.
886 1473 991 1556 Tycha
1005 1473 1177 1538 laetabatur
1194 1472 1270 1535 meis
1286 1470 1335 1533 his
1349 1468 1449 1544 ausis3
1473 1487 1544 1531 nam
1565 1468 1649 1529 idem

290 1561 335 1623 ait
356 1568 388 1621 et
411 1558 469 1623 sibi
487 1562 554 1641 jam
577 1560 627 1624 diu
651 1563 808 1643 agitatum,
831 1562 887 1625 sed
910 1562 1036 1625 libenter
1059 1563 1277 1625 declinaturum
1299 1559 1472 1621 intricatam
1497 1558 1651 1621 rationem

291 1648 414 1725 calculi,
445 1668 539 1731 eoque
562 1668 671 1732 cupere
694 1652 797 1714 videre
821 1660 853 1714 et
875 1652 1003 1715 aliorum
1025 1652 1250 1715 meditationes.
1294 1647 1453 1722 Deinde,
1477 1666 1554 1709 cum
1577 1664 1651 1725 ego

292 1738 358 1801 sub
382 1738 493 1801 linem
515 1740 696 1822 Mysterii
726 1742 794 1804 mei
823 1741 1051 1804 monuissem
1082 1742 1125 1803 de
1159 1746 1349 1821 aequante
1373 1734 1425 1814 Θ,
1457 1754 1561 1819 quem
1584 1735 1651 1796 do-

292 1826 413 1890 lebam
442 1828 553 1891 nnico
584 1828 667 1892 Soli
694 1831 754 1892 vel
782 1832 922 1896 Terrae
948 1839 1143 1911 negatum:
1169 1830 1234 1909 jam
1257 1835 1283 1898 d
1306 1826 1497 1909 apertissime
1527 1832 1559 1886 et
1588 1824 1651 1886 hoc

290 1918 422 1980 testatus
446 1920 508 1993 est,¹
540 1916 641 1981 inesse
674 1918 704 1982 in
728 1918 768 1998 Θ
793 1920 942 1983 rationem
973 1919 1141 2002 aequantia.
1187 1918 1230 1981 Et
1256 1916 1315 1979 hoc
1346 1920 1409 1991 est,
1441 1914 1521 1996 quod
1543 1912 1651 1997 meno

290 2007 377 2088 quasi
400 2006 455 2069 snb
478 2006 659 2087 aenigmatis
682 2008 836 2073 involucro
861 2012 910 2083 (ut
932 2009 1082 2074 interdum
1106 2008 1199 2083 solet)
1224 2007 1333 2068 adme
1358 2004 1579 2085 perscripserat
1601 2002 1651 2063 de

290 2094 472 2158 variabili
505 2098 726 2177 quantitate
760 2097 863 2161 orbis
896 2098 1022 2174 annui,
1055 2097 1117 2181 qni
1148 2094 1185 2159 in
1217 2103 1242 2165 0·
1274 2093 1429 2156 efficiat
1459 2091 1650 2154 differen-

291 2184 381 2247 tiam
407 2180 444 2248 1⁰
465 2180 520 2247 l10‘
543 2192 575 2255 (Ι.
601 2190 666 2257 tt).
712 2188 763 2250 An
786 2188 878 2269 igitur
902 2197 1085 2269 exspectem,
1108 2188 1178 2249 dum
1198 2184 1302 2267 Tycho
1327 2204 1399 2245 suas
1421 2181 1493 2244 edat
1514 2181 1654 2243 theorias

290 2272 490 2355 planetarum,
514 2274 644 2355 ambigo.
679 2274 742 2338 Sed
765 2285 875 2352 tamen,
901 2275 928 2338 si
949 2295 1171 2357 praeoccupare
1193 2273 1291 2336 visum
1314 2273 1414 2347 fuerit,
1437 2272 1538 2334 adhuc
1559 2289 1655 2331 unum

290 2362 364 2425 mihi
387 2362 490 2439 deest,
513 2363 593 2445 quod
616 2385 635 2425 a
658 2365 700 2426 M.
726 2366 760 2426 T.
785 2374 901 2446 petam,
932 2366 1020 2447 copia
1042 2386 1086 2428 sc.
1109 2362 1309 2427 Harmonices
1326 2362 1392 2438 sire
1414 2360 1549 2423 Masices
1570 2360 1652 2423 Pto·

289 2450 407 2514 lemaei.
453 2452 598 2515 Lustrari
622 2454 793 2535 catalogum
815 2454 1017 2517 bibliothecae
1040 2453 1235 2527 Viennensis,
1259 2452 1290 2513 in
1313 2470 1373 2533 qua
1395 2451 1504 2514 librum
1526 2456 1654 2509 exstare

290 2540 526 2622 manuscriptum
558 2539 708 2623 Spachius
741 2544 869 2607 affirmat
899 2544 930 2606 in
964 2544 1104 2625 catalogo
1135 2542 1392 2625 philosophorum.
1448 2539 1518 2602 Non
1549 2536 1653 2617 reperi

289 2631 467 2711 quaesitum.
514 2630 632 2712 Scripsi
655 2631 695 2694 ad
715 2633 936 2714 Dasypodium.
981 2634 1103 2697 Habere
1127 2653 1160 2694 se
1187 2630 1358 2712 respondit,
1390 2628 1524 2709 nihilque
1555 2645 1651 2707 prae-

287 2728 382 2788 terea
423 2722 469 2784 At
481 2720 540 2784 nisi
563 2738 620 2801 ego
637 2740 820 2802 sperassem,
844 2723 930 2808 illum
951 2723 1109 2804 possidere
1132 2722 1211 2786 hunc
1233 2720 1352 2796 librum,
1374 2738 1434 2781 nou
1456 2717 1652 2798 scripsissem

288 2829 344 2872 nec
365 2809 525 2890 petiissem
548 2811 674 2891 copiam.
721 2813 818 2875 Ursus
841 2813 961 2893 Pragae
985 2815 1195 2886 affirmaverat,
1218 2818 1291 2891 puto
1315 2829 1352 2872 ex
1376 2806 1506 2872 Gesneri
1535 2806 1651 2868 biblio-

234 2955 239 2967 .
287 2899 387 2975 theca,
410 2899 589 2981 impressum
613 2919 681 2962 esse
705 2901 831 2978 alicubi,
861 2911 934 2984 puto
957 2902 1085 2966 Parisiis
1092 2922 1102 2979 ;
1126 2909 1158 2962 et
1180 2900 1281 2974 Otho,
1312 2906 1417 2960 auctor
1439 2897 1492 2960 ille
1513 2894 1652 2958 Palatini

289 2987 400 3070 operis,
424 2989 475 3069 qni
493 2988 561 3068 jam
573 2989 693 3070 Pragae
716 2990 832 3067 haeret,
856 3011 925 3054 esse
948 3000 980 3053 et
1003 2991 1061 3053 sibi
1084 2990 1239 3070 exemplar
1265 2987 1453 3068 opinabatur.
1494 2987 1545 3048 lta
1571 3004 1653 3046 nasu

291 3078 392 3140 ducor.
440 3077 558 3150 Quodsi
581 3079 749 3142 Ptolemaei
772 3081 948 3161 opusculum
970 3079 1105 3142 nancisci
1128 3099 1254 3161 nequeo,
1277 3086 1312 3140 at
1326 3075 1471 3140 Glareani
1485 3075 1651 3137 Commen-

289 3166 400 3231 arium
424 3185 512 3248 super
535 3168 613 3230 hanc
635 3169 844 3250 disciplinam,
878 3169 957 3252 quod
989 3170 1168 3252 impressum
1192 3168 1293 3231 estin
1316 3167 1382 3228 folii
1404 3166 1517 3240 forma,
1540 3163 1651 3226 Ptole-

290 3256 407 3318 maicae
430 3255 559 3319 rationis
583 3257 920 3322 fortasse'mentionem
942 3259 1045 3322 faciet.

380 3344 470 3417 Quod
492 3345 589 3427 petis,
623 3357 658 3410 ut
689 3349 857 3410 examinem
889 3369 999 3410 annum
1032 3354 1151 3409 sextum
1174 3354 1205 3407 et
1228 3345 1387 3426 septimum
1416 3351 1486 3406 ante
1510 3341 1584 3415 Oh,
1608 3361 1650 3403 an

291 3434 384 3498 luerit
405 3435 509 3516 aliqua
532 3437 702 3516 conjunctio
728 3437 753 3509 Q
777 3446 809 3498 et
830 3440 866 3514 Q:
901 3437 1097 3498 differendum
1126 3444 1174 3497 est
1202 3435 1233 3495 in
1257 3435 1445 3497 occasionem
1467 3431 1647 3513 proximam.

291 3525 362 3588 Jam
384 3524 465 3585 enim
488 3534 652 3605 occupatus
676 3544 741 3587 sum
764 3525 793 3586 in
818 3525 924 3605 eclipsi
949 3523 999 3602 Θ.
1047 3524 1111 3588 Sed
1133 3533 1275 3606 quantum
1299 3523 1383 3603 ligna
1405 3522 1543 3596 metallo,
1575 3529 1648 3582 tan-

294 3622 357 3675 turn
380 3620 486 3675 nostra
508 3613 660 3695 Tyehonis
684 3613 765 3675 cedit
787 3612 936 3675 industria
958 3613 1129 3677 subtilitati.

380 3701 473 3765 Marii
495 3701 617 3764 tabulas
639 3702 837 3766 directionum
860 3701 923 3764 vidi
943 3702 1121 3765 Benathlrae
1144 3723 1164 3763 a
1186 3710 1217 3763 te
1249 3701 1378 3776 missas,
1411 3700 1467 3762 sed
1494 3721 1649 3781 uapsppmc

293 3798 328 3856 nt
351 3797 453 3854 cetera
475 3792 575 3854 omnia
596 3799 718 3873 praetor
736 3791 919 3874 'lychonica
959 3791 1083 3856 Certum
1106 3800 1163 3867 est,
1186 3792 1279 3854 aliam
1301 3813 1320 3854 a
1338 3788 1527 3876 Ptolemaios
1547 3788 1647 3852 ratio-

291 3900 360 3955 nem
382 3898 451 3942 esse
474 3880 719 3962 Regiomontani.
765 3881 827 3944 Sed
850 3883 903 3944 vix
923 3883 1029 3946 melior
1052 3901 1120 3944 esse
1141 3876 1245 3963 potest
1258 3878 1647 3957 Ptolemaicaltogiomon-

292 3970 358 4034 tani
386 3969 537 4032 methodo.
584 3972 649 4034 Nec
672 3970 790 4046 dubito,
824 3980 967 4052 quantum
997 3992 1037 4034 ex
1059 3971 1263 4053 superficiaria
1285 3969 1414 4032 lectione
1443 3968 1518 4032 mihi
1539 3969 1648 4031 haeret

291 4060 324 4124 in
355 4059 514 4134 memoria,
546 4059 752 4124 Ptolemaeum
775 4061 874 4124 Mario
906 4069 988 4124 recte
1010 4062 1204 4124 intellectum.
1252 4058 1376 4146 Videris
1404 4066 1505 4123 autem
1527 4057 1646 4120 occulte

289 4168 421 4226 monere,
444 4155 620 4229 aspectuum
633 4151 748 4212 variam
767 4171 835 4212 esse
854 4150 1002 4214 rationem
1024 4151 1151 4231 ideoque
1173 4169 1232 4212 non
1255 4168 1324 4212 esse
1338 4147 1415 4210 adeo
1430 4147 1646 4227 geometricum

228 4305 232 4316 ,
289 4245 404 4302 certum
426 4245 458 4300 et
480 4249 623 4302 constans
644 4239 796 4320 negotium
815 4241 853 4302 de
871 4240 1056 4321 aspectibus,
1078 4239 1122 4300 uti
1141 4238 1262 4320 quidem
1276 4257 1334 4317 ego
1348 4237 1422 4301 mihi
1435 4237 1643 4319 persuadeam.

289 4327 325 4392 Si
346 4328 404 4390 hoc
427 4327 489 4404 ris,
521 4329 706 4408 respondeo,
739 4329 814 4392 nihil
847 4347 917 4392 asse
945 4349 997 4391 cur
1027 4328 1059 4390 in
1081 4327 1202 4390 dubium
1224 4335 1368 4390 vocentur
1390 4346 1476 4388 meac
1494 4326 1642 4388 rationes.

287 4417 368 4480 Nam
390 4416 510 4480 illorum
532 4427 708 4498 aspectuum
730 4418 818 4498 longe
842 4419 906 4481 alia
926 4418 1005 4481 ratio
1028 4427 1090 4494 cst,
1114 4437 1170 4482 nec
1192 4418 1230 4479 de
1253 4417 1292 4479 iis
1314 4415 1387 4478 mihi
1410 4435 1509 4480 sermo
1532 4414 1591 4476 erit
1612 4413 1644 4475 iu

290 4505 366 4570 meis
389 4505 592 4570 Harmonicis.
1620 4553 1625 4563 .

379 4594 520 4660 Getarum
542 4615 619 4677 quaa
643 4596 682 4658 ad
703 4613 751 4660 me
774 4596 921 4660 missurus
944 4594 1090 4658 distulisti
1114 4595 1246 4658 incertus
1276 4595 1314 4657 de
1342 4613 1410 4658 meo
1440 4578 1557 4667 reditu,
1588 4591 1645 4654 illa
1711 4581 1721 4592 ’

290 4683 393 4747 videre
417 4705 508 4748 aveo:
540 4693 611 4748 tnnc
644 4705 715 4766 ergo
744 4685 769 4748 si
792 4688 836 4749 M.
860 4687 896 4749 T.
920 4684 1086 4759 ridebitur,
1119 4685 1269 4746 remittam
1294 4682 1394 4748 Clarii
1422 4681 1641 4747 Astrolabium.

294 4774 421 4838 Ceteros
445 4775 565 4838 libellos
587 4785 660 4856 puto
684 4775 818 4855 integros
841 4775 880 4838 ad
902 4783 934 4836 te
962 4775 1090 4837 redisse.
1135 4776 1264 4856 Jamque
1296 4774 1335 4835 ad
1368 4792 1470 4836 omues
1498 4771 1643 4834 articulos

293 4864 447 4928 literarum
469 4873 588 4931 tuarum
609 4866 760 4944 respondi.
806 4867 912 4946 ltaque
936 4866 1004 4928 vale
1027 4865 1073 4926 vir
1094 4863 1255 4943 Magnifice
1285 4870 1318 4926 et
1337 4863 1398 4926 mei
1425 4860 1642 4935 anastasiae,
