3517 5525
680 336 846 463 'batua
924 350 928 358 .
1293 336 1296 340 ⁵
1386 399 1450 469 ser

112 574 165 643 boe
188 572 235 654 fit)
266 572 404 659 aequatio
432 582 586 639 menstrua
613 574 697 637 nulla
723 582 786 645 est,
816 574 980 655 ubicunque
1003 570 1091 637 Luna
1117 575 1185 658 ipsa
1212 576 1262 639 sit.
1306 580 1355 641 lta
1377 582 1453 644 satia

112 670 218 733 clarum
243 668 379 741 eflicitur,
404 666 577 727 tarditatem
598 684 635 725 ex
650 663 807 727 intervallo
823 672 912 727 aucto
927 684 995 725 esse
1016 664 1105 742 duplo
1125 666 1267 745 majorem
1281 667 1312 727 in
1328 670 1451 749 copulis,

111 778 195 840 quam
219 758 266 819 vel
290 756 320 817 in
343 752 472 837 planetis
503 752 625 827 ceteris,
654 753 702 814 vel
727 751 816 815 etiam
841 753 868 813 in
893 754 961 833 ipsa
982 753 1085 827 Luna,
1109 773 1174 815 cnm
1198 754 1261 833 ejus
1285 774 1451 835 apogaeum

111 856 155 909 est
179 847 208 909 in
232 841 386 925 quadris3-
402 852 434 905 et
455 843 486 904 id
509 863 601 905 cansa
624 842 742 922 quidem
765 840 852 921 hujus
882 848 1053 904 menstruae
1081 842 1305 923 inaequalitatis
1333 846 1451 924 prioris.

196 935 295 997 Valde
319 932 409 1013 igitur
433 931 567 995 laboravi
591 932 746 1007 hactenus,
771 940 804 993 ut
818 931 994 993 variationis
1019 932 1170 1011 negotium
1195 950 1260 995 cum
1285 932 1342 994 hac
1364 954 1451 997 men-

110 1034 193 1087 strua
225 1021 403 1105 aequatione
435 1020 472 1083 ab
505 1020 610 1083 iisdem
642 1019 740 1081 causis
773 1018 907 1101 physicis
942 1020 1138 1083 deducerem:
1180 1021 1234 1083 sed
1268 1022 1379 1085 frustra
1411 1024 1452 1086 fui

109 1114 268 1175 haetenus:
300 1111 428 1173 alterum
455 1129 493 1171 ex
520 1111 616 1175 altero
647 1128 705 1171 uon
736 1110 886 1187 sequitur,
918 1109 1071 1189 quodlibet
1100 1118 1149 1170 est
1166 1111 1189 1169 'a
1212 1128 1266 1171 suo
1295 1111 1451 1191 principio.

108 1202 173 1265 Non
208 1202 310 1262 dubito
342 1220 549 1278 auocarentur,-
581 1199 640 1272 (sic
663 1198 857 1260 Ptolemaeus
891 1199 1038 1279 appellat)
1071 1216 1193 1259 causam
1221 1200 1251 1259 in
1276 1199 1343 1279 ipsa
1365 1201 1453 1263 Luna

109 1310 187 1363 esse,
209 1291 289 1351 sicut
310 1289 338 1349 in
362 1288 533 1350 universum
555 1284 787 1349 eccentricitatis
812 1304 921 1347 causae
947 1288 1050 1349 insunt
1071 1288 1101 1349 in
1126 1286 1200 1366 ipsis
1221 1289 1320 1369 globis
1343 1290 1450 1369 plane-

107 1390 223 1453 tarum,
253 1378 429 1439 variationis
459 1394 531 1439 vero
564 1392 685 1437 causam
717 1394 784 1437 esse
814 1375 843 1435 in
868 1374 974 1450 Terra,
998 1375 1102 1438 Lunae
1125 1376 1279 1451 moti-icc,¹
1295 1386 1450 1458 utrumque
1574 1450 1579 1458 q

108 1478 206 1531 tamen
238 1466 397 1529 secundum
428 1465 675 1528 illuminationem
706 1464 827 1545 ejusque
857 1464 978 1543 phasea.
1024 1464 1132 1545 Itaque
1165 1464 1334 1527 consultum
1365 1475 1448 1547 pcto,

107 1556 313 1630 variationem,
337 1554 428 1628 etiam
453 1573 527 1635 quae
552 1562 707 1615 menstrua
729 1560 786 1627 eet,
811 1573 831 1613 a
848 1551 969 1615 circello
984 1552 1048 1627 BL,
1073 1556 1124 1634 qni
1147 1574 1273 1629 annuus,
1296 1574 1449 1619 removere

106 1646 213 1719 verbis,
239 1644 311 1710 illud
334 1662 404 1705 vero
420 1643 596 1723 simpliciter
619 1643 777 1716 affirmare,
801 1641 956 1720 portiones
978 1642 1155 1705 variationis
1179 1662 1351 1707 accrescere
1375 1662 1448 1725 gre-

106 1735 191 1797 dibus
215 1733 377 1795 distantiae
400 1733 504 1795 Lunae
528 1752 547 1792 a
569 1731 640 1795 Sole
665 1732 733 1805 (seu
761 1730 878 1809 angulis
903 1730 1002 1811 FAD)
1025 1730 1054 1791 in
1077 1734 1269 1813 proportione
1297 1751 1357 1812 qua
1379 1742 1450 1795 aunt

106 1823 252 1905 quadrata
271 1823 385 1884 sinuum
404 1819 565 1883 distantiae
580 1820 683 1886 Lunae
703 1840 723 1879 a
736 1818 867 1899 quadris.
908 1820 997 1906 Addo
1014 1820 1302 1883 demonstrationem
1321 1822 1447 1888 inchoa-

104 1924 166 1975 tam
181 1910 428 1991 aequivalentiae.
460 1908 509 1973 Sit
525 1908 554 1971 G
569 1908 691 1989 quadra,
706 1908 735 1969 N
751 1906 866 1987 copula,
956 1956 962 1972 .
1334 1906 1340 1915 ‘

106 2001 174 2075 GH,
192 2000 246 2071 ΗΙ,
262 2000 315 2073 l'K,
336 2000 402 2071 KL,
416 1998 485 2073 LM,
501 2000 565 2063 MN
588 2005 690 2077 partes
714 1996 866 2077 aequales.

103 2088 173 2160 No,
193 2086 256 2159 ΟΡ,
276 2087 341 2165 PQ,
361 2085 428 2164 QR,
449 2086 512 2163 RS,
538 2087 588 2151 ST
611 2086 736 2148 totidem
759 2095 862 2165 partes

103 2178 229 2258 duplae:
254 2177 337 2239 sinus
359 2176 418 2257 ipsi
441 2177 503 2239 sint
526 2177 594 2251 NA,
615 2174 687 2247 ΜΒ,
709 2172 772 2249 LO,
793 2173 861 2247 KD,

102 2268 155 2343 ΙΕ,
170 2267 246 2333 HF..
273 2266 314 2329 Et
332 2266 393 2329 sint
411 2264 565 2347 duplorum
587 2282 708 2347 arcuum
730 2262 862 2345 sagittae

101 2356 168 2423 NT.
188 2352 257 2427 OV,
272 2355 339 2430 Px,
357 2352 424 2431 ΟΥ,
442 2356 513 2429 RX,
534 2352 599 2416 SV.
637 2350 864 2415 Demonstravit

101 2446 193 2525 igitur
206 2442 312 2507 Juetns
326 2444 467 2525 Byrgius,
484 2452 517 2505 ut
531 2443 589 2505 AN
604 2440 643 2504 ad
657 2442 728 2517 ΒΜ,
743 2440 864 2521 duplam

101 2542 170 2597 esse
202 2534 423 2615 proportionem
452 2532 506 2595 TN
533 2533 573 2593 ad
596 2530 671 2605 VO,
705 2530 784 2593 sicut
815 2536 864 2591 est

101 2622 194 2704 dupla
216 2620 369 2703 proportio
394 2621 530 2702 quadrati
544 2621 604 2683 AN
628 2620 665 2681 ad
686 2620 862 2700 quadratum

99 2712 173 2777 ΒΜ.
218 2713 267 2774 Ita
295 2710 441 2774 linearum
469 2712 509 2786 A,
541 2710 577 2785 B,
607 2706 648 2784 O,
674 2710 718 2783 D,
751 2706 794 2778 Ε,
826 2709 860 2784 F,

100 2802 250 2882 quadrata
277 2801 380 2864 insunt
409 2800 598 2880 proportione
626 2797 656 2860 in
687 2797 774 2860 lineis
797 2797 861 2872 TN,

100 2887 173 2962 VO,
191 2889 258 2966 XP,
282 2887 352 2962 YQ,
375 2887 445 2963 XR,
470 2887 540 2964 VS,
573 2887 623 2949 ubi
647 2905 763 2967 semper
786 2886 862 2946 duae

101 2978 163 3042 OV
196 2987 228 3040 et
254 2977 308 3039 VS
340 2987 471 3056 aequant
503 2977 698 3050 diametrum,
730 2975 773 3036 sic
795 2973 862 3050 PX,

98 3067 175 3142 ΒΧ,
198 3067 241 3130 ιιι
264 3063 331 3140 QY,
355 3063 433 3138 YQ:
462 3073 496 3130 ut
517 3066 562 3127 ita
592 3063 689 3126 laeilis
713 3063 754 3126 sit
782 3062 919 3125 collectio
948 3085 1089 3132 summae.
1135 3073 1184 3136 Ex
1209 3075 1266 3140 boc
1294 3080 1442 3158 quadam.

99 3167 191 3220 tenus
215 3163 349 3237 apparet,
373 3173 430 3236 quo
454 3154 647 3216 fundamento
670 3153 884 3231 nitatur·apud
898 3153 1069 3235 Tycbonern
1092 3150 1229 3227 circellna
1252 3168 1440 3244 variationis,

100 3247 145 3310 sic
171 3246 278 3308 albuna
301 3244 340 3306 ad
365 3243 493 3306 orbitam
514 3243 634 3316 Lunae,
663 3251 697 3304 ut
719 3241 775 3304 NT
797 3261 862 3304 eam
885 3244 971 3324 qnasi
998 3255 1107 3328 tangat
1128 3250 1159 3312 in
1181 3254 1229 3328 A;
1261 3274 1316 3318 nec
1339 3265 1441 3321 teman

98 3335 158 3400 NT
183 3340 284 3398 manet
305 3334 437 3414 ejusdem
460 3331 663 3412 longitudinis.
710 3327 785 3394 Cum
808 3333 887 3392 enim
909 3333 967 3395 AT
990 3335 1177 3402 librationem
1206 3343 1301 3408 faciat
1323 3365 1442 3428 semper

100 3419 157 3488 41¹
182 3425 210 3486 in
234 3423 419 3504 apparentia,
443 3421 500 3482 erit
522 3421 612 3500 igitur
634 3420 733 3483 brevis
757 3419 785 3483 in
801 3419 953 3500 perigaeo,
976 3423 1065 3506 longa
1088 3427 1117 3489 iu
1133 3431 1323 3510 apogaeo.*)
1352 3435 1443 3498 Ponit
1521 3495 1529 3502 ‚

101 3521 207 3578 autem
229 3513 343 3576 Lunam
373 3511 404 3573 in
426 3511 455 3572 A
479 3509 507 3571 in
532 3513 569 3585 00,
597 3510 629 3572 in
652 3509 677 3572 T
700 3509 730 3572 in
753 3515 872 3572 octante
901 3511 1026 3591 gibbae,
1050 3514 1080 3578 in
1103 3517 1132 3578 A
1155 3519 1184 3581 in
1209 3523 1337 3601 quadra,
1360 3524 1389 3586 in
1411 3525 1442 3588 N

99 3604 132 3666 in
158 3610 280 3664 octante
304 3600 442 3674 falcatae,
468 3599 498 3662 in
519 3600 549 3661 A
573 3619 687 3670 rursum
710 3598 740 3660 in
763 3599 801 3676 ό.
847 3597 915 3680 Ego
936 3619 1008 3664 vero
1036 3623 1145 3668 causae
1172 3609 1313 3691 physicas
1336 3613 1441 3676 nodam

100 3693 248 3754 ducentes
272 3689 315 3752 sic
338 3687 463 3769 explico,
486 3695 520 3750 ut
543 3689 579 3750 de
603 3708 698 3752 annuo
724 3697 804 3750 motu
823 3687 926 3750 Lunae
945 3688 1132 3776 aSole,··qui
1155 3706 1204 3760 aar
1225 3701 1441 3764 revolutionum

102 3779 145 3844 12
171 3787 203 3845 et
228 3775 308 3844 132⁰
329 3771 393 3854 45⁴,
416 3777 485 3841 illas
508 3778 625 3857 quidem
647 3776 848 3840 revolutiones
874 3775 914 3840 12
936 3780 1102 3859 aequaliter
1125 3785 1284 3866 dispertiar
1306 3789 1337 3852 in
1360 3798 1440 3852 tem-

99 3888 180 3950 pora
201 3867 353 3950 aequalia,
387 3865 552 3946 superfluos
575 3885 644 3928 vcro
672 3861 750 3932 132ο
772 3861 825 3930 45’
853 3865 951 3928 tribuo
982 3868 1207 3938 illuminationis
1239 3877 1384 3956 pbasibus
1406 3889 1442 3940 ut

98 3957 236 4039 regulae,
259 3959 317 4020 imo
342 3955 499 4036 apparenti
525 3955 676 4018 latitudini
704 3954 805 4018 circuli
833 3954 1059 4020 illuminationis
1082 3962 1130 4023 vel
1153 3951 1332 4028 semicirculi
1356 3969 1439 4042 (nam

99 4049 140 4113 da
166 4065 257 4110 causa
280 4045 347 4128 ipsa
370 4043 515 4108 efficiente
534 4043 626 4124 jubeo
649 4043 838 4108 considerare
861 4045 1093 4128 metaphysicos,
1117 4052 1258 4132 quidnam
1279 4056 1337 4131 sit,
1360 4058 1440 4139 qnod

99 4139 161 4200 bac
185 4136 288 4216 regula
310 4143 411 4196 utatur
432 4133 462 4194 in
485 4131 630 4195 movenda
652 4132 751 4209 Luna,
777 4133 802 4194 si
825 4152 884 4196 non
906 4133 1022 4198 volunt
1036 4139 1172 4216 credere,
1202 4142 1322 4206 luminis
1344 4145 1440 4225 ipsius

100 4235 136 4290 ut
160 4225 203 4288 rei
226 4223 371 4288 naturalis
395 4223 472 4286 bane
494 4221 667 4298 emerim).
714 4221 784 4284 lam
807 4241 877 4284 vero
906 4221 1082 4290 decrescunt
1108 4228 1220 4309 phasea
1249 4232 1309 4296 sie:
1338 4235 1440 4315 posita

99 4318 133 4379 A
158 4315 262 4389 Terra,
285 4309 346 4375 NG
369 4308 571 4386 concentrico,
602 4311 630 4374 N
653 4311 773 4392 copula,
798 4307 827 4372 G
850 4311 980 4392 quadra,
1009 4313 1137 4380 latitudo
1160 4319 1264 4383 circuli
1285 4321 1438 4387 illumina-

98 4403 195 4468 tionis
218 4403 328 4465 Terrae
351 4401 399 4464 vel
422 4398 525 4493 Lupae
554 4399 732 4463 altrinsecus
762 4419 912 4480 apparens
944 4410 992 4464 est
1018 4403 1050 4466 in
1071 4409 1263 4487 proportione
1293 4411 1438 4474 linearum

98 4494 175 4567 NA,
195 4491 388 4566 MB,...HF.
421 4485 552 4568 Cumque
568 4489 672 4565 Terra,
695 4497 840 4570 qnatenus
862 4488 1030 4557 illuminata
1050 4494 1106 4556 boc
1125 4495 1331 4575 adjumentitio
1354 4509 1438 4562 motu
1522 4513 1525 4521 '

99 4590 225 4650 moveat
248 4582 381 4657 Lunam,
410 4577 512 4640 itidem
543 4587 688 4658 quatenns
717 4576 886 4645 illuminata
908 4579 1046 4658 catilla,
1076 4584 1181 4646 eadem
1207 4606 1277 4664 vero
1300 4588 1437 4668 utrinqne

192 4779 220 4854 ⁸¹)
241 4784 293 4838 Est
312 4783 395 4856 etiarn
414 4783 526 4838 libratio
540 4789 662 4854 tempore
682 4785 844 4857 inaequalia,
865 4787 1020 4844 absolvitur
1033 4788 1105 4846 enirn
1118 4805 1137 4845 a
1149 4793 1250 4862 ecpnla
1264 4791 1293 4846 in
1306 4753 1436 4864 quadram

98 4881 199 4924 reram
225 4863 424 4920 eernidiarnetar
442 4864 492 4920 AT
512 4863 563 4929 bie,
585 4863 642 4920 rive
661 4865 754 4920 brevia
782 4865 851 4926 baec
879 4859 1106 4939 quarta‘rneneia
1135 4868 1236 4939 luerit,
1264 4872 1323 4938 rive
1348 4874 1436 4948 longa

99 4957 236 5018 tempere.
276 4945 320 5005 lta
339 4945 424 5005 etiarn
444 4945 537 5018 Tyebo
558 4944 680 5024 omuibus
700 4946 784 5005 medie
804 4955 932 5004 vereatur
950 4948 979 5004 in
996 4950 1121 5022 physica
1192 5001 1196 5008 .
