3517 5525
312 383 375 453 148
699 382 729 436 Ιιι
748 382 932 435 commentaria
950 376 980 434 ds
998 382 1103 435 motibus
1121 328 1209 435 stellae
1228 380 1317 433 Martis

309 572 442 640 quanm
461 564 660 622 Ptolemaeo
689 570 814 621 centrum
842 562 917 620 orbis
937 562 1042 621 Solaria
1072 565 1154 621 abest
1173 581 1192 620 a
1212 564 1312 629 Terra,
1342 570 1372 619 et
1400 562 1429 619 in
1454 564 1530 619 linea
1549 563 1659 637 quidese

309 650 407 703 eadem
426 652 478 702 aut
496 644 648 717 parallelis.
795 642 800 656 '
1012 694 1014 701 ,

390 727 510 796 Objici
529 743 595 780 vero
615 725 681 780 mibi
701 725 793 796 potuit
813 741 832 779 a
851 725 1071 789 Braheanis,
1093 743 1136 780 me
1156 724 1331 781 temerarium
1351 742 1413 781 esse
1433 732 1607 781 novatorem:
1629 740 1662 778 se

310 808 390 873 enim,
412 824 472 861 cum
491 813 616 861 veterum
635 801 768 877 receptae
788 806 909 876 opinioni
929 806 1091 860 insisterent
1110 812 1140 859 ct
1159 822 1319 863 concursum
1337 806 1549 861 eccentricorum
1563 822 1618 861 noa
1631 805 1662 859 in

311 888 390 952 Sole,
420 889 469 943 sed
489 886 616 958 proxime
634 886 728 941 Solem
748 893 918 951 statuerent,
941 894 1034 941 tamen
1055 886 1190 941 calculum
1211 886 1272 940 inde
1293 887 1483 952 exstruxisse,
1513 887 1559 959 qui
1581 886 1660 941 coelo

310 969 486 1039 respondeat.
527 968 567 1021 Et
590 967 619 1021 in
647 966 812 1037 trajectione
841 984 1013 1022 numerorum
1034 968 1240 1021 Braheanonrm
1269 967 1298 1021 in
1327 967 1441 1022 formam
1460 967 1661 1025 Ptolemaicam
1717 992 1724 1011 ·

310 1049 401 1104 dicere
418 1048 488 1102 mihi
500 1047 594 1118 potuit
611 1047 853 1113 Ptolemaeus,
875 1048 936 1112 sibi,
959 1050 1021 1101 duur
1035 1049 1186 1101 observata
1200 1053 1298 1102 teneat
1311 1048 1512 1121 exprimatque,
1534 1044 1663 1119 reputari

309 1146 363 1183 non
385 1127 470 1190 alium
489 1127 671 1185 eccentricum
691 1145 773 1198 quam
793 1128 882 1193 illum,
914 1129 959 1199 qui
980 1128 1152 1183 describatur
1172 1143 1191 1182 a
1212 1135 1307 1183 centro
1327 1128 1460 1200 epicycli,
1489 1129 1562 1184 circa
1588 1126 1664 1200 quod

308 1209 450 1280 epicyclus
483 1208 586 1263 incedit
612 1208 777 1281 aequaliter.
825 1210 923 1279 ltaque
950 1210 1050 1263 dehere
1077 1226 1120 1263 me
1148 1207 1232 1262 etiarn
1255 1214 1340 1279 atque
1367 1209 1450 1265 etiam
1476 1209 1569 1263 ridere
1597 1207 1664 1279 quid

308 1305 408 1361 agam:
430 1306 465 1343 ue
485 1305 558 1343 novo
578 1305 643 1347 usus
663 1288 773 1344 ratione
794 1288 820 1344 id
840 1306 895 1343 non
916 1295 1064 1360 praestem,
1085 1290 1156 1361 quod
1178 1290 1214 1343 ab
1234 1288 1290 1343 illis
1308 1288 1367 1358 jam
1390 1289 1428 1344 sit
1447 1289 1613 1361 praestitum
1632 1286 1664 1341 in

309 1369 419 1425 ratione
440 1369 544 1425 reteri.-

386 1449 459 1505 Hulc
477 1450 565 1521 igitur
585 1448 734 1519 objectioni
748 1457 781 1504 ut
792 1456 990 1515 occurreretur,
1013 1452 1230 1505 demonstratum
1242 1456 1287 1505 est
1300 1449 1327 1504 in
1343 1449 1426 1522 prim
1435 1467 1454 1506 a
1467 1449 1559 1523 operis
1569 1454 1663 1520 parte.

309 1548 362 1601 per
380 1532 453 1585 hanc
471 1546 571 1585 novam
591 1529 727 1585 rationem
746 1533 842 1585 eadem
862 1532 946 1601 plane
966 1530 1025 1585 fleri
1045 1547 1095 1585 seu
1115 1530 1254 1602 praestari
1274 1546 1366 1601 posse,
1390 1548 1462 1603 quae
1482 1548 1533 1605 per
1552 1530 1664 1585 illorum

309 1618 436 1667 vaurum
454 1611 589 1666 rationem
610 1616 676 1665 suut
694 1612 840 1681 praestita

387 1701 544 1755 Secunda
564 1715 630 1753 rere
645 1699 736 1770 operis
749 1707 831 1772 perte
845 1718 903 1756 rem
917 1700 1005 1771 ipsam
1021 1718 1079 1757 sum
1094 1717 1255 1773 aggressus,
1277 1707 1308 1755 et
1321 1718 1373 1755 non
1388 1702 1487 1766 minus,
1506 1700 1559 1755 imo
1574 1701 1663 1755 multo

307 1780 411 1836 rectius
424 1778 552 1851 expressi
566 1796 617 1849 per
629 1796 718 1835 meam
736 1781 873 1837 rationem
890 1782 953 1835 loca
965 1782 1063 1837 Martis
1077 1782 1106 1835 in
1125 1780 1273 1853 apparenti
1286 1781 1358 1836 Solis
1378 1780 1559 1853 oppositione,
1580 1796 1665 1851 quam

307 1860 350 1915 illi
369 1864 570 1932 expromerent
589 1876 640 1931 per
659 1867 782 1916 veterem
801 1863 938 1918 rationem
957 1863 1021 1916 loca
1039 1862 1138 1917 Martis
1160 1862 1188 1915 in
1208 1862 1298 1915 medis
1317 1862 1389 1917 Solis
1411 1862 1592 1933 oppositione.

387 1941 499 1996 Interim
518 1947 582 1997 tota
602 1949 683 2011 parte
703 1945 824 1998 secunda
843 1939 992 2015 (quantum
1005 1944 1039 1997 ad
1053 1942 1236 2013 geometricas
1252 1944 1499 1997 demonstrationes
1514 1960 1551 1996 ex
1565 1943 1663 1995 ohser-

308 2015 481 2091 vationibus)
501 2021 530 2075 in
550 2038 685 2092 suspenso
704 2025 813 2095 reliqui,
833 2032 898 2079 uter
917 2022 1019 2078 rectius
1040 2022 1140 2087 faciat,
1169 2022 1231 2078 Illi
1253 2038 1289 2077 an
1310 2024 1399 2095 Egor
1425 2025 1534 2094 wando
1554 2022 1665 2093 quidem

311 2101 519 2158 observationes
540 2102 687 2157 nonnullas
708 2102 822 2175 (quippe
839 2105 967 2175 regulam
988 2102 1089 2159 nostris
1104 2102 1352 2157 machinationibus
1367 2100 1531 2173 praefixam)
1552 2101 1665 2172 utrique

309 2182 533 2254 assequebantur,
555 2182 677 2253 physicis
696 2202 763 2238 vero
783 2185 874 2238 causis
889 2190 1103 2239 consentaneam
1116 2200 1178 2239 esse
1191 2199 1279 2240 meam
1293 2184 1436 2249 rationem,
1458 2184 1665 2238 dissentaneam

309 2264 419 2319 illorum
439 2268 570 2326 veterem,
591 2264 693 2332 partim
714 2265 823 2319 ouandi
842 2270 925 2335 parte
945 2264 1041 2334 prima,
1065 2264 1215 2334 praecipue
1236 2264 1329 2335 capite
1349 2264 1396 2319 Vl.

390 2347 431 2397 At
450 2344 556 2397 dearum
576 2351 658 2413 parta
680 2352 804 2415 quarta
826 2344 917 2415 operis
938 2344 1037 2415 Capite
1057 2344 1116 2399 Lll.
1137 2361 1189 2415 per
1209 2345 1280 2399 alias
1302 2346 1434 2416 quasdam
1454 2342 1664 2399 observationes

310 2440 366 2479 nou
384 2423 473 2477 minus
495 2422 665 2487 infallibiles,
687 2426 893 2496 quampriores
916 2432 1004 2487 erant,
1034 2441 1156 2496 quasque
1184 2424 1293 2481 illorum
1320 2432 1399 2480 vetus
1428 2426 1501 2480 ratic
1529 2423 1666 2495 nequibat

246 2513 251 2526 ¹
312 2503 431 2575 assequi,
446 2518 510 2557 mea
522 2505 725 2574 assequebatur
737 2505 928 2576 pulcherrime,
941 2506 1125 2560 demonstravi
1139 2505 1308 2570 solidissime,
1319 2505 1419 2561 llartis
1433 2504 1613 2560 eccentricum
1624 2502 1666 2556 sic

311 2578 484 2649 situm'esse,
505 2589 539 2636 ut
557 2582 646 2655 ipsum
667 2585 772 2641 Solaria
792 2587 914 2655 corporis
935 2591 1058 2641 centrum
1079 2586 1106 2640 in
1128 2586 1227 2641 lineam
1250 2586 1372 2655 apsidum
1393 2584 1454 2657 ejus
1475 2584 1586 2648 incidat,
1608 2600 1665 2639 uon

310 2681 376 2721 raro
396 2663 510 2736 aliquod
529 2673 660 2734 puuctum
678 2684 779 2737 prope;
801 2666 896 2737 itaque
917 2666 1083 2721 eccentricos
1106 2682 1198 2721 omues
1219 2666 1247 2720 in
1268 2666 1328 2735 ipso
1348 2666 1431 2721 Sole
1452 2682 1622 2721 concurrere.

390 2745 430 2800 Ut
448 2760 514 2800 vero
534 2742 587 2800 hoc
606 2764 661 2802 non
680 2754 789 2803 tanturn
810 2748 900 2818 quoad
921 2746 1122 2820 longitudinem
1142 2748 1284 2812 obtineat,
1315 2749 1361 2802 sed
1382 2747 1466 2802 etiam
1487 2747 1578 2818 quoad
1600 2744 1665 2801 lati·

312 2825 447 2880 tudinem:
467 2824 530 2880 ideo
550 2834 632 2896 parte
653 2829 774 2899 quinta
793 2829 979 2885 demonstrari
993 2829 1107 2883 eandem
1121 2845 1179 2883 rem
1200 2827 1285 2884 etiam
1305 2846 1342 2884 ex
1363 2829 1518 2885 observatis
1538 2825 1666 2882 numd-

311 2907 392 2962 nibus
414 2904 512 2977 capite
532 2906 644 2964 van.

392 2988 454 3042 Non
474 2993 626 3056 potuerunt
646 2989 703 3044 ista
721 2990 855 3044 maturius
875 2991 904 3044 in
925 3007 1009 3060 opere
1029 2989 1223 3055 demonstrari,
1247 2989 1313 3060 quia
1331 2987 1487 3062 ingreditur
1506 2989 1535 3044 in
1554 2987 1665 3056 demon·

312 3067 463 3123 strationes
483 3068 534 3122 has
556 3070 754 3126 astronomicas
781 3070 904 3142 cognitio
931 3077 1033 3126 exacta
1060 3087 1204 3126 causamn
1234 3069 1443 3140 inaequalitatis
1471 3070 1609 3124 secundae
1635 3067 1666 3121 iu

312 3155 389 3202 motu
408 3149 598 3219 planetarum:
629 3150 657 3204 in
677 3167 734 3223 qua
753 3150 878 3205 similiter
899 3153 1083 3226 detegendum
1102 3153 1178 3222 prius
1200 3157 1263 3206 erat
1282 3155 1364 3221 parte
1384 3150 1471 3206 tertia
1491 3165 1591 3205 norum
1611 3147 1664 3203 ali-

314 3229 386 3300 quid,
408 3229 630 3286 antecessoribus
649 3231 819 3303 incognitum
839 3230 887 3288 duc.

392 3318 503 3374 Etenim
522 3321 707 3375 demonstrari
727 3329 812 3392 parte
830 3323 956 3377 tertia:
984 3323 1043 3376 sive
1069 3328 1149 3376 vetus
1166 3319 1228 3391 jam
1255 3319 1330 3375 dicta
1354 3319 1426 3374 ratio
1454 3318 1563 3384 valeat,
1592 3331 1665 3390 quae

312 3400 401 3457 medio
421 3399 493 3454 Solis
513 3408 597 3465 motus,
618 3401 678 3455 sive
698 3418 761 3456 mea
778 3418 860 3465 nova,
882 3419 953 3472 quae
974 3401 1121 3472 apparenti
1141 3401 1244 3464 utitur;
1265 3400 1393 3470 euinque
1414 3407 1506 3456 “meu
1527 3400 1665 3454 secundae

313 3480 518 3552 inaequalitati,
539 3497 611 3551 quae
631 3481 809 3535 communiter
829 3499 922 3536 omues
942 3484 1071 3551 planetas
1093 3481 1206 3545 attinet,
1234 3475 1401 3551 permixtum
1422 3497 1484 3534 esse
1504 3479 1609 3552 aliquid
1629 3481 1665 3532 de

313 3561 523 3632 inaequalitatis
543 3561 649 3630 primae
670 3561 771 3617 musis.
813 3563 912 3631 ltaque
933 3563 1129 3616 Ptolemaeo
1149 3561 1343 3625 demonstravi,
1365 3560 1503 3632 epicyelcs
1525 3577 1588 3616 suos
1609 3575 1665 3612 nou

314 3641 420 3697 habere
432 3639 485 3696 illa
497 3647 603 3710 puncta
615 3658 666 3710 pro
680 3641 791 3706 centris,
813 3640 886 3695 circa
905 3658 977 3712 quae
991 3649 1080 3696 motus
1095 3659 1188 3696 eorum
1202 3647 1267 3696 sunt
1281 3641 1450 3711 aequabiles.
1480 3641 1525 3696 Sic
1540 3641 1666 3710 Ceper-

314 3723 390 3776 nioo
410 3720 607 3784 demonstrari,
636 3721 779 3787 cuculum,
807 3721 910 3792 inquo
932 3723 1025 3778 'lellus
1047 3721 1232 3777 circaSolem
1252 3730 1394 3786 moretur,
1422 3739 1476 3776 non
1503 3721 1609 3776 habere
1638 3719 1665 3772 id

314 3797 446 3871 punctism
458 3817 509 3872 pro
523 3807 627 3864 centro,
649 3800 723 3856 circa
735 3804 806 3873 quod
820 3802 882 3872 ejus
897 3808 985 3856 motus
999 3802 1138 3874 regularis
1152 3807 1196 3856 est
1210 3807 1240 3856 et
1253 3802 1414 3874 aequabilis.
1449 3801 1495 3858 Sic
1508 3799 1667 3874 Tychoni

315 3881 457 3936 Braheo
478 3881 671 3945 demonstrari,
692 3883 830 3948 circulum,
851 3883 880 3936 in
901 3900 954 3954 quo
976 3882 1099 3937 circumit
1119 3897 1268 3939 concursus
1286 3899 1336 3938 seu
1355 3884 1442 3938 nodus
1456 3881 1671 3938 eccentricorum

317 3960 500 4032 supradictus,
521 3978 576 4015 uon
596 3961 701 4016 habere
721 3963 749 4018 id
767 3971 900 4033 punctum
920 3980 970 4034 pro
991 3968 1095 4028 centro,
1117 3963 1190 4017 circa
1211 3965 1281 4034 quod
1295 3963 1356 4034 ejus
1371 3971 1459 4018 motus
1472 3962 1612 4035 epuleris
1627 3966 1673 4014 est

317 4049 348 4096 et
370 4041 534 4113 aequabilis.
576 4041 648 4096 Nam
668 4041 691 4096 si
713 4046 861 4098 concedam
879 4043 1034 4109 Braheo,
1062 4050 1095 4099 ut
1115 4044 1225 4098 differat
1252 4059 1398 4098 concursus
1419 4043 1632 4098 eccentrieorum
1653 4055 1673 4096 a
1710 4041 1715 4062 ¹

318 4128 413 4176 oentru
435 4121 543 4187 Solis,
564 4138 679 4176 necesse
694 4140 756 4177 esse
769 4131 802 4177 ut
814 4123 897 4188 dicat,
913 4124 1053 4178 circuitum
1068 4141 1214 4180 concursus
1230 4123 1311 4188 illius,
1327 4124 1373 4195 qui
1388 4124 1544 4196 ςιιιιιιιίιιιιε
1557 4128 1590 4179 et
1603 4130 1672 4178 tem·

318 4218 387 4273 pore
418 4202 502 4272 plane
522 4209 627 4274 aequat
646 4202 789 4258 circuitum
808 4204 925 4271 Solis,
947 4205 1127 4260 eccentricum
1148 4221 1209 4259 esse
1230 4211 1260 4258 et
1279 4221 1397 4276 vergere
1418 4204 1445 4260 in
1466 4204 1670 4276 Capricornum,

319 4298 379 4336 cum
399 4281 500 4336 Solis
528 4283 657 4338 circuitus
680 4285 849 4340 eccentricus
870 4292 973 4358 vergat
992 4285 1020 4340 in
1035 4285 1185 4348 Cancrum:
1216 4285 1285 4340 idem
1307 4301 1372 4339 vero
1394 4284 1519 4341 aooidere
1539 4283 1672 4356 epicyclis

317 4361 531 4427 Ptolemaei;
1455 4425 1459 4432 .

398 4441 447 4496 Sin
466 4447 560 4498 autem
579 4459 740 4500 concursum
769 4461 819 4498 seu
845 4449 944 4501 nodum
973 4446 1185 4502 eccentrioorsun
1212 4445 1352 4502 conferam
1377 4445 1406 4500 in
1432 4445 1522 4516 ipsum
1548 4449 1673 4500 ecum

320 4521 443 4592 corporis
463 4521 584 4587 Solaria,
612 4530 679 4580 tunc
705 4524 845 4582 circuitum
872 4528 947 4582 hunc
974 4527 1116 4598 utriusque
1137 4534 1168 4581 et
1186 4527 1249 4582 nodi
1271 4525 1336 4582 dicti
1356 4533 1386 4580 et
1406 4525 1477 4584 Sulis
1506 4539 1674 4581 communem

321 4602 502 4658 eccentricum
523 4603 631 4673 quiden
651 4621 713 4659 esse
734 4620 753 4661 a
766 4607 852 4660 Terra
870 4615 902 4662 et
915 4607 943 4662 in
957 4607 1090 4664 Cancrum
1106 4623 1232 4679 vergere,
1255 4609 1301 4660 sed
1316 4606 1423 4662 dimidio
1437 4607 1525 4662 solum
1539 4605 1673 4662 eccentri-

321 4683 416 4739 citatis
429 4683 499 4754 ejus,
517 4699 599 4753 quarn
612 4685 720 4740 obtinet
733 4692 872 4756 punctum,
888 4687 961 4743 circa
974 4691 1044 4760 quod
1059 4688 1130 4744 Solis
1145 4695 1234 4743 ructus
1248 4687 1387 4760 regularis
1401 4693 1431 4741 et
1444 4687 1598 4760 aequabilis
1611 4693 1673 4750 ests

344 4789 352 4796 ’·
400 4773 440 4830 Ει
458 4771 488 4827 in
508 4773 707 4843 Coperuico
727 4775 830 4830 Terrae
851 4777 1032 4834 eccentricum
1053 4793 1169 4852 vergere
1199 4776 1307 4849 quidem
1336 4777 1365 4831 in
1386 4778 1593 4848 Capricornum,
1625 4777 1675 4832 sed

323 4853 432 4909 dimidio
451 4854 551 4909 saltem
564 4853 626 4924 ejus
641 4855 864 4921 eccentricitatis,
887 4874 942 4930 qua
954 4859 982 4913 iu
997 4860 1112 4913 eundern
1127 4857 1321 4928 Capricornum
1335 4857 1420 4914 distet
1439 4867 1579 4930 punctum,
1601 4857 1677 4916 ciret
1738 4873 1745 4884 ‘

324 4936 396 5009 quod
416 4933 570 5009 aequabilis
590 4941 636 4989 est
655 4943 744 4991 motus
762 4938 879 5007 Terrae;
