3517 5525
141 385 145 447 ζ
254 465 258 478 .
323 393 441 464 crs·
633 457 635 468 .
921 395 1080 456 nesus.
1143 354 1149 364 ’

411 576 481 628 Haeo
498 582 565 632 aaut,
583 587 651 639 qaae·
665 573 835 640 Manmcrlpts
852 575 970 628 mbibeut
987 576 1018 627 de
1036 575 1166 628 moadiae
1184 574 1297 638 Keplsri,
1314 573 1402 624 limma
1419 587 1487 638 qaeu
1506 568 1675 639 inim

325 646 491 714 ,Hipparahi“
507 647 652 712 insignitum
671 649 696 696 in
709 647 789 698 locum
802 647 939 713 Almagesti
953 649 1098 700 astronomis
1116 648 1263 697 mbstituers
1274 647 1358 704 voluit,
1374 646 1523 709 pertritum.
1553 646 1675 711 Reliqua,

323 734 387 783 quse
405 721 488 768 insunt
505 717 666 767 voluminibus
683 717 703 768 Ι.
724 725 750 768 ει
767 717 822 768 XV.
842 719 902 771 Mss.
921 719 1031 784 Petrop..
1049 720 1216 770 testimoninm
1234 718 1333 782 quidem
1357 718 1488 781 praebent,
1506 724 1537 768 nt
1557 733 1596 771 aa
1613 732 1676 782 qaae

322 791 392 840 initio
411 790 514 840 diximus
533 795 681 851 repetamus,
700 793 828 854 nunquam
844 791 918 854 plane
937 793 1051 839 omissam
1064 804 1118 840 esse
1131 804 1182 839 rem
1195 791 1329 854 inceptam,
1349 795 1489 852 superatam
1507 803 1571 838 vero
1592 787 1675 837 rulan-

322 868 401 912 tatem
419 859 603 910 difficultatibus
622 861 702 925 magis
718 862 847 926 magisque
867 863 1068 911 increscentibus.
1105 857 1174 910 Nihil
1192 861 1218 909 iu
1235 859 1273 910 his
1291 860 1454 910 solaminibus
1471 861 1593 915 occurrit,
1613 859 1676 924 qaod

323 932 463 998 praemissis
482 931 622 981 addendam
641 933 682 989 sit,
701 939 806 996 excepta
825 932 1067 992 ,Tmnsiormatione
1085 931 1248 997 hypetaona·
1265 931 1395 987 umam:
1416 945 1481 995 qnae
1497 931 1571 980 inira
1588 946 1676 995 seqar-

323 1011 378 1062 tur;
398 1003 492 1068 reliqua
510 1003 611 1053 calculis
630 1009 746 1054 constant
763 1004 956 1054 omnimodarum
974 1005 1114 1067 eclipsiurn,
1134 1017 1190 1053 cum
1209 1003 1330 1053 Solarium
1348 1011 1399 1052 mm
1418 1003 1570 1058 Lueriam,
1589 1003 1674 1066 quibu
1745 1006 1746 1009 ’

323 1073 469 1140 hypothesin
488 1087 559 1122 snam
578 1075 710 1124 emendare
729 1074 767 1123 vel
786 1075 870 1124 fulcire
890 1075 974 1133 studet
991 1075 1121 1138 Keplerns.

410 1145 477 1194 Folio
497 1141 547 1193 003
567 1143 689 1208 Keplernr
711 1145 796 1196 literas
821 1145 880 1196 dicit
902 1146 933 1194 ad
952 1145 1110 1195 Maentlinum
1130 1145 1212 1203 datas,
1231 1159 1293 1210 quas
1311 1144 1351 1194 bic
1368 1144 1515 1194 inserendas
1534 1157 1674 1193 censeam.

323 1215 417 1268 Ultima
443 1229 507 1280 quae
532 1224 644 1279 superest
662 1207 824 1268 Maestlini
852 1217 884 1266 ad
909 1217 1078 1276 Keplerum
1103 1217 1209 1285 epistpla
1234 1217 1296 1265 data
1323 1224 1361 1266 est
1384 1215 1410 1264 d.
1430 1215 1473 1263 11,
1493 1215 1574 1264 Mart
1596 1211 1675 1263 10211.

323 1289 360 1338 Ex
378 1302 410 1338 ea
428 1292 539 1351 apparat,
558 1286 693 1350 Keplerurn
712 1303 729 1338 a
747 1288 784 1336 W.
804 1287 999 1338 Schiokardo
1017 1289 1170 1352 Tublngenai
1192 1289 1329 1361 professore
1352 1289 1468 1349 petiisse,
1492 1295 1524 1336 at
1538 1287 1591 1336 nbi
1610 1301 1685 1344 εει,

322 1361 461 1410 manicaret
479 1373 530 1416 eas,
550 1373 613 1423 qnae
625 1360 671 1422 ipsi
684 1366 709 1410 et
722 1359 853 1410 Maeatlino
872 1368 971 1423 praesto
983 1369 1075 1417 emeat,
1094 1361 1276 1412 emanationes
1292 1360 1427 1423 eclipsim,
1443 1359 1598 1422 prussrfln
1619 1360 1675 1407 mi

323 1432 430 1496 proxime
450 1431 539 1480 exacti.
575 1429 615 1480 Ad
633 1445 697 1495 quae
715 1431 841 1494 respoudit
857 1428 1022 1480 Schickardns
1041 1429 1164 1490 (Hansch.
1182 1447 1205 1495 p.
1221 1429 1284 1488 078)
1304 1431 1337 1479 ad
1355 1429 1516 1478 Maestlinum
1534 1443 1675 1478 recamm

323 1501 470 1566 Maeqtlinns
489 1500 594 1564 eclipsin
609 1501 724 1552 describit
742 1501 879 1556 Lunarem.
900 1502 993 1550 addens
1011 1503 1133 1552 calculum
1153 1504 1356 1560 astronomicum,
1375 1503 1521 1565 praesertim
1541 1502 1575 1550 de
1595 1500 1674 1564 paral-

325 1575 437 1629 luxibus:
458 1573 490 1622 ad
503 1572 624 1622 calculum
643 1587 713 1622 snum
732 1587 781 1624 non
803 1573 904 1622 adhibet
922 1573 1080 1637 logarlthmos
1101 1575 1175 1637 ,qnia
1186 1573 1373 1622 tundamentum
1386 1586 1433 1636 ego
1444 1573 1572 1621 munus
1592 1585 1676 1621 erana

324 1645 485 1709 nonpotui.“
524 1641 749 1708 (Compitanach.
772 1661 795 1708 p.
816 1642 871 1705 bd.)
907 1643 1465 1708 Ksplsrurretponditlruncinmodum:

414 1731 590 1795 Clarissima
605 1732 671 1804 Vir.
710 1733 844 1796 aureius
868 1751 914 1794 me
933 1734 1057 1794 absente
1081 1733 1185 1794 literas
1209 1740 1276 1795 tuas
1290 1733 1321 1794 io
1336 1748 1419 1794 mess
1442 1733 1538 1823 aedes
1561 1730 1674 1805 intulit,

326 1841 393 1885 cnm
416 1821 654 1896 denunciatione,¹
680 1829 713 1883 ut
727 1822 807 1884 intra
820 1823 1036 1900 praestitutum·
1050 1829 1168 1902 tempus
1191 1823 1413 1901 responderem.
1449 1821 1561 1883 Brevis
1585 1820 1676 1898 igiter

325 1931 394 1974 csse
408 1911 529 1984 studco;
554 1929 591 1971 sn
607 1909 707 1972 idaim
725 1917 926 1985 assecutnms,
950 1911 1016 1971 finis
1031 1911 1177 1990 epistolae
1202 1912 1351 1974 ostendet.
1391 1910 1518 1974 Gratias
1534 1910 1674 1988 ingentes

327 2020 383 2081 ago
408 2007 439 2061 ct
460 2017 513 2080 pro
545 1999 754 2062 observatione
779 2009 830 2060 tos
858 1999 1006 2079 eclipseos
1030 1999 1072 2060 et'
1088 2020 1142 2081 pro
1170 2001 1308 2062 examine
1338 2019 1433 2063 meae.
1481 1997 1570 2078 Opus
1606 2016 1673 2060 vero

326 2091 381 2153 tibi
405 2107 472 2158 esse
496 2096 573 2169 puto·
592 2089 795 2150 declaratione
820 2091 1005 2168 quarundam
1028 2107 1140 2164 rerum,
1164 2107 1223 2168 qua
1245 2099 1389 2171 percepta
1409 2084 1498 2168 rogo.
1523 2097 1560 2149 ut
1585 2086 1673 2149 iteres
1745 2106 1747 2169 q

326 2197 484 2243 censuram
507 2187 605 2240 tuam:
631 2197 680 2242 res
703 2177 781 2239 enim
806 2197 916 2256 niagna
939 2179 1037 2257 agitur
1056 2178 1097 2237 -de
1119 2179 1196 2239 locis
1219 2197 1262 2240 sc.
1287 2179 1416 2241 omnium
1439 2179 1582 2238 fixarum.
1745 2178 1746 2225 3

414 2267 545 2330 Primum
568 2267 732 2347 paraliticis
756 2268 781 2338 b
808 2264 861 2330 62⁴
888 2265 950 2328 10”
978 2285 1164 2346 nequaquam
1194 2287 1282 2329 anre
1315 2267 1372 2330 ruit
1400 2266 1539 2330 adhibita
1567 2264 1673 2328 altitu·
1745 2300 1746 2329 ;

326 2355 388 2420 diui
410 2351 479 2427 50⁰,
503 2357 556 2417 sed
580 2365 627 2417 est
651 2357 724 2418 hacc
748 2355 914 2435 paraliticis
937 2354 1104 2418 altitudinis
1124 2355 1236 2435 inipso
1256 2358 1420 2419 horizonte.
1456 2355 1673 2418 Demonstrati

321 2455 424 2523 ¹autem
449 2452 518 2506 ante
545 2439 585 2505 16
609 2463 702 2506 annos
728 2447 755 2505 in
780 2444 899 2524 Opticis
923 2444 997 2525 Gap.
1018 2445 1075 2507 IX.
1100 2441 1248 2521 101330,
1272 2447 1359 2527 qood,
1383 2444 1483 2525 posito
1506 2463 1569 2506 uuo
1594 2453 1675 2506 certo

327 2535 421 2616 gradu
445 2533 601 2613 eclipticas
625 2534 655 2594 iu
680 2534 834 2595 horizonte
858 2553 951 2612 eoque
976 2543 1093 2595 retento
1116 2533 1260 2596 immobili
1285 2535 1315 2596 in
1338 2554 1389 2607 eo,
1413 2535 1500 2595 Luna
1523 2553 1601 2596 vero
1625 2551 1676 2612 per

327 2631 423 2688 totum
445 2622 663 2684 semicirculum
687 2622 843 2702 eclipticas
871 2631 1039 2684 exstantem
1063 2631 1152 2684 eunte
1176 2624 1205 2683 in
1228 2624 1333 2684 cadem
1357 2645 1377 2686 a
1397 2625 1493 2684 Terra
1515 2623 1675 2694 distantis,

328 2729 446 2793 semper
469 2711 574 2773 eadem
589 2723 718 2778 'maneat
740 2711 906 2793 parallaxis
930 2712 1108 2775 latitudiuis.
1152 2722 1207 2788 (Sit
1227 2717 1281 2777 24⁰
1302 2719 1337 2787 ill
1365 2724 1393 2778 in
1419 2729 1495 2787 omn,
1528 2721 1568 2777 slt
1594 2722 1675 2777 ea’an

327 2804 424 2861 eadem
443 2803 577 2857 distantia
598 2794 624 2863 0
645 2818 663 2857 ε
683 2804 777 2865 Terra,
799 2804 852 2857 erit
872 2804 1029 2872 parallaxis
1049 2803 1204 2859 latitudinis
1225 2794 1251 2865 J>
1272 2811 1355 2859 tanta
1373 2805 1401 2858 in
1416 2798 1512 2868 wil
1538 2804 1570 2857 in
1591 2820 1674 2858 nana

326 2894 441 2967 gesimo,
463 2898 568 2963 quanta
588 2892 616 2947 in
636 2886 688 2946 2t⁰
713 2888 745 2955 ill
766 2893 794 2946 in
815 2892 921 2947 oriente
940 2894 986 2945 rel
1007 2888 1101 2949 21οὅ
1124 2893 1152 2946 iu
1172 2890 1335 2958 occidente.)
1372 2882 1674 2961 balgenciaco.

328 2974 367 3035 ad
390 2971 445 3034 sin.
471 2971 636 3035 distantiae,
658 2970 844 3051 nonagesimi
868 2971 1037 3044 avertice,
1062 2971 1106 3035 its
1129 2969 1182 3034 62⁴
1210 2970 1273 3035 10”
1300 2974 1338 3033 ad
1368 2970 1542 3051 parallaxin
1566 2971 1675 3033 latitu-

329 3062 428 3135 dinis;
453 3067 484 3121 ct
506 3068 540 3122 nt
562 3060 639 3121 idem
663 3062 719 3123 sin.
744 3068 799 3123 tot.
825 3060 863 3121 ad
887 3060 943 3121 sin.
969 3058 1138 3123 altitudinis
1167 3060 1368 3140 nonagesimi,
1397 3061 1443 3122 ita
1465 3057 1520 3123 62‘
1550 3057 1616 3123 10¹⁴
1639 3060 1676 3121 ad

326 3149 496 3234 parallaxiu
519 3150 599 3227 long.
624 3150 856 3225 horizontalem3
880 3158 914 3212 ut
936 3150 1086 3215 verusio.
1103 3159 1158 3212 tot.
1175 3152 1213 3210 ad
1229 3150 1326 3211 sinum
1349 3150 1512 3211 distantiae
1528 3150 1676 3211 Lunata

328 3239 529 3321 nonagesimo,
553 3238 597 3301 ita
613 3237 778 3319 parallaxis
803 3238 996 3301 horizontalis
1012 3239 1051 3300 ad
1065 3239 1234 3317 parallaxin
1258 3237 1455 3317 longitudinis
1469 3240 1499 3299 in
1514 3240 1676 3318 proposita

327 3329 487 3393 altitudine
510 3329 624 3390 Lunae.
669 3328 747 3389 Hinc
769 3335 869 3408 patet,
893 3328 920 3390 si
944 3329 999 3389 sin.
1024 3328 1077 3390 alt.
1107 3328 1295 3407 nonagesimi
1321 3327 1541 3407 multiplicetur
1564 3328 1596 3389 in
1620 3328 1673 3389 sin

245 3428 250 3445 '
327 3416 491 3482 distantiae
505 3418 608 3478 Lunae
632 3417 867 3497 anonagesimo,
893 3418 990 3479 factus
1013 3417 1042 3478 in
1059 3414 1113 3479 62‘
1129 3414 1202 3491 10¹1,
1227 3417 1337 3480 ablatis
1355 3413 1395 3479 10
1417 3416 1522 3496 liguris
1546 3415 1670 3489 ultimis,

327 3508 495 3572 conlectum
514 3504 549 3566 iri
568 3506 736 3585 parallaxin
762 3506 840 3585 long.
860 3506 1085 3569 horizontalem.
1123 3505 1220 3586 Atqui
1236 3506 1501 3583 multiplicationes
1525 3504 1673 3567 tolluntur
1715 3549 1718 3556 .

327 3595 480 3659 additione
508 3594 771 3675 logarithmorum,
795 3602 826 3655 ut
851 3595 1071 3658 demonstravit
1098 3594 1279 3673 Neperus.
1326 3596 1433 3675 ltaque
1454 3594 1598 3657 iuvenies
1618 3594 1673 3655 lroc

328 3698 462 3765 tempore
485 3682 674 3745 altitudinem
696 3685 721 3755 b
747 3682 789 3747 55
814 3684 939 3746 semidd.
964 3682 1075 3745 Terrae
1098 3703 1136 3745 cx
1158 3702 1226 3745 mea
1248 3683 1398 3762 parallaxi
1421 3678 1473 3745 62⁴
1504 3680 1581 3759 10⁰,
1602 3691 1673 3764 puta

237 3838 240 3848 ,
328 3772 507 3838 horizontali
531 3768 707 3835 altitudinis.

416 3863 460 3926 Ut
482 3867 582 3923 antem
605 3860 660 3922 tibi
681 3861 826 3940 perhanc
850 3860 1037 3923 occasionem
1061 3861 1205 3943 explicem
1226 3860 1325 3924 obiter
1347 3859 1496 3923 rationem
1519 3860 1673 3940 legaritb·

329 3970 452 4018 morum.
477 3949 598 4013 attendo
621 3949 716 4029 primo
746 3969 866 4024 noman,
900 3951 977 4031 quod
1005 3950 1067 4012 sint
1089 3949 1182 4032 aliqui
1209 3948 1343 4024 numeri,
1374 3945 1520 4030 quisunt
1548 3949 1674 4029 ἀριθμα

330 4064 383 4105 eoo
398 4044 492 4119 loyca.
534 4038 625 4101 Verbi
643 4058 735 4100 causa
752 4039 794 4100 sit
811 4039 932 4103 minima
953 4039 1083 4101 omnium
1105 4039 1258 4119 proportio
1282 4046 1424 4121 suscepta
1438 4038 1519 4100 inter
1532 4058 1673 4101 numeros

334 4126 517 4194 10000000
548 4116 788 4192 etaetatis:
817 4128 891 4190 haec
916 4128 1069 4207 proportio
1108 4128 1242 4208 signetur
1273 4127 1362 4191 nobis
1391 4128 1508 4189 unitate
1546 4130 1674 4211 (quanta

301 4274 302 4280 ,
331 4216 468 4281 nimirum
500 4224 548 4277 cst
579 4216 771 4279 terminorum
800 4216 981 4291 differentis,
1012 4224 1044 4279 et
1073 4216 1117 4278 sic
1149 4215 1322 4296 logarithmi
1354 4225 1424 4279 sunt
1456 4216 1671 4279 acmmtiorcs.

331 4308 410 4371 Nam
433 4305 546 4367 initium
570 4306 660 4367 debet
682 4305 744 4367 lieri
763 4306 985 4385 sproportione
1009 4305 1104 4383 adbuc
1128 4306 1216 4385 longe
1239 4306 1355 4383 minori,
1379 4304 1424 4367 its
1445 4314 1480 4367 ut
1496 4305 1576 4369 haec
1600 4325 1670 4387 pro·

332 4393 430 4476 portio
459 4391 607 4473 aequarat
629 4413 735 4456 nomen
773 4394 861 4473 paulo
895 4394 990 4473 majus
1022 4394 1172 4468 unitatel:
1203 4396 1269 4473 jam
1295 4395 1375 4470 scis,
1413 4394 1492 4477 quod
1517 4396 1671 4477 proportio

332 4486 412 4547 iuter
434 4478 596 4547 99999.99
620 4491 650 4545 ει
672 4480 835 4549 9999998
862 4482 904 4543 sit
928 4483 1023 4563 major
1050 4502 1137 4564 qnam
1161 4482 1215 4545 illa
1243 4484 1326 4563 prior
1347 4492 1379 4546 et
1399 4502 1528 4565 sequeus
1557 4502 1673 4547 rursum

237 4635 240 4643 ,
334 4572 448 4653 major,
480 4590 521 4633 sc.
546 4568 809 4638 interessetis
833 4567 1050 4653 attestati
1074 4581 1105 4633 ει
1134 4573 1178 4634 sic
1203 4582 1428 4654 consequenter,
1460 4572 1505 4634 sic
1536 4582 1573 4636 nt
1600 4594 1672 4655 pro-

334 4662 431 4743 portio
454 4659 530 4721 inber
553 4657 712 4724 5000001
734 4669 765 4723 ει
784 4657 948 4725 5000000
971 4662 1012 4723 sit
1033 4662 1145 4740 major,
1169 4680 1258 4742 qnam
1276 4664 1339 4725 ulla
1361 4663 1508 4742 priorum,
1530 4682 1610 4744 quae
1633 4663 1672 4725 sit

335 4750 534 4831 proximorum
566 4767 750 4811 numerorum
781 4751 893 4812 ordinis
916 4750 1072 4812 naturalis.
1118 4748 1200 4821 Quia
1226 4770 1298 4830 ergo
1329 4751 1445 4831 primae
1467 4752 1671 4833 proportionis

338 4836 490 4917 quantitas
505 4844 552 4899 est
566 4854 709 4915 expressa
724 4858 843 4901 numero
862 4838 891 4912 1,
905 4839 1053 4901 secundae
1068 4840 1220 4919 quantitas
1234 4860 1294 4903 non
1308 4839 1491 4921 exprimetur
1508 4860 1632 4906 numero
1644 4841 1669 4914 1,

340 4925 513 5019 sodalique
536 4926 624 5017 paulu
648 4925 762 5006 majori,
787 4935 818 4993 ει
841 4927 886 4991 sic
908 4937 1141 5013 cousequenter:
1173 4930 1240 5015 ipsc
1257 4929 1383 5016 deniqne
1405 4930 1484 4996 inter
1507 4927 1666 4998 5000001
