3517 5525
313 369 376 446 536
898 375 1062 448 fflrrmbu·

315 568 420 624 centra
445 554 525 620 Solia
546 563 580 619 et
600 557 703 621 Lunae
725 557 879 628 inclinatio
904 560 941 622 ad
965 560 1104 624 circulum
1128 559 1310 625 vertieelem.
1351 557 1438 630 Quae
1450 559 1553 624 omnia
1570 575 1648 638 qoo-

313 649 400 712 modo
423 647 591 710 habeantur
615 647 701 710 modo
725 648 944 710 observationis
967 649 1147 724 admirabili,
1181 651 1340 714 artificioso
1368 659 1401 711 et
1420 649 1648 729 jucundissimo,

314 739 381 801 vide
411 737 598 817 problemata
629 738 840 816 praecedentia
863 738 928 818 ejus
950 739 1029 801 libri.
1075 739 1182 800 Modus
1205 739 1323 820 quidem
1346 740 1390 800 sio
1414 739 1540 802 medium
1563 745 1648 799 tenet

312 828 390 890 inter
413 824 541 904 optieam
565 835 597 886 et
619 827 846 896 astronomiam,
880 828 1065 901 maserias,
1097 829 1139 890 ad
1158 837 1254 890 utram
1278 829 1433 891 scientiam
1457 829 1557 907 potius
1579 845 1646 888 eum
1675 855 1678 860 ·

313 919 455 988 rel'eras.¹
498 916 604 994 Itaque
641 917 754 994 passim
784 917 810 977 iu
841 917 893 978 illo
924 917 998 978 libro
1025 918 1188 998 nuncupavi
1219 917 1310 994 hunc,
1344 935 1429 1000 quem
1463 917 1509 980 hio
1536 915 1646 986 eeriho,

310 1017 426 1086 partem
450 1005 610 1072 secundam
631 1003 721 1080 illius,
747 1005 893 1072 interdum
918 1006 1126 1086 appendicem:
1158 1026 1223 1069 curu
1247 1007 1297 1068 ille
1320 1007 1420 1087 potius
1442 1007 1531 1085 hujus
1553 1022 1646 1085 prae-

309 1095 458 1161 ambulum
487 1092 544 1155 dici
568 1093 686 1156 debeat.

397 1183 453 1244 llis
490 1194 616 1262 quatuor
643 1183 730 1245 rebus
761 1201 818 1244 nno
849 1191 879 1244 et
910 1183 1013 1244 eodem
1045 1192 1192 1246 momento
1225 1183 1408 1260 observatis,
1440 1181 1570 1244 habetur
1590 1198 1646 1259 per

309 1272 404 1353 probi.
436 1267 487 1333 rt.
519 1271 671 1351 longitudo
700 1281 732 1334 et
761 1273 888 1334 latitudo
920 1273 1046 1334 visibilis
1070 1276 1106 1334 ed
1131 1274 1204 1335 illud
1225 1283 1414 1336 momentum.
1461 1273 1497 1334 ld
1520 1289 1592 1332 vero
1616 1269 1642 1331 si

309 1362 361 1424 dut
385 1362 497 1424 duobus
521 1362 678 1423 momtutis
702 1381 720 1423 a
743 1379 775 1422 se
799 1372 900 1424 mtttuo
923 1360 1102 1424 distantibus
1117 1362 1201 1442 justo
1220 1363 1362 1442 temporis
1381 1361 1553 1424 intervallo:
1579 1360 1644 1440 jam

308 1451 403 1532 probl.
429 1447 480 1515 26.
505 1451 723 1538 superexstrtrit
746 1467 845 1513 veram
861 1460 984 1532 utroque
999 1464 1147 1514 momento
1163 1451 1375 1533 longitudinem
1390 1463 1427 1512 ‘et
1442 1449 1641 1522 latitudinem,

307 1540 432 1620 proinde
466 1550 496 1602 et
524 1558 624 1602 verum
656 1550 766 1601 motum
789 1539 893 1602 Lunae
918 1561 936 1600 a
960 1539 1044 1616 Sole,
1078 1552 1295 1621 competentem
1325 1541 1448 1620 tempori
1472 1537 1643 1618 interjecto,

307 1649 393 1710 quem
428 1629 577 1692 horarium
614 1625 756 1705 dicimus,
793 1631 829 1694 si,
852 1641 993 1712 quantum
1024 1632 1060 1692 de
1087 1650 1123 1692 eo
1155 1638 1308 1712 competat
1338 1631 1386 1692 uui
1416 1629 1525 1701 horae,
1568 1642 1643 1688 eoo-

307 1721 459 1782 stituatur.

376 1807 531 1894 ‚Assumit
560 1814 659 1868 tamen
689 1807 842 1886 problema
865 1807 936 1870 illud
961 1803 1013 1871 26.
1038 1807 1113 1870 hanc
1136 1806 1356 1881 conditionem,
1386 1814 1421 1867 ut
1450 1802 1642 1867 mediocriter

305 1898 346 1962 ait
368 1895 576 1977 praecognitus
600 1897 788 1975 parellnxeos
810 1898 938 1959 Lunaris
962 1912 1102 1961 excessus
1124 1915 1213 1978 super
1235 1896 1401 1977 parallaxin
1426 1893 1517 1970 Solis,
1540 1893 1570 1954 in
1585 1909 1641 1974 quo

303 1986 423 2066 siquid
459 1987 567 2047 laisum
599 1985 779 2060 admittitur,
810 2004 866 2048 non
895 1987 1013 2066 penitus
1041 2006 1131 2049 sanus
1164 1986 1294 2065 prodibit
1323 1985 1470 2047 horarius.
1516 1980 1587 2043 Etsi
1609 1978 1641 2043 20

305 2075 355 2138 vel
387 2071 417 2138 30
450 2075 478 2136 in
512 2076 659 2152 parallari
684 2075 802 2136 falsitas
826 2077 961 2158 utrinque
986 2077 1089 2137 eadem
1112 2094 1214 2155 parum
1239 2086 1327 2136 nocet
1349 2073 1478 2136 horario.
1524 2070 1640 2134 Deinde

305 2165 332 2228 si
359 2165 385 2226 10
410 2164 529 2225 vitietur
551 2176 648 2226 motus
672 2165 795 2226 duarum
819 2165 965 2238 horarum,
990 2167 1067 2246 quod
1090 2167 1178 2226 l'acile
1200 2163 1262 2225 lieri
1286 2172 1395 2244 potest,
1418 2172 1543 2242 propter
1566 2162 1639 2222 titu-

305 2254 456 2316 bationem
486 2271 622 2320 nranuutu
651 2264 682 2315 et
705 2253 908 2330 instrumenti,
936 2256 1053 2336 quando
1081 2254 1257 2315 observatur
1288 2253 1441 2314 inclinatio
1464 2249 1641 2312 circulorum

305 2357 358 2404 ant
378 2342 533 2424 quantitas
554 2341 684 2422 eclipsis,
705 2342 824 2404 dimidio
836 2344 901 2422 jam
916 2338 1026 2404 minuto
1043 2343 1195 2404 vitiabitur
1209 2352 1307 2406 motos
1323 2341 1407 2402 unius
1421 2340 1523 2412 horae,
1542 2355 1639 2419 quau·

303 2443 365 2494 tum
390 2431 418 2491 in
441 2431 616 2493 Brelresnae
642 2431 841 2512 hypotheseos
866 2432 983 2495 horario
1007 2432 1056 2492 vix
1079 2433 1197 2512 peccari
1221 2441 1329 2511 potest.
1381 2454 1385 2461 ·

391 2519 518 2582 Utamur
552 2538 607 2580 uos
630 2529 728 2581 tamen
750 2521 912 2600 exemplis,
945 2541 1002 2581 non
1028 2522 1112 2600 quasi
1135 2517 1383 2583 indemonstratie
1407 2513 1641 2598 superstructuri

251 2635 257 2644 ·
304 2610 597 2680 demonstrationem,
622 2609 676 2670 sed
699 2620 729 2684 trt
755 2628 918 2672 consensus
942 2618 1096 2690 appareat.

392 2700 480 2759 Anuo
508 2693 601 2760 1601.
626 2697 654 2760 d.
684 2693 785 2771 tlltl.
810 2699 892 2777 Deo„
908 2699 937 2762 h.
966 2699 992 2760 1.
1020 2694 1115 2778 170110
1137 2699 1166 2760 in
1189 2698 1291 2778 eclipsi
1311 2693 1407 2772 Solis,
1431 2693 1517 2774 eujus
1537 2697 1640 2754 exstat

304 2786 464 2867 descriptio
488 2787 529 2848 fol
564 2784 636 2850 395.
667 2786 749 2870 Ops,
780 2790 835 2849 luit
861 2789 940 2851 inter
962 2790 1134 2850 verticalem
1158 2796 1188 2849 et
1211 2788 1351 2849 circulum
1374 2806 1428 2866 per
1440 2798 1546 2846 centra
1571 2778 1640 2857 720,

303 2898 368 2939 curu
387 2876 511 2955 eclipsis
527 2875 639 2937 initium
662 2878 823 2953 notaretur,
847 2879 951 2940 Lunae
974 2888 1077 2939 centro
1096 2878 1175 2939 infra
1190 2874 1270 2939 Sohs
1287 2882 1419 2938 centrum
1434 2871 1472 2935 ad
1487 2890 1639 2934 occasum.

303 2966 467 3039 Quantitas
495 2965 629 3027 delectus
659 2966 785 3046 exigua:
815 2967 921 3047 quippe
950 2966 978 3029 io
1004 2968 1068 3047 ipso
1093 2974 1231 3028 contactu
1255 2966 1456 3037 luminarium,
1489 2980 1558 3024 cum
1592 2959 1642 3042 qui

302 3054 404 3121 Solem
435 3055 531 3134 ipsum
564 3054 760 3129 intuerentur,
794 3057 921 3120 nondum
959 3056 1117 3135 quidquam
1149 3064 1304 3118 cernerent
1334 3054 1468 3116 delicere.
1516 3049 1643 3113 Summa

302 3145 586 3209 semidiametrorum
609 3144 689 3207 Solis
714 3152 745 3207 et
764 3145 869 3206 Lunae
893 3151 960 3206 eret
983 3143 1035 3209 300
1063 3143 1137 3209 1000.
1174 3147 1280 3225 Itaque
1303 3143 1448 3205 distantia
1471 3152 1642 3203 uestrorum

301 3235 392 3308 luerit
428 3229 480 3295 30¹
504 3229 577 3295 40⁴¹.
631 3234 759 3313 Tempus
783 3244 960 3295 annotatum
988 3245 1018 3295 et
1045 3234 1129 3296 locus
1151 3233 1232 3297 Solis
1263 3233 1405 3296 exhibent
1426 3231 1642 3293 criminantem

301 3316 405 3407 20²l,⁰
426 3326 459 3396 ᾖ
470 3368 478 3395 ,
507 3322 605 3404 itaque
629 3323 685 3384 luit
708 3323 834 3401 angulus
854 3322 935 3391 inter
958 3321 1140 3385 verticalem'
1155 3322 1236 3385 Solis
1259 3333 1291 3384 et
1313 3321 1482 3401 eclipticam
1505 3314 1568 3381 760
1591 3312 1624 3381 90
1629 3336 1641 3393 3

301 3432 365 3475 cum
394 3430 450 3491 quo
481 3422 670 3490 comparatus
694 3412 821 3491 angulus
844 3408 919 3490 7¹2⁰,
953 3411 1002 3492 qui
1031 3414 1086 3473 luit
1108 3412 1286 3474 observatus
1309 3410 1389 3472 inter
1410 3408 1586 3471 verticalem
1609 3413 1642 3467 et

300 3500 439 3565 circulum
469 3518 523 3579 per
551 3507 671 3576 centra,
714 3500 814 3579 arguit
850 3501 991 3579 angulum
1027 3502 1103 3563 iuter
1139 3499 1308 3582 eclipticam
1345 3506 1375 3559 et
1411 3496 1555 3561 circulum
1587 3512 1641 3574 per

302 3598 405 3653 centra
437 3581 476 3651 10
504 3583 549 3663 90,
587 3590 636 3669 qui
666 3606 703 3649 ex
741 3588 843 3651 tabula
883 3590 1078 3669 parallaotioa
1114 3608 1179 3669 cap.
1217 3590 1274 3653 IX.
1304 3586 1377 3666 opt.
1403 3587 1463 3671 ⁸sub
1493 3583 1640 3650 columnis

300 3676 369 3749 3110,
393 3674 457 3741 4000
490 3676 609 3739 exhibet
636 3677 731 3739 risam
763 3678 947 3739 latitudinem
980 3678 1072 3740 centri
1095 3678 1197 3740 Lunae
1226 3696 1245 3737 a
1276 3689 1379 3739 centro
1402 3674 1484 3737 Solis
1505 3671 1539 3736 2¹
1566 3669 1640 3747 1400,

300 3770 364 3851 ejus
386 3786 456 3829 vero
482 3767 729 3846 complementum
759 3763 818 3831 850
841 3766 894 3831 510
918 3768 1131 3847 longitudinem
1154 3762 1208 3830 30¹
1231 3760 1307 3831 100·
1352 3766 1502 3827 Ponamus
1533 3762 1640 3842 paral·

299 3858 380 3921 laxin
403 3857 506 3919 Lunae
539 3875 558 3915 a
587 3854 657 3918 Sole
685 3856 714 3917 in
747 3854 899 3917 horizonte
931 3866 963 3917 et
994 3856 1104 3918 circulo
1133 3854 1271 3917 verticuli
1303 3873 1370 3915 esse
1397 3849 1466 3928 560,
1507 3852 1579 3933 quia
1607 3858 1642 3912 ut

299 3949 410 4012 dictum
443 3964 583 4007 excessus
616 3944 728 4026 aliquot
755 3947 956 4024 scrupulorum
987 3946 1017 4006 in
1045 3942 1102 4006 hac
1125 3945 1243 4005 fictione
1266 3943 1339 4008 nihil
1371 3951 1458 4003 nocet
1486 3939 1643 4020 praesenti

299 4036 430 4114 negotio.
476 4032 551 4096 Cum
575 4033 665 4113 igitur
687 4034 826 4095 culminet
850 4028 1012 4112 20οΙιοἦ,
1036 4034 1065 4094 in
1087 4032 1282 4113 nonagesimo
1306 4032 1363 4094 erit
1388 4025 1564 4114 twa,
1590 4028 1641 4109 qui

299 4126 395 4188 distat
424 4143 443 4184 a
471 4123 583 4184 vertice
612 4119 672 4184 70⁰
697 4125 728 4183 4¹
757 4120 889 4202 Pregae,
922 4124 952 4185 iu
981 4124 1045 4184 loco
1074 4122 1302 4184 observationis.
1329 4123 1459 4201 'Atque
1491 4120 1566 4181 haec
1592 4118 1641 4180 di·

299 4212 411 4279 stantia
433 4207 492 4274 70⁰
514 4206 561 4287 40,
590 4208 727 4292 quaesita
750 4210 780 4273 in
803 4212 936 4292 margine
959 4210 1183 4291 perallecticae,
1207 4211 1329 4273 exhibet
1354 4210 1409 4272 sub
1424 4210 1560 4271 columne
1584 4202 1639 4270 560

299 4300 468 4387 parallaxin
497 4300 661 4363 latitudinis
691 4296 744 4362 520
772 4296 850 4375 380,
889 4299 967 4362 unde
995 4301 1101 4362 ablata
1129 4300 1196 4361 risa
1222 4296 1351 4361 latitudo
1383 4300 1487 4362 Lunae
1518 4317 1537 4359 e
1565 4293 1639 4359 Sole

301 4390 426 4467 (austu.)
450 4386 481 4451 2¹
507 4386 584 4464 1400,
622 4389 778 4451 constituit
809 4389 994 4451 latitudinem
1016 4389 1120 4451 Lunae
1144 4388 1182 4451 ab
1205 4388 1346 4468 ecliptica
1383 4386 1437 4450 50¹
1473 4382 1540 4449 2400
1570 4384 1637 4447 bor.

299 4478 443 4561 Ejusdem
459 4492 529 4537 vero
544 4477 706 4539 distantiae
723 4474 782 4541 70⁰
805 4472 835 4537 40
858 4480 967 4559 ¹compl.
994 4473 1052 4542 190
1075 4472 1129 4540 560
1152 4477 1209 4540 sub
1230 4477 1336 4539 eadem
1359 4478 1498 4539 columna
1512 4474 1636 4538 exhibet

280 4566 468 4648 parallaxin
489 4563 682 4643 longitudinis
706 4565 919 4629 horizontalem
944 4563 996 4631 190
1019 4564 1072 4629 500.

389 4654 464 4720 Cum
487 4670 557 4713 vero
575 4650 676 4733 15010
696 4671 739 4715 m
762 4656 803 4716 sit
816 4654 844 4715 in
860 4656 1061 4736 nonagesimo,
1088 4662 1119 4717 et
1137 4653 1190 4717 Sol
1205 4653 1234 4715 in
1251 4650 1291 4717 2⁰
1305 4650 1359 4718 53¹
1374 4665 1417 4733 ἦ,
1434 4652 1530 4715 dietat
1544 4652 1636 4732 igitur

302 4765 321 4806 a
343 4742 533 4823 nonagesimo
557 4741 585 4804 in
608 4760 745 4807 occasum
768 4738 828 4807 120
851 4740 922 4820 520,
955 4764 1030 4825 quae
1053 4744 1200 4807 distantia
1222 4744 1277 4804 sub
1301 4743 1439 4805 columna
1464 4737 1515 4805 190
1538 4752 1571 4803 et
1592 4740 1637 4806 500
1730 4809 1733 4813 ,

302 4832 423 4894 exhibet
464 4828 656 4911 longitudinis
698 4831 863 4912 parallarrin
901 4833 930 4893 iu
963 4852 1100 4895 oceasum
1137 4851 1190 4893 seu
1224 4830 1436 4893 antecedentia
1469 4829 1520 4894 12¹
1557 4828 1636 4907 58⁴¹,

302 4938 390 5003 quam
413 4920 497 4983 auter
519 4938 539 4981 a
561 4918 670 4983 visibili
686 4918 789 4985 Lunae
811 4918 1018 5000 praecessione
1042 4916 1095 4984 300
1118 4916 1199 4997 4000,
1220 4920 1319 5000 prodit
1342 4920 1429 5000 quari
1450 4938 1523 4982 rara
1543 4938 1637 5001 prae·
