3517 5525
285 350 347 441 iti
452 333 455 345 ’
702 373 803 425 msera
821 370 1209 441 aestuosissimum·

283 551 461 617 distsmiam
488 548 631 621 100000,
662 567 785 614 cansam
807 551 921 633 conjeci
948 552 1038 627 banc,
1067 550 1146 633 qnod
1171 551 1295 614 libretur
1318 549 1349 614 in
1372 548 1520 613 diametro
1543 544 1631 629 qnasi

284 641 411 724 epicycli
432 642 471 703 ad
494 641 597 704 Solem
618 649 762 713 exmnsa,
785 649 818 703 et
838 640 867 702 in
894 640 1038 719 superiori
1070 641 1236 719 quadrante
1266 638 1390 701 libretur
1422 639 1527 712 tarde,
1560 637 1632 717 qnia

284 732 372 812 longe
404 730 493 793 abest
528 750 547 791 a
577 729 664 802 Sole,
693 748 750 810 qno
780 737 869 810 pacto
902 728 1041 806 efficitur,
1072 736 1105 793 ut
1139 728 1306 809 aequahter
1337 728 1512 794 absolvatur
1542 744 1631 789 arcos

287 820 418 882 eccentri
441 828 472 881 et
494 836 583 881 arcus
615 818 711 881 fictitii
744 818 823 880 illins
855 819 996 901 epicynli,
1028 837 1150 899 qnorum
1178 818 1261 879 sinus
1292 818 1371 879 versi
1403 816 1508 877 valent
1535 815 1629 877 libra-

284 909 406 970 tionem.
457 906 591 970 Ulterius
623 908 859 970 demonstratum
888 908 1001 983 habeo,
1033 907 1059 969 si
1087 907 1210 987 planeta
1240 924 1292 986 pro
1322 904 1505 967 fortitudine·
1529 902 1630 983 anguli

286 994 487 1059 inclinationis
521 996 587 1059 axis
610 996 647 1058 ad
672 995 774 1059 Solem
805 996 931 1059 celerius
954 996 1001 1058 vei
1032 996 1146 1059 tardius
1176 996 1301 1057 accedat
1324 992 1504 1063 art-sotem,
1535 992 1631 1057 libra-

285 1085 399 1149 tionem
422 1086 503 1148 eiiici
526 1084 611 1166 quasi
633 1086 664 1147 in
688 1085 834 1166 diametro
857 1084 992 1167 epicycli.
1037 1084 1119 1165 Ergo
1143 1084 1274 1147 conclusi
1298 1103 1350 1164 pro
1374 1081 1548 1147 fortitudine
1572 1102 1630 1143 an-

285 1176 421 1255 gulorum
435 1193 473 1235 ex
488 1182 634 1254 tempore,
650 1174 679 1236 h.
694 1193 720 1238 e.
744 1194 783 1235 ex
800 1174 874 1237 data
897 1173 1047 1236 anomalia
1060 1172 1168 1236 'media
1187 1192 1244 1235 nen
1268 1173 1371 1235 statim
1391 1170 1454 1235 dari
1478 1189 1631 1252 coaequa-

287 1274 359 1339 tam,
384 1262 438 1325 sed
462 1271 568 1327 contra
594 1262 696 1345 potins
720 1283 757 1325 es
780 1264 853 1325 data
882 1262 1030 1325 anomalia
1062 1262 1191 1325 eccentri
1218 1260 1283 1344 dari
1311 1269 1342 1323 et
1368 1260 1497 1323 mediam
1521 1269 1553 1321 et
1575 1280 1631 1321 co-

286 1360 458 1434 aequatam,
482 1352 521 1428 id,
541 1351 672 1434 inquam,
695 1372 732 1413 ne
748 1351 885 1416 mireris:
909 1352 1038 1415 nondum
1053 1352 1130 1415 enim
1144 1351 1307 1413 docuerunt
1319 1358 1502 1431 geometras,
1527 1350 1634 1411 datum

284 1440 462 1505 semicirculi
494 1441 616 1520 planum
648 1440 679 1503 iu
708 1441 782 1503 data
813 1440 930 1503 ratione
962 1459 1015 1519 per
1047 1440 1149 1503 datum
1180 1438 1318 1502 diametri
1346 1446 1487 1520 punctum
1515 1457 1633 1505 secare.

283 1548 337 1593 nec
360 1537 435 1610 puto
459 1538 613 1610 poterunt,
638 1549 684 1603 eo,
699 1531 857 1611 quodcum
873 1530 968 1591 lineae
994 1530 1159 1593 sectionum
1183 1528 1244 1591 sint
1258 1537 1368 1602 rectae,
1391 1528 1512 1608 planum
1528 1536 1632 1591 tameo

285 1638 323 1681 ex
346 1618 469 1682 dimidio
494 1637 586 1683 curva
609 1620 887 1699 comprehendatur.

371 1724 561 1775 Fabricius:
580 1723 619 1773 'its
635 1724 755 1775 iudicem
772 1724 891 1788 procedis.
910 1722 1029 1787 triplicem
1042 1724 1212 1775 comtituendo
1231 1722 1396 1782 anomaliams
1414 1736 1457 1773 nur
1477 1736 1508 1771 ex
1526 1721 1633 1787 simplici

283 1796 369 1846 statim
387 1801 551 1860 coaequatam
570 1794 688 1846 exhibes?
723 1796 761 1845 'in
779 1811 809 1845 ex
827 1797 920 1845 incerto
945 1802 971 1845 et
997 1796 1066 1859 quasi
1093 1796 1154 1848 laiso
1181 1797 1305 1859 supposito
1331 1810 1415 1845 rernm
1442 1794 1557 1859 inquiries
1585 1808 1630 1843 cur

283 1882 333 1917 non
359 1866 440 1931 potius
467 1881 498 1915 ex
523 1880 580 1915 rero
607 1881 705 1924 rernm,
733 1866 827 1927 idest,
855 1874 883 1916 ut
908 1874 1060 1929 coaequatae
1079 1881 1138 1917 suae
1157 1864 1259 1929 simplici
1278 1865 1428 1924 anomaliae¹
1458 1864 1558 1929 tempori
1578 1870 1632 1915 tuo.

285 1936 435 2001 respondeat
458 1938 542 1987 stetim
565 1942 591 1987 et
612 1952 639 1987 re
656 1952 715 1987 rera
740 1936 887 1987 conveniet?
924 1936 1052 1993 concedo,
1078 1952 1107 1987 cr
1135 1938 1183 1987 tuis
1201 1936 1374 2001 hypothesibus
1392 1948 1461 1986 seros
1480 1940 1558 1984 motus
1578 1934 1634 1985 dail

285 2022 373 2072 posse,
402 2019 431 2058 st
444 2008 574 2058 naturales
590 2007 646 2059 illas
663 2022 718 2059 sese
736 2010 775 2059 ris
793 2009 879 2064 credo,
907 2022 962 2059 uum
979 2008 1180 2061 ¹circularitstem
1203 2018 1230 2059 et
1251 2015 1331 2058 motas
1355 2007 1531 2072 aequalitatem
1558 2006 1633 2055 tubat

173 2095 176 2099 “
287 2080 378 2145 ellipsis
395 2086 449 2131 tna

373 2151 571 2232 Keplerns:
610 2149 740 2221 Quaeris
768 2150 859 2213 etiam
883 2149 918 2212 de
943 2170 1035 2213 cansa
1058 2147 1308 2231 aequipollentiae
1333 2149 1410 2225 iliter
1433 2147 1575 2211 vicariam
1600 2156 1634 2214 et

283 2238 449 2321 physicam,
473 2239 502 2301 h.
518 2258 544 2300 e.
569 2239 756 2301 verissimam
779 2238 968 2321 hypothesin.
1011 2238 1079 2301 Non
1102 2239 1221 2318 neglexi
1246 2239 1326 2301 illurn
1349 2239 1379 2300 in
1394 2236 1629 2311 commentariis,

288 2329 343 2389 sed
372 2327 523 2409 peculiare
548 2324 637 2405 caput
670 2327 744 2396 feci,
776 2329 854 2409 qnod
878 2328 948 2407 qnia
975 2327 1124 2408 prolixum
1151 2328 1237 2389 mitto
1267 2326 1444 2391 describere.
1492 2324 1634 2389 Sufficiat

285 2416 341 2480 libi
364 2416 450 2490 scire,
475 2417 552 2497 quod
572 2417 695 2479 inventa
711 2416 762 2479 sil.
800 2422 884 2487 (uuae
901 2426 954 2487 lam
966 2431 1099 2491 sequuntur
1112 2425 1143 2475 de
1156 2424 1319 2491 0¹,psrallaxt
1341 2424 1455 2491 legantur
1475 2432 1560 2473 annot.
1575 2416 1633 2485 ³8.)

355 2521 544 2572 Fabricius:
563 2519 590 2571 Si
609 2537 664 2571 cum
678 2521 811 2585 copernIco
830 2522 964 2579 consentis,
982 2523 1058 2587 proba
1076 2522 1279 2586 inaequalitatem
1296 2521 1454 2573 latitudinum
1471 2524 1634 2576 maximnm

285 2592 461 2714 ίπὴορίἔξὲῗι,
484 2592 530 2712 duel
556 2593 577 2642 si
599 2607 654 2643 eam
679 2593 809 2643 ostendere
827 2609 876 2647 mo
899 2601 982 2659 potas,
1016 2604 1071 2643 cem
1097 2592 1212 2657 'lychone
1237 2594 1468 2645 circumductionem
1486 2594 1580 2644 illorum
1607 2596 1634 2644 in

284 2679 312 2715 or
442 2676 483 2714 crs
501 2677 523 2713 e·

372 2751 572 2832 Keplerns:
598 2750 643 2814 De
667 2750 799 2814 maxima
821 2760 846 2822 d
870 2750 1029 2814 latitudine
1054 2750 1182 2832 qnaeris,
1207 2773 1244 2814 an
1269 2762 1386 2816 mutata
1407 2750 1457 2814 sit.
1495 2752 1576 2833 Ergo
1600 2762 1634 2815 te

287 2841 531 2914 commonefacio,
555 2840 642 2904 bodie
665 2856 731 2902 esse
754 2839 836 2903 illam
859 2842 888 2902 in
912 2836 950 2902 4⁰
972 2835 1025 2906 34⁴
1050 2846 1084 2918 0.
1123 2843 1168 2904 Tu
1186 2843 1250 2923 jam
1274 2843 1302 2903 in
1318 2842 1491 2906 Ptolemaeo
1511 2858 1631 2922 quaere,

286 2938 400 3012 quanta
422 2928 492 2992 olim
522 2929 622 2992 inerit.
667 2929 805 2994 Invenies
828 2933 913 2994 iilarn
937 2931 1026 2994 aliter
1048 2929 1136 2994 hodie
1160 2931 1286 3008 habere,
1319 2929 1443 3011 perinde
1468 2939 1501 2992 ut
1523 2931 1633 2993 stellae

285 3021 362 3082 fixae
386 3019 639 3100 septentrionales
652 3017 681 3079 in
698 3033 739 3094 ee,
757 3025 791 3096 ll.
828 3017 910 3100 Ergo
925 3020 1030 3083 relaxa
1052 3019 1176 3101 imperia
1200 3029 1260 3089 tua¹
1285 3027 1318 3084 ut
1333 3018 1497 3101 Cepernico
1512 3021 1634 3084 deserto

241 3123 244 3129 '
286 3109 329 3170 sd
349 3106 500 3171 Brabenm
524 3108 701 3170 desciscam.

291 3235 294 3238 .
376 3196 560 3246 Fabricius:
580 3195 685 3258 Qnando
703 3197 809 3262 prodibit
826 3196 914 3247 Metus
933 3195 1145 3248 Commentarius?
1469 3259 1473 3270 Ι

374 3281 575 3364 Keplerns:
600 3282 839 3348 Commentarios
861 3293 895 3347 ut
918 3287 1003 3347 edarn
1027 3285 1130 3347 laboro
1160 3287 1328 3366 diligenter.
1376 3285 1506 3346 Videtur
1528 3285 1634 3367 'leng-

287 3371 406 3456 naglius
429 3391 634 3448 concessurus,
660 3374 686 3434 si
709 3374 879 3455 permittam
898 3374 954 3453 ipsi
980 3376 1160 3455 quorundam
1185 3373 1434 3448 emendationem,
1459 3375 1535 3455 quod
1559 3375 1633 3438 mihi

286 3482 378 3544 grave
403 3470 460 3524 est.

373 3549 551 3601 Fabricius
569 3546 607 3609 (in
625 3548 745 3598 schedula
762 3546 894 3611 adlectaJ:
920 3549 981 3599 Gnrn
1000 3551 1058 3600 mihi
1077 3551 1178 3601 nimium
1196 3551 1363 3601 iesbnandum
1382 3557 1455 3612 esset,
1474 3553 1552 3603 multa
1570 3567 1633 3604 eon·

604 3620 658 3670 inse
676 3627 736 3670 sunt
749 3620 851 3688 'scripta
878 3620 1008 3680 Quaedam
1025 3629 1110 3672 tamen
1129 3622 1209 3673 denno
1228 3622 1324 3688 collige.
1362 3623 1424 3672 Cum
1441 3622 1510 3673 Mars
1528 3639 1578 3674 non
1596 3627 1634 3676 ῆι

387 3692 441 3757 rig.
460 3686 503 3738 38.
605 3692 631 3740 in
650 3691 671 3740 E
688 3705 735 3741 nec
753 3691 779 3740 in
798 3689 816 3739 S
834 3707 880 3742 nec
899 3693 925 3741 in
945 3691 976 3750 li,
995 3693 1040 3744 sed
1058 3693 1079 3744 0
1099 3699 1198 3759 puncto.
1222 3694 1323 3744 ostende
1341 3693 1401 3744 mihi
1419 3707 1510 3758 quaeso
1527 3710 1632 3764 geome-

534 3789 553 3831 ι
599 3764 677 3820 trice,
705 3762 825 3827 quomodo
843 3777 873 3813 ex
891 3765 1023 3828 punctuli
1052 3780 1121 3830 verus
1146 3764 1254 3815 locusO
1279 3768 1362 3816 scitur.
1399 3765 1631 3820 moechationem

600 3833 664 3892 noio,
684 3833 728 3883 ssd
746 3832 863 3883 linearem
883 3833 1124 3886 demonstrationem.
1151 3835 1220 3884 Data
1234 3835 1358 3886 anomalia
1370 3835 1481 3899 simplici.
1503 3853 1629 3906 coaequa·
1743 3869 1749 3874 -

600 3911 652 3953 mm
670 3907 766 3969 qnaeris
783 3920 827 3968 per
844 3905 1038 3956 intercedentem
1056 3907 1175 3966 mediam,
1194 3915 1222 3956 nt
1240 3909 1280 3957 FE
1300 3907 1361 3957 data
1378 3907 1495 3971 simplici,
1516 3909 1559 3960 DF
1578 3913 1632 3962 erit

533 3974 550 4022 0
599 3975 683 4025 media
700 3984 727 4025 et
743 3977 779 4025 sic
797 3975 866 4026 1)Δο
886 3985 1040 4042 coaequatur
1066 3978 1138 4042 idque
1161 3979 1309 4043 geometrice
1338 3977 1440 4043 colligis.
1479 3979 1552 4042 Quod
1562 3973 1630 4032 'vern

600 4054 655 4111 post
671 4061 716 4110 per
732 4047 839 4098 valorem
857 4042 893 4107 Δ
906 4047 974 4098 Bon
992 4049 1182 4112 multiplicatum
1199 4049 1285 4104 talto
1303 4051 1382 4098 sinum
1401 4051 1503 4116 colligas
1522 4053 1631 4106 altanum

600 4117 829 4184 prostbapbaeresiu
847 4134 890 4184 pro
909 4120 1012 4182 simplici
1031 4121 1157 4170 anomalia
1171 4121 1325 4186 inquirenda,
1344 4121 1403 4170 illud
1420 4122 1557 4190 intelligere
1576 4141 1631 4176 nors

532 4179 549 4230 Β
600 4189 706 4256 posenni.
743 4189 781 4239 'i'u
799 4191 1010 4242 eccentricitatem
1037 4191 1114 4242 semel
1142 4192 1290 4248 adhibuisti.
1320 4198 1346 4243 et
1363 4208 1429 4244 nnnc
1454 4191 1534 4246 denuo
1562 4195 1630 4248 iliius

602 4260 720 4326 angulum
737 4261 838 4324 adhibes
858 4268 884 4312 et
901 4263 926 4312 in
945 4265 1012 4312 sinus
1029 4263 1137 4313 nondum
1156 4270 1264 4314 curtatos
1282 4261 1439 4327 multiplicas.
1473 4266 1545 4327 Quae
1563 4267 1631 4317 illius

601 4331 811 4396 multiplicationis
829 4345 907 4383 causa
925 4342 951 4383 et
968 4335 1031 4384 rttio
1049 4335 1089 4392 sit,
1108 4333 1180 4384 velim
1199 4335 1321 4386 ostendas.
1358 4335 1396 4386 ‘iu
1415 4337 1448 4387 sd
1464 4343 1583 4404 punctum
1601 4337 1628 4389 Β

531 4394 548 4442 l
601 4405 702 4525 m
715 4412 893 4469 coaequum,
922 4419 977 4456 cum
995 4413 1080 4456 tamen
1104 4407 1153 4456 illic
1172 4405 1196 4466 cl
1216 4421 1266 4456 non
1284 4407 1324 4468 sit,
1343 4421 1390 4457 nec
1408 4409 1484 4458 etism
1502 4407 1549 4458 AD
1568 4423 1631 4462 vera

684 4481 894 4625 ιιΙέἐρῑεῐιιεε
923 4545 970 4608 Ex
994 4546 1113 4627 adjecta
1140 4545 1252 4610 scheda
1274 4548 1376 4624 video,
1407 4549 1461 4614 tibi
1484 4552 1629 4616 tenebras

602 4634 713 4696 offundi
737 4653 790 4714 per
812 4632 875 4709 illa,
900 4655 974 4716 qnae
999 4654 1053 4715 ego
1078 4635 1153 4698 lucis
1177 4656 1268 4700 cauea
1291 4637 1475 4702 addideram.
1499 4639 1541 4704 Et
1555 4642 1629 4721 quia

284 4722 444 4785 schemata
465 4730 575 4797 mutas,
598 4723 721 4787 mutabo
745 4731 856 4802 etego,
880 4735 980 4804 utper
998 4733 1050 4787 tua
1068 4735 1165 4788 tecum
1190 4727 1302 4806 loquar.
1337 4727 1404 4807 Ego
1428 4728 1483 4792 tibi
1506 4730 1625 4810 scripsi,

283 4812 312 4877 si
335 4811 401 4894 quis
425 4811 518 4874 vellet
540 4811 592 4874 FE
609 4811 725 4876 velFD
748 4831 857 4894 ponere
879 4831 1047 4878 mensuram
1066 4815 1208 4895 temporis
1232 4833 1285 4878 seu
1308 4817 1473 4881 anomaliae
1497 4821 1624 4896 mediae,

283 4913 354 4970 tnnc
368 4903 495 4970 diturum
510 4900 554 4961 illi
567 4903 718 4988 planetam
731 4903 762 4965 in
778 4899 805 4964 0
824 4906 859 4976 lp·
874 4907 937 4975 1⁰0)
945 4922 955 4978 ς
974 4903 1058 4983 cujus
1071 4905 1172 4984 puncti
1187 4903 1355 4968 inveniendi
1369 4908 1527 4972 methodus
1541 4912 1626 4976 nulla
