3517 5525
656 379 718 442 Pu·
735 381 839 452 qum
876 382 958 454 capue
974 384 1026 442 LX·
1442 387 1501 457 uu

172 562 286 630 mdia.
325 563 367 639 ks
387 564 540 628 achomato
563 561 627 626 117
649 575 721 630 eunt
749 569 814 631 into
842 567 1030 632 clarissimo.
1069 566 1121 630 Sit
1144 566 1205 640 GQ
1227 571 1422 644 eooeoteieuo,
1445 571 1501 632 AB

171 655 393 727 commortuae,
417 652 544 733 GDpuel
564 654 620 718 LD
642 657 805 738 anomalia
826 661 967 730 occentu,
988 655 1071 721 FAC
1095 665 1278 738 coaequato,
1302 661 1355 720 ΡΑ
1378 657 1425 719 oei
1448 658 1504 720 ΕΑ

171 741 334 810 distcotio
385 744 426 806 Ur
446 745 545 825 ipc'tur
565 744 626 806 ΑΚ
648 745 693 806 od
713 747 780 822 AB,
802 749 849 809 cic
870 745 924 810 BG
948 748 993 809 od
1011 747 1084 808 KE:
1110 754 1139 808 et
1160 749 1195 808 io
1218 745 1302 810 0A0
1326 756 1506 828 coaequata,

171 844 206 900 ut
226 833 289 896 AR
310 833 355 895 ad
375 833 448 907 AB,
477 833 525 895 oio
546 832 604 892 BV
633 833 678 894 od
698 831 771 897 ΒΜ.
817 835 922 917 Ipitur
942 835 1000 897 ΕΚ
1026 833 1073 897 uei
1094 835 1156 896 RM
1185 837 1316 918 ponitur
1346 856 1412 898 esee
1441 850 1524 900 coo*

170 924 278 987 radia
328 920 438 984 cetera
459 928 496 984 ct
516 940 624 1004 cupro.

259 1012 304 1073 At
326 1011 399 1072 dato
421 1011 569 1072 anomalia
590 1009 703 1084 media,
726 1011 809 1074 nulia
830 1011 1013 1090 geometrica
1040 1011 1197 1073 methodus
1221 1018 1284 1086 est,
1314 1011 1507 1092 perveniendi

172 1101 212 1163 ad
234 1107 438 1179 coaequatam,
461 1097 602 1160 videlicet
623 1098 663 1159 ad
686 1100 864 1161 anomaliam
888 1100 1027 1166 eccentri.
1064 1101 1142 1164 Nam
1167 1101 1314 1163 anomalia
1332 1099 1436 1162 ¹medie
1459 1110 1509 1164 est

172 1191 339 1268 composita
366 1206 403 1248 ex
419 1187 548 1255 ,duabus
576 1207 666 1255 areae
702 1187 853 1267 partibus,
888 1195 1004 1250 sectore
1036 1197 1067 1249 et
1098 1189 1265 1268 triangulo:
1302 1208 1425 1269 quornm
1454 1191 1507 1251 iiie

172 1279 290 1359 quidem
319 1284 490 1340 numeratur
513 1274 645 1338 abaron
676 1277 825 1352 eccentri,
855 1277 911 1338 hoc
935 1276 973 1340 ab
997 1277 1059 1357 ejus
1087 1298 1173 1340 arcos
1202 1279 1286 1350 sinu,
1320 1279 1349 1339 in
1367 1280 1508 1344 ,valorem

171 1365 313 1448 trianguli
335 1363 454 1426 maximi
476 1363 674 1444 multiplicato
703 1364 829 1427 resectis
855 1365 978 1428 ultimis.
1024 1367 1068 1430 Ac
1090 1367 1294 1446 proportiones
1317 1367 1396 1429 inter
1419 1387 1506 1430 arcos

173 1465 204 1519 et
226 1473 327 1518 eornm
349 1453 432 1514 sinus
455 1453 595 1535 infinitae¹
610 1462 680 1515 sont
708 1473 839 1518 numero.
886 1457 991 1534 Itaque
1014 1473 1129 1519 summa
1160 1449 1311 1536 utriusque
1339 1455 1505 1536 proposito,

173 1544 231 1606 dici
258 1561 318 1604 non
343 1549 464 1622 potest,
494 1551 623 1622 quantus
641 1543 687 1604 ‘sit
715 1561 819 1617 arcus,
854 1553 982 1623 quantus
1012 1544 1075 1623 ejus
1108 1543 1190 1606 sinus
1222 1545 1406 1624 respondens
1438 1545 1506 1608 huic

173 1651 323 1701 summae,
351 1629 410 1692 nisi
432 1629 514 1709 prins
541 1630 743 1711 exploremus,
777 1633 847 1695 dato
876 1651 948 1693 arcu
979 1641 1091 1712 quauta
1120 1633 1231 1694 evadat
1258 1653 1345 1696 area:
1379 1635 1434 1696 hoc
1459 1642 1507 1696 est

173 1722 232 1784 nisi
254 1721 373 1784 tabulas
397 1721 601 1782 construxeris
623 1726 713 1781 etex
736 1720 773 1782 iis
794 1728 864 1801 post
865 1740 901 1780 ea
925 1721 1068 1800 opereris.

260 1811 358 1873 Haec
382 1816 438 1869 est
464 1829 541 1871 mea
568 1808 765 1872 sententia.
812 1807 898 1880 Quae
923 1810 1098 1888 quominus
1129 1809 1238 1871 habere
1261 1811 1410 1873 videbitur
1432 1830 1506 1892 geo-

172 1884 315 1963 metricae
346 1897 591 1980 pulchritudinis,
622 1899 678 1960 hoc
702 1899 796 1978 inagis
827 1897 969 1960 adhortor
1000 1905 1183 1978 geometras,
1216 1888 1268 1960 uti
1285 1881 1356 1962 mihi
1385 1902 1504 1977 soleant

173 1990 230 2052 hoc
253 1977 425 2068 publema:

176 2135 180 2140 ,
260 2079 358 2142 Data
394 2092 479 2135 area
513 2075 632 2153 partis
669 2073 910 2148 semicirculi,
955 2074 1016 2135 dat
1003 2081 1111 2155 toque
1151 2084 1285 2155 puncto
1322 2023 1506 2152 diametri,

174 2154 339 2231 invenire
362 2181 481 2227 arcum
503 2172 540 2223 et
562 2163 731 2242 angulum
754 2162 798 2223 ad
821 2161 916 2224 illud
938 2171 1120 2242 punctum,
1150 2164 1254 2242 cujus
1277 2167 1399 2245 anguli
1423 2185 1503 2228 cru-

174 2257 276 2319 rubus
303 2264 339 2316 et
357 2270 423 2333 quo
446 2271 530 2315 aron
551 2252 636 2312 data
663 2271 748 2313 area
769 2250 1097 2331 comprehenditur
1136 2253 1222 2314 Vel:
1246 2253 1379 2316 Aream
1398 2273 1504 2316 semr
1535 2251 1540 2266 ⁸

175 2344 307 2408 circuli
329 2361 371 2406 ex
394 2359 601 2422 quocunqne
623 2350 757 2420 puncto
781 2339 979 2402 diametri
972 2359 1004 2401 un
1029 2339 1116 2401 data
1139 2341 1283 2403 ratione
1307 2361 1445 2404 secare.

260 2432 334 2496 Mihi
358 2429 465 2498 sufficit
486 2429 616 2504 credere,
640 2428 715 2490 solu
737 2444 758 2489 a
780 2429 870 2507 priori
893 2447 951 2490 non
975 2447 1079 2507 posse,
1110 2439 1232 2532 propter
1258 2451 1344 2492 arcus
1368 2441 1399 2492 et
1421 2432 1504 2493 sinus

175 2520 391 2638 impeperator·
409 2517 530 2581 Erranti
552 2516 625 2595 mihi
647 2517 812 2599 quicunque
828 2517 906 2578 viam
929 2517 1149 2593 monstraverit,
1172 2520 1198 2582 is
1214 2519 1271 2581 erit
1258 2520 1356 2582 tmihi
1379 2539 1506 2601 magnus

176 2601 391 2693 Apollonius.¹
396 2601 440 2684 Μ)

616 2741 626 2775 Ι
