3517 5525
210 359 276 434 388
690 355 855 412 Delicatus
874 357 968 414 Stellas
985 331 1072 416 ldarth

210 549 297 628 petat
319 539 437 616 Solem:
459 539 625 604 retineatur
648 545 747 604 autem
771 548 876 604 contra
898 560 983 604 suam
1013 540 1211 622 magneticam
1235 549 1373 610 naturam
1391 541 1472 609 Solis
1494 561 1552 628 ap-

210 641 364 717 petentem
395 631 426 694 in
457 631 619 693 tralatione
651 630 734 709 globi
765 638 910 713 perpetuo
943 630 999 692 sibi
1031 631 1088 712 ipsi
1110 633 1292 711 parallelos:
1325 633 1384 696 nisi
1407 641 1552 715 quatenus

211 735 354 786 successu
382 720 548 783 seculorum
580 719 618 780 ab
651 718 718 781 aliis
754 719 793 782 ad
828 720 906 782 alias
950 720 1025 781 lixas
1061 727 1164 785 nutum
1206 742 1290 784 suum
1333 725 1479 786 transfert
1522 731 1554 786 et

212 811 323 893 aphelii
345 827 535 892 progressum
559 809 615 871 hoc
637 809 725 870 modo
746 819 902 872 causatur:
928 828 1051 890 quorum
1070 818 1224 892 utrumque
1239 811 1430 875 nihilomiuus
1443 812 1553 875 mentis

212 921 287 983 opus
317 919 385 962 esse
407 917 497 978 posse
521 899 635 972 fateor,
665 905 700 960 ut
727 916 802 979 quae
825 899 966 961 adhunc
988 907 1101 962 motum
1131 899 1169 961 ab
1193 900 1315 965 animali
1338 902 1482 966 facultate
1506 907 1555 963 sat

214 1001 262 1052 est
285 989 450 1063 instructa,
482 1007 549 1050 cum
578 987 619 1048 sit
646 995 745 1053 motus
773 1007 834 1053 nou
865 987 961 1050 totius
991 989 1124 1070 corporis
1157 989 1193 1051 de
1221 989 1288 1052 loco
1317 990 1347 1052 iu
1370 991 1467 1053 locum
1484 985 1555 1072 (qui

214 1088 314 1141 motus
342 1096 433 1158 supra
464 1097 529 1158 cap.
559 1074 715 1141 XXXIX.
750 1095 858 1139 causae
886 1078 1003 1140 motriei
1025 1077 1156 1160 planetis
1180 1079 1290 1140 insitae
1312 1087 1393 1141 recte
1417 1079 1555 1142 ademtus

213 1169 302 1242 fuit),
331 1168 387 1229 sed
413 1167 541 1247 partium
565 1165 646 1228 circa
668 1173 803 1229 centrum
825 1166 920 1228 totius
944 1167 1032 1248 quasi
1054 1161 1252 1250 quiescentis.¹
1292 1167 1370 1230 Ecce
1393 1169 1502 1232 iterum
1525 1168 1556 1232 in

215 1256 305 1337 globo
328 1255 459 1318 Telluris
490 1254 664 1318 directionis
691 1255 862 1336 hujusmodi
891 1256 957 1318 axis
990 1258 1158 1338 exemplum
1189 1276 1227 1318 ex
1257 1254 1432 1338 Copemico·
1478 1257 1555 1319 Nam

215 1348 284 1409 dum
307 1345 374 1407 axis
397 1344 528 1407 Telluris
550 1363 647 1406 annuo
671 1346 766 1407 centri
788 1345 968 1407 circumactu
993 1345 1051 1408 sibi
1070 1345 1130 1427 ipsi
1146 1347 1272 1427 suisque
1297 1345 1405 1409 sitibus
1421 1345 1556 1409 omuibus

213 1441 316 1498 manet
342 1433 555 1514 propemodum
584 1432 807 1515 aequidistans,
835 1441 938 1496 aestas
965 1443 997 1496 et
1024 1434 1122 1498 hiems
1146 1436 1287 1498 efficitur:
1316 1443 1462 1517 quatenus
1484 1453 1555 1496 vero

212 1523 390 1604 longissima
412 1523 516 1586 secula
537 1521 622 1585 illum
643 1522 797 1598 inclinant,
822 1525 899 1586 fixae
917 1523 1058 1604 progredi
1075 1532 1228 1605 putantur,
1251 1524 1440 1606 aequinoctia
1456 1531 1555 1586 retro-

214 1615 331 1677 cedere.

302 1698 384 1773 Quid
413 1700 505 1780 igitur
527 1699 713 1778 dubitamus,
741 1701 906 1767 attribuere
930 1700 1060 1782 planetis
1084 1702 1219 1765 omuibus
1243 1701 1279 1764 ad
1305 1702 1481 1764 salvandam
1504 1721 1556 1762 ec-

214 1790 414 1855 centricitatis
441 1790 648 1870 phantasiam,
681 1793 761 1874 quod
791 1791 842 1854 uni
869 1790 988 1853 illorum
1012 1790 1141 1864 (Telluri
1169 1790 1299 1866 scilicet)
1330 1810 1367 1852 ex
1395 1791 1556 1869 phantasia

213 1879 436 1963 praecessionis
466 1878 720 1959 aequinoctiorum
751 1882 892 1963 Solisque
920 1880 1070 1960 surgentis
1094 1887 1125 1942 et
1147 1880 1283 1944 cadentis
1306 1899 1404 1944 annuo
1428 1879 1556 1942 circum-

216 1977 286 2032 actu
308 1968 549 2031 animadversum
572 1975 620 2030 est
642 1970 765 2034 inesse?
788 1970 848 2033 Ubi
870 1970 1119 2051 quemadmodum
1137 1971 1279 2050 deceptus
1295 1977 1343 2031 est
1362 1967 1556 2049 Copemicus,

216 2058 403 2133 existimaus,
427 2056 571 2137 peculiari
592 2059 738 2140 principio
763 2081 837 2142 opus
861 2079 939 2134 esse,
963 2060 1041 2140 quod
1064 2061 1188 2122 Terram
1215 2057 1368 2122 aunuatim
1391 2079 1409 2118 a
1433 2065 1557 2136 septen-

217 2148 315 2211 trione
337 2147 369 2208 in
391 2153 527 2208 austrum
549 2155 581 2208 et
602 2148 737 2213 vicissim
760 2151 860 2223 libret,
884 2149 927 2210 sio
944 2155 977 2209 ut
992 2155 1094 2211 aestas
1113 2154 1144 2210 et
1158 2148 1254 2211 hiems
1276 2147 1405 2222 eveniat,
1428 2155 1460 2208 et
1473 2147 1558 2228 cujus

215 2235 371 2300 molitione
394 2234 591 2297 circumitioui
615 2246 854 2301 commensurata
876 2237 1005 2300 resultet
1033 2237 1201 2319 aequalitas
1224 2237 1339 2298 reditus
1362 2235 1432 2299 aunl
1449 2235 1558 2316 tropici

216 2335 247 2389 et
265 2325 368 2388 siderii
392 2326 553 2405 (quatenus
568 2325 631 2388 fere
648 2329 789 2410 aequales
808 2327 893 2401 sunt)
902 2347 911 2401 3
936 2347 1000 2388 cum
1017 2333 1117 2389 tameo
1133 2327 1221 2390 unica
1231 2325 1381 2388 constanti
1393 2324 1558 2388 directione

217 2416 284 2478 axis
307 2413 453 2489 Telluris,
478 2433 567 2495 super
590 2435 647 2496 quo
670 2418 704 2479 fit
725 2418 848 2480 diurnus
871 2424 988 2491 motus,
1015 2416 1070 2478 illa
1092 2417 1192 2478 omnia
1214 2414 1405 2478 obtineantur
1427 2413 1557 2494 nihilque

216 2503 369 2566 extraneis
392 2502 492 2564 causis
516 2522 590 2583 opus
614 2506 668 2581 sit,
691 2507 750 2569 nisi
774 2507 813 2567 ad
834 2506 951 2568 unicam
974 2505 1179 2568 tardissimam
1197 2503 1438 2585 praecessionem
1454 2503 1558 2584 aequi-

219 2592 405 2655 noctiorum:
443 2590 487 2652 ita
515 2591 565 2654 hio
588 2614 703 2676 quoque
726 2596 807 2657 uullo
831 2594 956 2656 consilio
987 2613 1061 2675 opus
1085 2595 1143 2656 erit
1165 2591 1329 2656 motoribus
1351 2592 1502 2673 planetae,
1525 2599 1559 2654 ut

219 2683 284 2766 ejus
311 2699 419 2760 corpus
451 2680 539 2742 simul
571 2683 650 2745 circa
674 2682 777 2747 Solem
808 2684 936 2747 vehatur
962 2703 1086 2746 maneus
1109 2683 1139 2745 in
1163 2685 1223 2746 situ
1245 2681 1390 2764 parallelo
1414 2682 1559 2763 simulque

219 2770 410 2836 librationem
432 2770 582 2833 absolvat.
620 2773 760 2837 Alterum
783 2774 913 2836 animab
928 2774 1024 2836 altero
1040 2772 1218 2837 naturaliter
1233 2771 1383 2854 pendebit.
1412 2770 1557 2835 Tantum-

218 2861 306 2925 modo
335 2860 371 2921 de
394 2878 557 2940 progressu
580 2864 765 2944 apheliorum
787 2863 960 2925 tardissimo
984 2863 1175 2944 cogitandum
1197 2869 1304 2926 restat.

243 2957 247 2972 ⁴
306 2948 429 3013 Etenim
458 2948 574 3029 lingula
602 2952 634 3013 iu
658 2951 683 3015 O
706 2960 848 3015 versante
879 2961 911 3014 et
933 2952 962 3013 in
985 2954 1027 3029 F,
1059 2952 1143 3014 nulla
1166 2972 1258 3014 causa
1280 2956 1342 3025 est,
1364 2967 1417 3010 cur
1437 2947 1560 3028 planeta

218 3040 345 3101 accedat
367 3037 417 3099 vel
440 3039 571 3114 recedat,
596 3060 662 3103 curn
686 3042 788 3123 capita
804 3042 869 3105 Soli
894 3042 1016 3123 objiciat
1038 3040 1211 3122 aequalibus
1230 3038 1408 3112 intervallis,
1432 3038 1559 3099 couver-

217 3148 306 3191 surus
329 3126 431 3208 utique
455 3146 624 3191 mucronem
648 3132 686 3193 ad
710 3130 822 3206 Solem,
846 3132 873 3191 si
897 3131 1043 3193 sineretur
1060 3130 1098 3193 ab
1114 3130 1168 3191 illa
1182 3128 1221 3205 vi,
1247 3148 1322 3211 quae
1338 3128 1402 3207 ejus
1417 3125 1561 3189 directum

218 3226 250 3279 et
270 3215 449 3299 parallelum
472 3223 556 3279 tenet
579 3239 675 3281 axem.
723 3220 851 3284 Planeta
873 3240 893 3280 a
914 3228 1023 3299 puncto
1047 3217 1071 3283 C
1096 3219 1234 3294 abeunte,
1258 3218 1368 3281 sensim
1385 3215 1485 3296 cuspis
1495 3214 1560 3279 Soli

219 3304 450 3388 appropinquat,
474 3307 570 3368 cauda
592 3309 657 3370 abit
664 3330 673 3385 ;
699 3310 811 3370 sensim
834 3308 925 3388 igitur
949 3308 1067 3390 incipit'
1074 3308 1182 3388 globus
1197 3308 1235 3369 ad
1247 3306 1349 3372 Solem
1368 3304 1558 3385 adnavigare.

219 3398 296 3459 Post
323 3396 348 3455 T
371 3395 483 3456 sensim
512 3397 608 3458 cauda
636 3397 878 3478 appropinquat,
908 3407 999 3478 caput
1020 3397 1085 3460 abit
1108 3418 1126 3459 a
1149 3396 1229 3461 Sole.
1276 3396 1394 3459 Sensim
1418 3393 1509 3471 igitur
1531 3400 1561 3454 et

217 3493 300 3547 totus
315 3483 422 3563 globus
436 3484 567 3547 naturali
584 3486 652 3547 odio
667 3486 744 3565 fugit
757 3508 776 3546 a
790 3485 871 3549 Sole.
909 3487 936 3547 E
950 3488 1071 3568 regione
1086 3494 1186 3549 autem
1206 3486 1300 3567 ipsius
1314 3486 1354 3561 A,
1369 3492 1443 3546 'cum
1458 3482 1557 3563 longi·

216 3575 289 3636 tudo
313 3572 380 3633 axis
404 3571 517 3633 directe
540 3573 572 3635 iu
586 3572 689 3637 Solem
710 3576 882 3655 porrigitur,
906 3574 968 3637 illic
990 3596 1140 3651 accessus,
1163 3576 1212 3637 hic
1235 3574 1307 3655 iu'ga
1325 3582 1372 3636 est
1386 3572 1559 3635 fortissima.

219 3664 255 3726 ld
285 3681 356 3723 vero
385 3680 477 3741 supra
505 3663 703 3741 postulabant
734 3671 839 3725 nostra
870 3664 1100 3746 praesupposita
1132 3685 1170 3727 ex
1194 3661 1452 3727 observationibus
1477 3660 1559 3723 deri-

218 3760 306 3824 vata,
337 3751 390 3813 ubi
418 3769 456 3811 ex
486 3772 537 3829 ys,
570 3776 627 3828 κμ,
650 3749 697 3836 μζ
724 3754 858 3833 partibus
883 3753 1059 3829 librationis,
1084 3774 1159 3835 quae
1182 3754 1365 3835 respondent
1388 3750 1562 3833 aequalibus

220 3840 349 3903 arcubus
373 3839 514 3913 eccentri,
537 3842 654 3904 mediae
677 3852 780 3923 partes
803 3866 828 3917 a,
852 3868 875 3920 μ
898 3851 985 3905 eraut
1005 3843 1215 3923 longissimae,
1240 3842 1334 3905 exiles
1362 3860 1467 3903 versus
1489 3864 1513 3921 y,
1537 3836 1560 3915 ζ.

222 3930 284 3993 Sed
307 3936 339 3990 et
361 3928 435 3991 illud
462 3932 628 4007 consentit,
662 3933 740 4013 quod
772 3932 1008 3995 observationes¹
1028 3934 1134 3995 volunt
1161 3956 1206 4012 γκ,
1234 3928 1281 4009 μζ
1306 3930 1463 4012 aequales,
1498 3949 1562 3992 cum

222 4027 324 4080 tamen
356 4037 443 4079 arcus
476 4017 608 4097 ipsorum
630 4026 678 4101 γι,
702 4016 745 4096 ιζ,
775 4021 825 4083 vel
853 4022 953 4103 potius
980 4022 1010 4083 in
1043 4023 1209 4085 eccentrico
1233 4019 1303 4098 OD,
1335 4020 1389 4083 EF
1420 4020 1561 4103 aequales

220 4105 428 4186 inaequalibus
461 4108 652 4173 conficiantur
680 4112 864 4192 temporibus
892 4116 924 4173 et
947 4110 1001 4175 OD
1029 4112 1175 4193 longiori;
1209 4111 1251 4196 sic
1275 4116 1308 4172 ut
1330 4132 1365 4191 yn
1396 4108 1563 4172 librationis

220 4216 293 4279 pars
315 4196 431 4257 tardius
459 4196 635 4261 absolvatur
663 4219 751 4282 quam
773 4197 819 4276 μζ
842 4200 903 4281 ipsi
930 4201 1075 4281 aequalis.
1121 4200 1200 4264 Nam
1228 4200 1271 4262 sic
1295 4206 1326 4261 et
1348 4206 1503 4279 magnetes
1526 4216 1564 4260 ex

220 4284 382 4348 intervallo
405 4286 512 4366 majori
526 4288 639 4351 lentius
654 4290 692 4350 ad
712 4309 744 4351 se
759 4296 860 4352 mutuo
886 4291 1042 4365 accedunt,
1065 4290 1192 4353 celerius
1211 4296 1242 4351 et
1257 4288 1378 4352 citatius
1393 4286 1562 4350 abreviori.

309 4374 373 4435 Imo
398 4392 467 4437 vero
490 4374 588 4457 ipsam
612 4378 702 4441 etiam
725 4379 795 4456 vim,
818 4398 894 4461 quae
918 4380 1029 4443 retinet
1050 4398 1137 4443 axem
1160 4378 1359 4459 magneticum
1382 4379 1413 4441 in
1428 4378 1487 4439 situ
1505 4397 1563 4458 pa-

220 4461 337 4536 rallelo,
362 4462 510 4543 derogans
533 4466 690 4530 directioni
713 4468 780 4530 axis
803 4468 834 4530 iu
857 4468 969 4544 Solem,
995 4470 1032 4531 ab
1057 4468 1251 4551 occupatione
1270 4466 1389 4541 mentis,
1413 4468 1460 4529 cui
1482 4466 1563 4529 illam

127 4581 129 4584 ·
219 4552 310 4635 paulo
335 4559 404 4614 ante
427 4554 667 4632 permiseramus,
693 4558 732 4619 ad
754 4564 879 4620 naturae
903 4558 1003 4622 munia
1025 4559 1181 4622 traducere
1205 4576 1374 4639 possumus.
1411 4558 1491 4621 Nam
1506 4557 1564 4619 etsi

221 4644 342 4706 obstare
366 4642 499 4716 videtur,
528 4647 607 4725 quod
628 4655 738 4709 natura
760 4667 817 4709 uuo
841 4655 873 4708 et
896 4649 1001 4710 eodem
1023 4649 1112 4711 modo
1136 4654 1223 4728 agat,
1252 4648 1328 4709 haec
1351 4664 1421 4709 vero
1444 4645 1491 4707 vis
1514 4664 1564 4711 re·
1674 4654 1678 4667 ·

220 4730 334 4795 teutrix
361 4731 499 4793 videatur
526 4732 594 4796 aliis
621 4736 806 4816 temporibus
830 4736 918 4800 aliter
941 4738 1135 4815 contendere,
1167 4742 1270 4818 utpote
1300 4744 1412 4799 annutu
1436 4734 1502 4799 axis
1525 4738 1564 4799 ad
1674 4772 1677 4775 ·

222 4822 336 4897 Solem,
360 4821 408 4884 cui
429 4821 618 4902 impediendo
642 4832 816 4905 comparata
838 4832 894 4902 est,
919 4827 949 4889 in
972 4826 1205 4909 longitudinibus
1229 4826 1335 4889 mediis
1357 4834 1563 4902 evanescente,

221 4909 253 4980 iu
280 4910 398 4993 aphelio
428 4929 498 4975 vcro
528 4920 560 4975 et
585 4913 730 4993 perihelio
754 4914 918 4981 fortissimo
941 4917 1106 4983 existente:
1135 4922 1169 4981 at
1190 4915 1262 5005 quid
1283 4922 1382 4993 vetat,
1405 4917 1466 4987 vim
1487 4916 1564 4985 bano
