3517 5525
290 381 355 458 442
708 459 715 477 ¹
763 388 804 446 n·
821 387 930 446 unuln
948 387 1042 447 sun„
1059 387 1156 448 unns

227 625 232 633 .
292 572 354 634 sint
374 579 438 634 tres
457 574 565 636 stellas
584 572 616 634 in
635 573 731 635 forma
743 572 895 653 trianguli,
918 573 1003 636 Mars
1018 579 1173 654 spoctatns
1192 573 1280 636 sitin
1296 573 1516 647 msdioearnm
1539 580 1571 635 ct
1589 571 1634 636 sic

290 664 455 745 appositu
466 665 573 746 sunit
593 661 714 728 boreali
728 662 836 747 ponci
857 660 994 743 Scorpii;
1018 663 1116 725 iactus
1135 662 1272 725 nimirum
1286 662 1376 725 fuerit
1389 680 1449 724 nna
1462 681 1500 723 cx
1512 681 1633 724 numero

290 771 402 827 earnm,
426 771 502 833 qnae
525 753 645 814 suntin
668 752 782 814 boreali
804 761 891 830 parte
917 751 1025 814 frontis
1048 749 1173 834 Scorpii.
1213 751 1264 813 Ad
1286 751 1364 814 hanc
1387 752 1464 812 enlm
1483 750 1634 832 interpre-

289 841 435 903 tationem
457 841 531 904 lacit
554 849 585 904 et
606 841 672 917 hnc,
697 840 775 922 qnod
798 841 958 903 nondixit
976 840 1151 904 observator
1168 838 1289 905 boreali
1304 841 1428 924 frontis
1444 841 1499 904 scd
1513 839 1635 905 boreali

284 932 401 1014 sconti,
426 931 505 1011 quud
526 949 585 994 nun
607 939 698 992 sonat
722 931 759 992 dc
781 949 842 992 nnn
863 930 1008 1010 singulari
1031 930 1131 1007 stella,
1155 930 1209 993 sed
1233 931 1269 992 de
1292 939 1378 1012 parte
1393 929 1634 994 constellationis

291 1020 434 1100 integrae.

378 1108 462 1170 Nihil
489 1108 581 1189 igitur
600 1109 712 1189 juvant
732 1126 788 1170 nos
810 1104 868 1170 hae
892 1107 969 1170 dnae
992 1108 1132 1190 antiquae
1156 1107 1381 1172 observationes
1405 1107 1444 1170 ad
1467 1108 1633 1172 aestiman-

291 1198 361 1261 dam
393 1199 442 1260 vel
470 1197 658 1260 latitudinem
680 1196 731 1259 vel
753 1195 866 1259 orbium
891 1197 1112 1278 proportionem
1135 1197 1216 1259 illins
1238 1198 1393 1279 temporis.
1439 1198 1544 1280 ltaque
1568 1217 1634 1260 cnm

293 1286 369 1350 nihil
390 1307 447 1350 nos
469 1287 635 1368 impediant
657 1286 883 1349 observationes
907 1285 1084 1364 contrariae,
1108 1287 1262 1350 confirmet
1279 1305 1353 1349 vero
1373 1306 1428 1350 nos
1452 1305 1566 1349 summa
1590 1286 1634 1349 nei

292 1376 539 1450 verisimilitudo,
572 1375 797 1448 concludamus,
831 1377 956 1438 eandem
989 1395 1057 1438 susc
1089 1384 1120 1440 et
1149 1375 1237 1438 hodic
1264 1375 1487 1457 proportionem
1509 1375 1635 1446 orbium,

295 1483 371 1548 quas
393 1466 452 1529 fuit
475 1466 557 1542 olim,
580 1464 756 1528 latitudines
778 1483 850 1528 vero
872 1467 1019 1530 maximas
1048 1464 1180 1530 nonnihil
1203 1463 1292 1528 hodie
1314 1484 1383 1529 essu
1405 1466 1589 1530 immutatas.
