3517 5525
681 431 844 499 urascio·
918 384 922 390 ’
991 465 995 468 -
1368 430 1451 500 mr

89 605 194 688 itaque
225 608 344 690 quotics
380 593 580 677 noralomdtt
600 611 742 674 tractatio
778 611 808 673 in
841 600 956 690 copulis
992 611 1029 671 de
1066 609 1173 690 majori
1200 611 1433 691 eccentricitate,
1522 640 1530 652 ·

91 715 183 777 quam
219 706 268 760 est
296 695 400 774 6520,
424 700 532 762 testari
560 699 732 776 videbatur,
769 701 859 762 toties
892 699 983 760 animi
1012 700 1135 774 dubius,
1171 696 1301 762 horariis
1327 721 1435 763 assen-

90 787 166 848 tirer
190 807 228 848 an
253 786 418 874 diametris,
442 789 538 868 abjeci
561 798 659 852 toturn
682 789 832 867 negotium
855 789 1014 868 desperato
1038 788 1199 869 explicatu.
1244 790 1291 854 At
1311 809 1370 852 non
1387 811 1435 854 me

90 875 225 938 deseruit
247 877 373 958 physica
396 879 619 959 contemplatio,
642 877 804 941 fidissimus
819 877 890 940 mihi
910 897 1009 940 comes
1026 897 1080 959 per
1095 887 1191 939 totam
1207 881 1433 958 astronomiam,

89 964 150 1026 imo
175 965 234 1026 dux
255 966 480 1045 sagacissimus.
525 969 575 1030 Ex
597 987 634 1029 ea
657 969 734 1030 enim
756 968 877 1031 tandem
897 967 1002 1047 patuit,
1026 987 1085 1029 non
1109 986 1185 1047 opus
1199 987 1276 1042 esse,
1301 975 1334 1029 ut
1347 988 1433 1032 men·
1455 1028 1457 1031 .

90 1062 178 1116 strna
199 1061 326 1134 ponatur
348 1057 474 1117 mutatio
498 1049 743 1129 eccentricitatis,
768 1057 921 1130 sufficere,
946 1063 981 1118 ut
1003 1056 1044 1118 sit
1066 1074 1182 1118 annua:
1206 1057 1265 1118 imo
1290 1076 1327 1118 ne
1351 1067 1433 1122 stare

89 1141 210 1224 quidem
232 1143 366 1206 rationes
388 1143 539 1227 physicas,
563 1146 622 1208 uisi
645 1143 686 1210 sit
708 1165 814 1207 annua.
868 1145 989 1208 Etenim
1021 1145 1052 1206 in
1081 1164 1170 1224 opere
1194 1147 1230 1208 de
1253 1147 1353 1208 Marte
1378 1148 1434 1209 de-

89 1240 290 1295 monstratum
312 1240 373 1309 est,
406 1235 663 1298 eccentricitatem
687 1235 827 1298 circuitus
850 1235 991 1316 planetae
1015 1235 1147 1296 existere
1169 1256 1189 1295 a
1211 1235 1242 1297 vi
1264 1236 1435 1314 magnetica

89 1318 174 1401 globi
196 1322 372 1401 planetarii,
405 1341 480 1414 quae
509 1325 597 1386 lineis
620 1325 712 1390 rectis
734 1331 800 1386 toto
819 1342 948 1402 corpore
971 1324 1053 1402 globi
1075 1324 1237 1408 porrigitur
1259 1319 1434 1390 constanter

91 1418 158 1472 tcto
182 1409 305 1474 circuitu
318 1412 365 1474 in
382 1413 585 1490 longitudines
608 1415 732 1476 medias.
772 1415 827 1476 tut
839 1414 941 1493 itaque
962 1421 1048 1493 raptu
1066 1412 1148 1492 globi
1167 1415 1248 1476 circa
1263 1413 1374 1490 Solem,
1398 1423 1433 1478 nt

91 1507 209 1563 tractus
223 1499 384 1581 magnetici
393 1502 532 1582 opposita
546 1513 657 1582 puncta
665 1502 730 1566 Soli
742 1500 945 1576 obverta‘ntur,
966 1522 1043 1583 quae
1059 1508 1091 1564 ut
1110 1501 1250 1582 opposita
1264 1505 1447 1583 oppositam·

94 1589 187 1650 etiam
209 1589 270 1650 vim
292 1587 437 1653 obtinent.
451 1592 458 1604 '
472 1592 561 1656 ¹Num
586 1592 638 1652 illo
662 1599 804 1666 extremo,
828 1591 907 1672 quod
921 1591 952 1652 in
965 1589 1182 1671 longitudinem
1200 1594 1328 1655 mediam
1349 1594 1432 1672 prio-

18 1711 20 1716 .
91 1697 154 1740 rem
176 1680 285 1758 vergit,
309 1679 423 1742 faciunt
445 1680 567 1766 globum
578 1698 675 1742 suum
698 1681 800 1760 fogere
824 1701 843 1742 a
865 1679 939 1744 Sole
961 1700 1014 1760 per
1033 1682 1243 1744 ascendentem
1259 1683 1431 1745 semicircu-

90 1768 166 1842 lum,
200 1769 293 1830 donec
325 1770 503 1832 transmisso
523 1769 596 1850 jugo
626 1771 724 1832 altera
747 1769 923 1839 extremitas
945 1769 975 1831 in
998 1771 1194 1850 posteriorem
1216 1771 1431 1850 longitudinem

90 1857 218 1920 mediam
246 1858 374 1920 obversa
400 1878 454 1938 per
482 1859 711 1931 descendentem
735 1859 952 1922 semicirculum
973 1859 1141 1938 prolectam
1164 1859 1287 1941 incipiat
1310 1862 1430 1939 globum

91 1965 186 2020 suum,
210 1954 244 2025 ut
265 1947 398 2010 vicissim
423 1949 461 2010 ad
484 1947 587 2011 Solem
611 1947 782 2026 adnaviget.
821 1948 995 2023 Ascendere
1020 1949 1098 2010 enirn
1120 1949 1274 2024 estiatur
1294 1947 1429 2031 gyratio·

89 2055 158 2100 uem
181 2037 367 2099 extrinsecus
391 2036 447 2099 sibi
469 2038 586 2098 illatam
610 2038 713 2116 lugere
736 2057 755 2098 a
774 2037 858 2100 Sole:
884 2038 1066 2112 descendere
1090 2045 1145 2111 est,
1169 2038 1268 2118 raptui
1292 2039 1430 2100 ciirculari
1477 2108 1479 2121 Ι

90 2124 276 2210 extrinsecus
306 2125 480 2188 sibiillato
509 2126 635 2208 miscere
658 2145 814 2188 accessum
837 2145 922 2190 suurn
945 2125 983 2187 ad
999 2126 1102 2190 Solem
1124 2125 1302 2192 intrinsecus
1322 2137 1431 2190 ortum.-

89 2215 174 2276 Haec
202 2233 239 2275 ex
261 2214 372 2277 Martis
397 2213 568 2278 ¹Comment.
597 2215 655 2278 huc
684 2215 895 2278 transferenda
926 2217 1063 2278 luerunt:
1089 2218 1153 2296 jam
1177 2217 1215 2278 ad
1238 2218 1355 2281 Lunam
1377 2236 1431 2280 ac-

89 2303 296 2366 commodabo.
322 2327 326 2332 *
607 2361 610 2367 ,
969 2354 972 2361 ,
1365 2319 1369 2327 ·

178 2393 265 2454 Luna
287 2393 386 2474 itaque
409 2391 489 2458 circa
511 2393 635 2454 Terram
658 2393 803 2454 aTerrae
825 2393 982 2473 gyratione
1006 2400 1158 2456 menstruo
1177 2395 1357 2457 circumactu
1371 2415 1430 2477 gy-

89 2488 159 2544 rata
181 2482 302 2544 easdem
325 2499 400 2543 cum.
414 2479 524 2544 ceteris
546 2479 676 2561 planetis
700 2482 873 2544 affectiones
897 2482 942 2543 eni
966 2483 1099 2562 corporis
1122 2483 1252 2559 obtinet,
1285 2486 1338 2546 sed
1361 2485 1429 2565 qni-¹

90 2572 146 2632 bus
168 2589 228 2632 non
252 2570 353 2633 Solem
375 2569 576 2649 longinquum,
602 2570 659 2632 sed
677 2571 807 2642 vicinam
829 2571 994 2653 Tellurem,
1018 2592 1037 2632 a
1061 2591 1118 2650 qua
1140 2580 1274 2653 gyratur,
1298 2574 1430 2636 vicissim

90 2656 169 2739 sugit
190 2669 223 2721 et
245 2660 374 2740 appetit:
400 2677 474 2740 quae
499 2661 600 2722 etiam
613 2659 753 2731 efficiunt,
774 2658 956 2741 ut'qnamvis'
974 2661 1077 2722 Tellus
1092 2683 1111 2721 a
1125 2661 1197 2724 Sole'
1210 2683 1265 2742 per
1277 2663 1430 2724 aetherem

90 2750 242 2830 rapiatur,
265 2741 455 2814 nibilominus
478 2750 565 2813 Luna
586 2747 670 2813 illam
693 2749 850 2813 comitetur
873 2769 990 2832 semper
1012 2749 1041 2811 in
1062 2751 1147 2830 justa
1166 2751 1321 2815 distantia.
1346 2753 1430 2815 Haec

91 2839 184 2920 igitur
208 2838 302 2901 virtus
326 2840 495 2917 magnetica
518 2839 652 2918 corporis
675 2840 814 2914 Lunaris,
838 2840 986 2921 quomodo
1011 2851 1150 2902 causetur
1172 2841 1428 2905 eccentricitatem

89 2930 224 3010 aliquam
250 2949 268 2990 a
291 2935 393 2992 centro
416 2928 547 2989 Telluris
570 2928 752 3007 simplicem,
786 2929 976 2991 mediocriter
1005 2938 1090 3009 patet
1112 2930 1143 2991 in
1165 2932 1300 3010 exemplo
1321 2932 1429 3011 plane-

87 3026 185 3081 tarum
210 3024 390 3101 oeterorum,
414 3017 464 3097 qui
487 3040 506 3079 a
528 3024 630 3080 centro
654 3016 736 3079 Solis
758 3019 832 3079 fiunt
859 3016 1027 3079 eccentrici.
1072 3018 1118 3079 At
1149 3020 1296 3098 quomodo
1334 3020 1430 3082 virtus

86 3108 162 3171 haec
186 3107 288 3169 Lucae
312 3106 482 3184 magnetica
505 3106 619 3168 intendi
650 3114 683 3167 et
701 3107 814 3169 remitti
837 3104 951 3187 possit,
982 3114 1016 3167 ut
1039 3105 1107 3169 aliis
1129 3109 1314 3187 temporibus
1337 3109 1448 3170 aliam·

87 3203 226 3259 causetur
258 3194 527 3273 eccentricitatem,
544 3196 582 3273 ¹id
605 3195 810 3259 difficultatem
838 3195 930 3258 habet
953 3195 1097 3274 aliquam,
1121 3216 1175 3258 nec
1197 3198 1356 3277 profiteor,
1381 3218 1428 3259 me

85 3294 181 3349 totum
210 3286 288 3347 hunc
316 3304 456 3347 arcanum
471 3292 607 3355 ,naturae
639 3280 830 3347 thesaurum'
844 3293 1029 3365 aperturum:
1067 3303 1124 3346 non
1146 3286 1285 3348 reticebo
1316 3294 1426 3371 tamen,

87 3375 157 3456 quid
181 3374 349 3438 diutissime
373 3394 519 3453 quaerens
542 3372 714 3450 invenerim,
738 3372 817 3455 qnod
840 3373 970 3435 numeris
992 3382 1025 3435 et
1047 3375 1306 3437 observationibus
1326 3396 1358 3437 ae
1373 3396 1427 3437 ac-

87 3462 265 3535 commodet.
311 3464 457 3527 Nimirum
480 3462 507 3525 si
524 3482 689 3543 apogaeum
709 3465 811 3527 Lunae
832 3471 879 3525 est
894 3482 959 3536 cum
975 3461 1056 3537 Sole,
1075 3464 1123 3524 vel
1141 3464 1323 3543 perigaeum,
1342 3465 1428 3527 Luna

86 3555 251 3633 virtuosam
282 3552 391 3615 lineam
416 3552 649 3615 eccentricitatis
672 3554 850 3616 effectricem
869 3558 937 3614 tnur'
954 3552 1071 3614 demum
1094 3553 1123 3614 in
1146 3553 1269 3616 Terram
1293 3554 1427 3633 porrigit,

88 3662 153 3707 cum
178 3650 227 3705 cst
248 3641 278 3703 iu
303 3642 449 3722 quadrato
473 3642 565 3707 Solis.
610 3644 656 3705 At
677 3643 763 3705 Luna
786 3644 813 3704 in
839 3643 984 3724 quadrato
1008 3641 1089 3705 Solis
1111 3662 1237 3705 versans
1254 3643 1428 3705 diametrum

87 3732 220 3813 aliquam
243 3730 348 3793 circuli
369 3731 665 3807 illuminationlssui
688 3733 819 3813 corporis
843 3733 934 3794 etiam
958 3732 989 3793 in
1012 3731 1135 3793 Terram
1159 3733 1295 3812 porrigit,
1320 3742 1351 3793 et
1374 3732 1429 3806 sic,

86 3840 143 3904 qno
173 3828 308 3900 tempore
332 3820 386 3884 Sol
418 3822 511 3884 babet
537 3840 703 3902 apogaeum
732 3821 780 3882 vel
809 3821 981 3902 perigaeum
1010 3821 1113 3882 Lunae
1140 3822 1253 3897 locum,
1286 3831 1352 3883 toto
1374 3822 1428 3883 illo

86 3929 190 3973 mense
227 3928 298 3990 pars
329 3910 497 3973 illuminata
519 3913 622 3974 Lunae
654 3932 673 3971 a
694 3918 779 3991 parte
803 3911 930 3972 obscura
953 3908 1095 3972 dividitur
1118 3912 1277 3973 secundum
1300 3918 1428 3973 tractum

85 4001 305 4062 filamentornm
336 4000 591 4081 magnetieorum,
624 3999 667 4062 sic
704 4008 737 4062 ut
768 4000 862 4061 virtus
890 3999 1060 4076 magnetica
1087 4009 1119 4061 et
1150 4000 1226 4062 lucis
1256 3999 1428 4062 terminatio

86 4088 256 4171 parallelae
293 4088 364 4153 sint
433 4087 549 4153 Contra
587 4090 615 4151 si
651 4088 705 4152 Sol
741 4089 877 4151 obtineat
917 4088 1033 4149 medias
1068 4088 1171 4151 Lunae
1215 4090 1426 4168 longitudines,

86 4178 217 4241 circulus
253 4177 479 4241 illuminationis
518 4180 621 4241 Lunae
655 4187 739 4241 secat
772 4196 875 4241 omnes
912 4176 1009 4239 lineas
1043 4178 1193 4240 virtuosae
1234 4180 1273 4239 ad
1301 4181 1429 4258 angulos

85 4276 198 4331 rectos.
243 4268 289 4330 At
315 4275 466 4331 testantur
497 4267 739 4340 observationes,
782 4267 807 4329 si
839 4266 892 4329 Sol
920 4265 1036 4328 obtinet
1067 4286 1232 4348 apogaeum
1263 4269 1311 4330 vel
1346 4269 1429 4348 peri-

84 4376 195 4439 gaenm
218 4356 336 4431 Lunae,
368 4364 439 4421 tunc
475 4357 538 4419 lieri
566 4359 761 4437 aequationes
784 4355 946 4430 maximas,
984 4358 1162 4435 quadrarum
1184 4357 1320 4420 scilicet:
1349 4358 1429 4439 quod

86 4444 250 4511 secundum
273 4446 334 4509 ista
355 4446 502 4527 principia
523 4448 698 4509 tantundem
721 4454 771 4509 est
791 4464 826 4506 ac
849 4444 875 4505 si
899 4444 1010 4520 dicam,
1037 4446 1152 4507 Lunam
1175 4446 1205 4506 ln
1221 4448 1342 4527 quadris
1359 4466 1429 4507 ver-

87 4543 207 4611 santem
231 4534 337 4599 lortius
360 4538 481 4599 Terram
505 4543 662 4618 appetere,
691 4544 722 4600 et
743 4534 876 4599 vicissim
900 4535 1002 4615 lugere
1025 4534 1056 4596 in
1079 4534 1232 4615 opposito,
1268 4544 1302 4599 ut
1328 4537 1373 4598 ita
1400 4536 1428 4597 in

86 4642 225 4708 apogaeo
253 4623 343 4687 altius
370 4626 531 4705 pervadat,
564 4626 594 4687 in
627 4626 767 4706 perigaeo
794 4624 944 4687 humilius.
995 4622 1236 4687 Consentaneum
1258 4634 1307 4688 est
1328 4625 1428 4705 igitur,

86 4734 154 4779 cum
192 4713 288 4777 virtus
314 4712 418 4777 Lunae
454 4714 623 4794 magnetica
655 4715 784 4778 extentis
814 4720 846 4776 et
873 4714 966 4776 rectis
997 4714 1142 4776 lateribus
1165 4713 1304 4795 objicitur
1326 4713 1429 4778 lumini
1539 4712 1544 4723 '

84 4803 181 4880 Solis,
205 4802 307 4885 siout
328 4805 457 4867 circulus
480 4824 534 4867 sen
556 4805 699 4867 terminus
722 4803 948 4867 illuminationis
971 4804 1024 4866 liat
1046 4803 1147 4864 virtuti
1167 4804 1341 4883 parallelus,
1364 4804 1428 4865 vir-

84 4902 185 4959 tutem
208 4883 285 4957 lianc
307 4894 506 4973 magneticam
529 4914 582 4975 per
604 4896 683 4957 hunc
706 4894 795 4957 situm
820 4894 858 4955 ad
873 4893 975 4957 Solem
996 4890 1129 4967 intendi;
1153 4893 1266 4956 nullam
1279 4910 1349 4954 vero
1364 4892 1429 4972 ejus

86 5004 158 5050 esse
183 4982 433 5061 scruficaticnem,
458 5002 524 5049 cum
546 4985 640 5049 virtus
664 4984 833 5067 magnetica
853 4983 945 5047 rectia
968 4980 1056 5046 lineis
1077 4982 1109 5045 in
1133 4981 1234 5045 Solem
1257 4982 1429 5062 porrigitur,

1161 5084 1220 5137 35*
