3517 5525
722 371 886 452 Quota

498 572 505 600 ¹
700 592 821 719 Caput
858 619 906 694 Π.
965 671 969 680 1

248 762 250 774 ¹
349 802 352 808 ·
460 775 517 840 De
538 783 623 840 motu
646 776 910 842 mancosorum
932 778 968 842 in
989 779 1150 862 amyclis„

136 943 140 950 ·
223 915 298 981 Cum
324 917 460 980 horarius
483 919 587 982 Lunae
610 937 647 988 ex
672 918 931 982 observationibus
953 919 1010 982 fide
1033 919 1132 1000 dignis
1154 919 1258 984 haberi
1279 921 1386 1002 possit,
1404 921 1471 1003 jure

132 1010 213 1072 inter
234 1005 385 1088 principia·
403 1008 572 1070 assumitur.
601 1047 603 1054 ,

227 1096 368 1178 Sequitur
397 1096 514 1177 quidem
551 1116 587 1158 ex
619 1089 836 1180 hypothesibus
859 1095 1003 1157 artificum
1026 1095 1135 1176 aliquis
1158 1104 1258 1159 certus
1279 1097 1416 1161 horarius
1440 1098 1470 1160 in

135 1185 265 1265 singulis
288 1185 454 1246 anomaliae
468 1185 581 1248 ,lunae
604 1184 750 1264 partibus.
792 1185 837 1244 At
859 1203 970 1246 causae
992 1192 1079 1260 sunt,
1103 1205 1155 1249 cnr
1177 1186 1215 1248 iis
1238 1186 1340 1248 solis
1363 1185 1419 1248 hac
1442 1187 1472 1249 in

138 1275 343 1354 speculatione
366 1293 424 1335 non
447 1274 596 1342 utendum¹
619 1291 713 1353 neque
732 1272 906 1334 testimonia
929 1274 1171 1336 observationum
1187 1274 1224 1336 de
1241 1274 1280 1336 iis
1293 1275 1472 1356 negligenda

133 1363 316 1426 existimem.
363 1363 441 1426 Nam
470 1354 556 1444 cupio
583 1363 660 1424 hanc
682 1359 853 1435 materiam,
886 1362 983 1440 quoad
1006 1362 1069 1427 heri
1091 1371 1208 1443 potest,
1243 1381 1297 1442 per
1318 1382 1351 1425 se
1379 1373 1472 1439 stare,

134 1463 170 1516 ut
194 1453 236 1513 sit
256 1461 289 1514 et
310 1453 525 1532 comprehensu
548 1450 662 1514 facilior
686 1458 716 1512 et
739 1451 796 1512 fide
819 1450 944 1530 dignior.
990 1449 1098 1514 Latuit
1118 1452 1196 1516 euim
1218 1460 1337 1515 veteres
1360 1451 1474 1534 aliquid

135 1542 219 1603 circa
249 1541 400 1604 horarium
422 1539 580 1604 Lunae-in
603 1537 859 1619 conjunctionibus
884 1549 916 1600 et
939 1539 1195 1620 oppositionibus:
1225 1539 1305 1622 qnod
1325 1543 1474 1622 posterior

134 1631 247 1693 Brahei
270 1629 427 1708 diligentia
449 1633 478 1694 in
501 1631 598 1692 lucem
620 1627 737 1693 extulit.
783 1627 1038 1703 satisfaciendum
1060 1629 1160 1710 itaque
1179 1629 1372 1692 sollicitudini
1397 1649 1473 1710 geo-

134 1720 324 1780 metricorum
348 1719 548 1799 ingeniorum,
578 1736 654 1797 qnae
676 1725 798 1796 propter
821 1715 898 1780 lianc
920 1715 1114 1787 leviusculam
1142 1718 1338 1800 differentiam
1360 1739 1473 1782 caven-

135 1808 205 1870 dnm
243 1806 301 1868 sibi
333 1809 483 1888 putabant
514 1807 552 1872 ab
584 1804 726 1880 horariis,
757 1804 808 1892 qui
840 1805 926 1867 nobis
949 1825 988 1868 ex
1010 1816 1163 1873 auctorum
1185 1807 1399 1890 hypothesibus
1423 1808 1473 1870 oi·

132 1897 279 1958 teruntur.
943 1933 954 1959 t
1130 1945 1134 1952 ,

222 2003 436 2060 Messalinus
458 2000 544 2074 (apic.
557 2007 669 2058 Astron.
683 2018 709 2071 p.
725 1995 796 2068 444)
811 2017 848 2056 ex
860 2001 1063 2072 hypothesibus
1074 2001 1251 2058 Ptolemsicis
1261 2003 1361 2072 prodit,
1373 2004 1403 2058 in
1415 2019 1472 2060 uua

132 2083 204 2139 hora
223 2083 347 2153 superari
361 2083 484 2138 Solense
495 2085 577 2138 Luna
590 2097 719 2154 apogaee
737 2075 786 2136 27'
800 2077 868 2146 52¹⁴.
889 2082 1015 2137 mediocri
1030 2079 1077 2138 30⁴
1093 2077 1161 2150 29⁰,
1188 2080 1391 2156 perigses‘di'
1414 2077 1472 2140 35‘¹

221 2163 466 2218 Rheinholdus
496 2165 524 2220 in
553 2163 629 2220 Pnut.
650 2163 718 2218 rab.
836 2188 847 2221 s
1524 2203 1529 2220 .

133 2241 173 2315 (p.
195 2239 242 2298 96.
265 2239 317 2311 37)
338 2261 375 2298 ex
396 2244 544 2314 Goperuicc
566 2242 626 2298 sict.
654 2283 657 2291 .
742 2235 788 2298 26.
804 2237 839 2296 33
922 2270 958 2280 -
1034 2237 1080 2297 30.
1101 2236 1133 2316 Ι9
1193 2294 1198 2306 ,
1227 2270 1263 2282 -
1345 2237 1391 2299 35.
1431 2240 1451 2298 7

221 2323 340 2396 Tycho
360 2323 517 2378 Braheus
538 2324 648 2378 inTab.
663 2321 718 2377 Lu·
1117 2365 1122 2378 ,
1256 2378 1261 2391 ‚

135 2405 248 2462 naribus
271 2403 429 2476 (Progymn.
450 2421 476 2474 p.
501 2395 588 2473 128):
741 2393 839 2457 2212
920 2429 960 2442 -
1033 2397 1080 2458 30.
1095 2395 1133 2458 42
1180 2401 1185 2409 “
1227 2431 1265 2441 -
1333 2393 1392 2458 35.
1415 2399 1461 2459 37.

221 2500 283 2564 Sed
315 2519 438 2562 necesse
470 2508 534 2574 est,
556 2499 760 2562 Ptolemaeum
784 2506 815 2558 et
838 2494 1034 2576 (lopernicum
1055 2497 1087 2560 in
1110 2497 1278 2578 quantitate
1302 2499 1469 2576 convenire,

132 2609 200 2666 curn
233 2587 448 2671 hypothesibus
480 2596 601 2651 utantur
631 2589 711 2649 circa
742 2587 818 2648 hanc
842 2603 903 2649 rem
926 2586 1203 2668 aequipollentibus.
1249 2584 1369 2650 Etenim
1392 2577 1484 2670 quod‘

133 2677 300 2759 Copernico
323 2683 461 2757 praestat
483 2678 672 2760 epicyclium,
694 2675 851 2742 retrahens
875 2675 991 2738 Lunam
1014 2682 1179 2756 apogaeam
1202 2676 1258 2738 sub
1273 2675 1345 2739 Sole
1368 2683 1470 2739 trans-

132 2778 252 2833 euntem
275 2768 304 2829 in
329 2768 547 2840 antecedentia,
571 2776 602 2829 et
625 2766 794 2847 perigaeam
816 2774 995 2843 promovens
1011 2765 1278 2848 inconsequentia,
1301 2766 1368 2848 plus
1383 2786 1471 2849 quam

135 2858 197 2920 lert
227 2856 304 2919 ratio
337 2856 459 2935 majoris
492 2856 635 2939 epioycli:
673 2854 750 2915 idem
779 2854 950 2915 Ptolemaeo
981 2862 1119 2933 praestat
1149 2873 1313 2935 apogaeum
1343 2856 1470 2940 epicycli

130 2948 279 3023 medinm,
307 2964 426 3025 semper
456 2946 581 3008 vicinius
605 2944 699 3005 lineae
717 2958 776 3023 'per
798 2940 901 3003 Solem
924 2950 956 3002 et
978 2942 1100 3004 Terram
1122 2942 1249 3020 ductes,
1281 2963 1369 3025 quarn
1392 2964 1469 3026 apo-

131 3056 238 3118 gaeum
275 3035 406 3115 ejusdem
437 3034 562 3117 epicycli
593 3051 693 3095 verum
725 3030 773 3093 vel
803 3039 945 3110 punctum
968 3031 1174 3107 concavitatis,
1206 3037 1237 3093 ct
1257 3033 1468 3113 perigaeume

131 3134 239 3189 contre
261 3126 412 3187 remotius.
444 3126 549 3205 Itaque
571 3120 682 3185 horarii
696 3118 851 3181 Maestlini
874 3118 1007 3180 nituntur
1030 3120 1234 3183 tantummodo
1253 3120 1381 3201 simplici
1390 3142 1464 3185 con-

131 3213 313 3275 sidcratione
337 3212 472 3294 epicycli.
520 3208 646 3283 Qualem
668 3208 813 3272 rationem
837 3215 869 3269 et
890 3208 1027 3269 Braheus
1051 3208 1080 3272 in
1103 3226 1157 3269 sno
1180 3208 1298 3282 horario
1318 3211 1466 3297 ctdiurnq

131 3304 208 3365 ricto.
225 3302 358 3382 seqnitur
381 3306 439 3371 (loc.
459 3310 499 3360 cic.
527 3325 552 3373 p.
572 3303 658 3372 tes),
689 3316 746 3377 quo
770 3296 913 3359 articulos
937 3296 1173 3376 conjunctionum
1193 3304 1224 3359 et
1245 3298 1466 3377 oppositionum

60 3467 63 3473 Δ
131 3391 269 3471 inquirit,
309 3389 379 3470 quia
410 3390 439 3451 in
472 3388 531 3451 illis
561 3387 695 3451 articulis
727 3385 878 3467 epicyolus
910 3393 950 3460 et,
972 3386 1099 3447 variatio
1127 3386 1217 3467 plane
1250 3387 1322 3449 nihil
1351 3388 1464 3451 turbat.

131 3502 286 3571 Apogaeae
306 3496 378 3559 enirn
397 3497 492 3553 Lunae
512 3496 659 3567 horarium,
674 3492 789 3549 exhibet
809 3487 856 3549 27¹
878 3489 945 3559 43”,
974 3494 1126 3565 perigaeae
1147 3488 1195 3551 33¹
1216 3488 1295 3559 W,

606 3574 783 3630 Maestlinus:
806 3568 852 3629 27.
874 3568 913 3629 52
1033 3603 1069 3616 -·-
1105 3579 1107 3582 ’
1148 3571 1194 3631 33.
1216 3570 1262 3631 35.

212 3674 284 3735 'Nec
313 3672 389 3734 alios
418 3687 506 3753 qnam
531 3669 711 3751 Cupernicus
734 3670 867 3731 horarios
889 3688 978 3733 veros
1001 3677 1169 3742 exsmucret
1190 3670 1327 3733 Braheus
1350 3689 1387 3733 ex
1410 3690 1465 3735 sus

130 3762 291 3847 hypothesi
321 3759 442 3837 Lunae,
475 3760 582 3843 quippe
610 3760 659 3840 qui
682 3759 857 3840 epicyclium
881 3757 1117 3837 Ceperuicanum
1139 3758 1228 3837 plane
1250 3759 1377 3835 retinet,
1405 3759 1465 3825 situ

131 3855 229 3914 solum
258 3860 402 3926 emotum,
439 3858 471 3912 et
502 3850 540 3910 ad
563 3850 684 3911 Terram
712 3849 894 3910 detractum:
928 3847 986 3909 nisi
1017 3847 1224 3928 superveniret
1254 3848 1332 3929 apud
1366 3848 1465 3928 ipsum

131 3950 240 4012 motus,
266 3955 352 4019 quern
375 3940 440 4019 ipse
463 3938 727 4001 variationem
751 3936 841 4011 duit,
874 3953 975 3998 omnes
1004 3935 1141 3998 horarios
1164 3936 1267 3999 Lunae
1295 3936 1326 3999 in
1348 3938 1464 4021 copulis

130 4028 281 4093 auctiores
304 4023 449 4091 alliciens(
490 4026 594 4107 Itaque
618 4024 855 4089 observationum
879 4024 1081 4087 testimonium
1103 4024 1252 4107 interponi
1267 4044 1389 4089 necesse
1405 4034 1462 4105 est,

133 4129 168 4181 ut
191 4126 346 4196 appareat,
371 4116 568 4182 differentiam
590 4115 772 4177 horatiorum
795 4112 1053 4194 hypotheticorum
1076 4114 1153 4195 apud
1175 4113 1309 4177 diversos
1326 4124 1463 4180 auctores

133 4216 169 4270 ut
191 4205 348 4287 plurimum
371 4206 513 4267 minorem
537 4224 617 4278 esse,
641 4223 727 4284 quam
750 4201 947 4264 differentiam
968 4202 1100 4282 ipsarum
1121 4201 1200 4265 inter
1221 4222 1255 4265 sc
1273 4204 1462 4269 observatio-

131 4314 220 4367 num,
260 4303 313 4357 ant
335 4292 427 4355 sicubi
445 4292 612 4371 'majuscula
636 4300 683 4355 cst
706 4292 783 4371 apud
807 4297 959 4365 auctores,
983 4290 1099 4354 cuinam
1120 4290 1212 4373 igitur
1235 4310 1272 4355 ex
1291 4294 1462 4359 auctoribus

132 4385 216 4449 eirca
238 4382 388 4447 horarium
409 4383 482 4445 fides
505 4380 546 4443 sit
568 4380 744 4443 adhibenda.

225 4470 366 4536 Ceterum
393 4472 485 4533 variis
509 4469 605 4531 modis
628 4487 665 4530 cx
688 4466 944 4531 observationibus
952 4462 1084 4530 'elicitur
1105 4467 1252 4534 horarius.
1296 4473 1326 4546 I)
1348 4474 1462 4537 Exstat

133 4564 214 4625 inter
234 4559 420 4641 problemata
448 4560 522 4640 Cap.
546 4558 603 4621 XI.
633 4555 705 4638 Opt.
727 4555 821 4637 probi.
845 4551 898 4619 26.
922 4556 988 4620 huic
1012 4555 1149 4619 instituto
1172 4558 1320 4623 idoneum.
1363 4561 1460 4623 Prae-

135 4650 278 4733 snpponit
301 4655 400 4711 autem
421 4648 516 4728 probl.
540 4642 592 4721 24,
615 4646 646 4708 in
668 4665 726 4728 qno
742 4646 873 4718 docetur,
898 4646 1043 4725 quomodo
1057 4663 1095 4706 ex
1117 4646 1323 4711 observatione
1339 4649 1459 4729 eclipsis

135 4739 218 4804 Solis
253 4744 373 4804 eruatur
405 4734 556 4817 longitudo
580 4742 612 4797 et
631 4734 758 4798 latitudo
780 4731 908 4795 visibilis
929 4733 1032 4797 Iunas
1055 4754 1075 4795 a
1095 4732 1177 4797 Sole.
1224 4735 1358 4808 Quatuor
1382 4737 1460 4803 enirn

135 4831 212 4893 haec
234 4834 375 4889 accurate
394 4825 538 4889 comoda:
566 4823 599 4899 1)
623 4822 744 4886 Certum
757 4822 849 4885 horae
867 4830 1061 4892 momentum,
1084 4820 1120 4896 2)
1143 4824 1294 4905 quantitas
1315 4826 1458 4901 delectus,

132 4916 174 4991 3)
212 4918 423 4981 diametrorum
459 4914 539 4977 Solis
577 4920 610 4974 et
642 4911 746 4975 Lunae
787 4928 934 4992 apparens
970 4910 1160 4992 magnitudo,
1218 4908 1254 4985 4)
1281 4912 1375 4977 lineae
1405 4933 1459 4997 per
