3517 5525
343 413 409 482 396
817 405 857 459 De
873 405 983 459 Motibus
1002 405 1095 461 Statim
1112 405 1200 462 lierda

342 601 434 678 petuo
462 591 538 654 lixas
567 586 693 669 dirigat:
721 585 781 650 nisi
808 593 954 668 qnatenus
978 607 1119 651 successu
1142 589 1308 652 seculorum
1330 607 1398 652 eum
1419 607 1523 670 parum
1545 587 1684 652 inclinat

238 722 240 727 ·
342 683 465 748 Orietur
486 682 587 762 itaque
610 695 710 757 pugna
728 676 883 739 facultatis
899 676 1038 739 animalis
1053 697 1120 740 cum
1142 679 1285 741 facultate
1308 679 1486 758 magnetica,
1501 688 1533 741 et
1555 679 1686 742 victoria

341 771 494 834 animalis:
527 788 587 832 non
615 767 704 829 aliter
734 773 823 847 atque
851 783 916 845 cap.
947 767 1099 829 XXXIV.
1128 767 1314 843 dixeramus,
1347 787 1473 848 corpora
1493 769 1686 849 planetamm

341 859 517 923 naturaliter
539 857 670 938 quietem
691 863 850 934 appetere,
882 855 937 916 sed
968 857 1080 940 moveri
1111 877 1132 917 a
1153 857 1183 918 vi
1213 865 1357 918 extranea
1380 857 1471 920 Solis.
1517 857 1577 920 Vel
1607 875 1683 938 cape

341 947 594 1012 accommodatius
615 944 792 1024 exemplum.
830 943 952 1006 Brachii
975 944 1095 1008 humani
1117 945 1255 1008 naturale
1278 946 1394 1026 pondus
1422 948 1562 1009 deorsum
1585 945 1686 1026 vergit

341 1039 379 1101 ad
394 1040 506 1102 Terrae
529 1042 677 1109 centrum3
701 1033 841 1095 animalis
864 1051 937 1093 vero
961 1032 1091 1095 facultas
1114 1033 1170 1096 hoc
1191 1043 1329 1115 praestat
1350 1035 1531 1111 vexillifero,
1554 1033 1686 1097 utillud

342 1145 433 1207 supra
456 1133 546 1205 caput
568 1123 712 1185 extendat
734 1130 766 1183 et
792 1123 822 1183 in
845 1139 950 1204 gyrum
973 1129 1062 1203 agat:
1086 1121 1137 1185 ubi
1159 1123 1254 1186 vincit
1280 1123 1419 1187 animalis
1442 1125 1571 1187 facultas
1593 1131 1686 1186 natu-

340 1217 406 1278 rale
420 1215 545 1296 pondus,
567 1213 758 1292 vinceretque
780 1219 935 1292 perpetuo,
958 1211 1017 1274 nisi
1041 1229 1148 1292 corpus
1171 1213 1332 1276 vexilliferi
1347 1233 1413 1277 oum
1427 1213 1562 1277 omnihus
1585 1213 1685 1275 facul-

340 1306 455 1368 tatibus
477 1303 604 1366 mortale
627 1300 778 1364 conditum
800 1307 892 1361 esset

429 1392 487 1456 His
509 1392 610 1473 itaque
632 1389 740 1469 positis
762 1389 904 1470 planetae
927 1407 1011 1451 mens
1035 1409 1073 1450 ex
1095 1391 1177 1452 lucta
1198 1389 1353 1453 facultatis
1375 1391 1524 1468 animalis,
1549 1391 1588 1453 ad
1609 1390 1687 1453 reti-

342 1483 472 1546 nendum
494 1499 580 1543 axem
602 1478 802 1558 magneticnm
825 1485 1026 1559 comparatae,
1050 1497 1116 1541 cum
1138 1478 1307 1560 magnetica
1328 1480 1437 1544 virtute
1460 1479 1634 1543 directionis
1656 1479 1687 1541 in

343 1573 456 1646 Solem,
479 1569 648 1649 intelligere
661 1574 694 1628 et
709 1567 864 1649 percipere
878 1567 991 1648 poterit
1008 1567 1213 1631 fortitudinem
1226 1569 1410 1648 angulomm.
1448 1570 1491 1632 Et
1511 1569 1560 1634 hic
1582 1569 1688 1632 modus

343 1659 511 1724 confirmari
533 1658 652 1720 videtur
674 1656 766 1718 etiam
788 1674 841 1737 per
863 1657 1031 1737 exemplum
1050 1657 1164 1734 Lunae,
1188 1677 1276 1739 qnam
1300 1667 1413 1721 certum
1435 1667 1484 1720 est
1512 1659 1543 1721 iu
1571 1659 1689 1722 diame-

342 1751 414 1814 trali
437 1750 517 1812 linea
539 1747 623 1811 Solis
651 1754 683 1807 et
706 1748 817 1809 'ferrae
846 1746 952 1808 fortius
983 1746 1117 1822 incitari,
1150 1747 1188 1809 ob
1210 1746 1288 1818 hano
1315 1748 1413 1828 ipsam
1439 1748 1565 1812 forsitan
1590 1767 1688 1828 angu-

344 1841 441 1903 lomm
463 1837 675 1900 fortitudinem.
1629 1884 1632 1890 .

430 1927 564 1991 Tandem
589 1926 679 2004 igitur
701 1943 817 1986 summa
843 1923 918 1985 haec
946 1923 1024 1985 erit:
1054 1924 1177 2006 planeta
1208 1923 1390 1988 constitutus
1412 1925 1442 1987 in
1466 1923 1584 2005 aphelio
1616 1923 1690 1986 nihil

345 2019 384 2080 ad
408 2015 509 2079 Solem
532 2017 651 2088 nititur,
684 2014 739 2076 sed
760 2012 934 2095 provehitur
960 2031 1013 2092 pro
1041 2014 1158 2076 ratione
1189 2013 1352 2076 distantiae
1373 2013 1432 2078 AG
1455 2020 1521 2089 (Εἰς.
1543 2017 1626 2090 1¹5);
1649 2013 1689 2074 ad

342 2106 421 2170 hauc
450 2105 665 2186 promotionem
697 2103 831 2183 sequitur
860 2101 987 2182 angulus
1015 2101 1121 2176 KDA;
1155 2102 1194 2163 ad
1217 2103 1317 2183 anguli
1347 2103 1434 2182 hujus
1467 2103 1689 2183 proportionem

344 2194 527 2258 fortitudinis
550 2193 615 2272 ipse
631 2192 755 2272 planeta
769 2190 851 2253 Solis
874 2191 1049 2253 diametrum
1070 2197 1162 2271 auget
1183 2192 1352 2256 accedendo
1367 2192 1406 2252 ad
1420 2192 1541 2268 Solem,
1565 2204 1689 2254 accessu

239 2331 244 2344 .
343 2285 452 2348 minuit
473 2281 660 2356 distantiam,
682 2289 718 2342 ut
733 2279 865 2354 sitAD3
889 2279 1002 2340 minuta
1023 2279 1170 2342 distantia
1192 2281 1319 2344 celerius
1345 2281 1533 2360 provehitur,
1562 2280 1690 2342 celerius

344 2374 437 2454 igitur
457 2379 591 2433 mutatur
610 2370 701 2432 ΚΒΑ
724 2371 859 2449 angulus,
885 2368 1013 2430 celerius
1036 2367 1128 2449 igitur
1149 2369 1270 2450 planeta
1293 2370 1418 2445 (ceteris
1435 2370 1574 2451 paribus)
1597 2376 1690 2449 auget

344 2463 426 2525 Solis
448 2461 634 2524 diametmm.
670 2459 720 2522 lta
742 2457 871 2520 efficitur
892 2457 1030 2537 perennis
1053 2457 1216 2534 circulatio,
1240 2479 1299 2522 non
1321 2477 1376 2540 per
1395 2459 1567 2534 intervalla,
1589 2459 1690 2541 qualia

344 2571 400 2614 nos
421 2551 453 2612 in
474 2547 587 2614 nostris
618 2546 850 2627 cogitationibus
872 2554 905 2607 et
927 2545 1041 2608 calculo
1074 2547 1250 2626 statuimus,
1285 2549 1472 2613 insensibilia
1502 2557 1603 2614 errata
1629 2566 1688 2611 non

344 2639 577 2712 considerantes,
602 2636 657 2699 sed
679 2637 768 2718 plane
791 2635 940 2698 continua.

433 2727 505 2793 Dixi
527 2726 603 2790 haec
623 2726 770 2788 hactenns
793 2743 859 2787 cum
873 2722 1054 2799 conditione,
1077 2724 1104 2786 si
1127 2723 1258 2801 libratio,
1281 2726 1394 2808 quade
1417 2733 1567 2793 testantur
1582 2711 1710 2792 obser-‘

347 2819 499 2894 vationes,
528 2822 658 2899 nequeat
678 2812 781 2897 perlici
802 2836 822 2876 a
846 2814 959 2876 virtute
982 2813 1082 2894 aliqua
1109 2815 1279 2895 magnetica
1305 2816 1492 2897 planetamm
1515 2818 1688 2901 corporibus

349 2910 451 2982 insita,
473 2916 506 2969 et
527 2906 555 2969 ai
576 2906 695 2968 omnino
718 2922 842 2967 necesse
864 2904 965 2979 fuerit,
988 2920 1044 2964 nos
1067 2902 1106 2963 ad
1127 2910 1257 2967 mentem
1280 2904 1450 2985 confugere.
1497 2906 1639 2972 Oetemm
1663 2906 1688 2969 si

347 3015 521 3077 comparare
544 2996 639 3058 libeat
660 2994 744 3055 illam
766 2993 935 3056 naturalem
957 3000 988 3053 et
1009 2990 1087 3054 hanc
1108 2992 1270 3055 mentalem
1292 2996 1470 3059 motionem:
1493 2996 1548 3059 illa
1570 2996 1688 3079 quidem

347 3105 401 3169 per
424 3106 457 3149 se
480 3093 552 3161 stat,
575 3082 649 3147 nihil
665 3082 828 3162 'indigeus;
859 3082 935 3143 haec
958 3099 1030 3143 vero
1052 3082 1202 3157 mentalis,
1227 3084 1489 3167 quomodocunque
1512 3085 1596 3149 illam
1620 3084 1687 3149 ani-

346 3177 420 3240 mali
443 3173 588 3237 facultate
609 3171 749 3235 movendi
763 3172 897 3252 corporis
920 3170 1063 3243 instruas,
1086 3170 1290 3234 testimonium
1312 3172 1358 3234 illi
1379 3174 1566 3255 magneticae
1584 3174 1688 3257 perhi-

345 3266 418 3329 bere
450 3265 572 3345 ejusque
605 3261 739 3324 subsidia
770 3278 925 3322 accersere
954 3259 1080 3320 videtur.
1128 3260 1259 3323 Primum
1292 3262 1370 3325 enim
1400 3283 1484 3327 mens
1516 3264 1583 3345 ipsa
1614 3264 1688 3327 nihil

345 3363 448 3437 potest
469 3354 501 3415 in
522 3370 639 3432 corpus.
677 3351 808 3430 Oportet
828 3349 921 3429 igitur
942 3346 1034 3409 menti
1057 3348 1218 3428 adjungere
1242 3350 1416 3414 facultatem
1430 3354 1611 3435 exsequendi
1635 3372 1689 3416 sua

345 3444 447 3507 munia
468 3442 499 3504 in
522 3458 646 3521 corpore
668 3439 809 3519 planetae
838 3436 985 3499 librando.
1029 3436 1172 3500 Facultas
1201 3436 1256 3500 illa
1284 3448 1337 3502 aut
1366 3442 1505 3505 animalis
1528 3442 1602 3520 erit,
1635 3450 1687 3505 aut

346 3531 493 3595 naturalis
511 3538 542 3592 et
563 3527 742 3608 magnetica.
779 3526 931 3590 Animalis
947 3544 1014 3588 csse
1036 3544 1096 3587 uon
1117 3533 1235 3607 potest:
1259 3528 1363 3610 nequit
1377 3531 1456 3594 enim
1473 3532 1604 3595 facultas
1619 3532 1687 3597 ani-

346 3621 436 3683 malis
458 3625 665 3697 transportare
687 3633 794 3696 corpus
819 3634 904 3681 suum
922 3616 958 3676 de
982 3615 1049 3677 loco
1071 3616 1101 3677 iu
1124 3615 1221 3678 locum
1244 3619 1294 3691 (nt
1313 3620 1473 3701 requiritur
1495 3621 1526 3683 in
1548 3620 1606 3684 bac
1628 3620 1688 3684 lib-

348 3711 479 3781 ratione)
503 3708 568 3769 sine
596 3712 748 3786 potestate
775 3704 900 3767 alterius
923 3703 1057 3785 corporis
1086 3704 1338 3769 adminiculantia.
1382 3708 1451 3773 Erit
1481 3708 1573 3792 igitur
1601 3728 1688 3791 mag-

347 3801 449 3863 netica
470 3796 609 3870 facultas,
632 3793 691 3856 hoc
704 3802 753 3856 est
774 3793 921 3856 naturalis
939 3811 1103 3855 consensus
1130 3794 1209 3856 inter
1231 3814 1356 3876 corpora
1376 3798 1517 3879 planetae
1540 3809 1572 3863 et
1593 3800 1686 3865 Solis.

348 3890 455 3971 Itaque
477 3906 562 3951 mens
583 3892 721 3946 naturam
743 3890 774 3944 et
793 3889 951 3962 magnetes
973 3881 1003 3944 in
1027 3881 1191 3968 subsidium
1213 3894 1311 3948 vocat.

436 3977 554 4039 Deinde
576 3992 660 4035 mena
683 3972 758 4034 haec
780 3973 819 4034 ad
840 3972 992 4034 dimidium
1016 3971 1173 4034 decursum
1194 3974 1316 4054 regulae
1344 3994 1416 4038 suae
1446 3996 1499 4040 seu
1521 3978 1686 4040 anomaliae

340 4074 545 4148 coaequatae,
568 4063 639 4124 dum
660 4060 811 4124 dimidium
833 4062 950 4142 perficit
972 4060 1071 4141 operis
1086 4062 1142 4135 sui,
1166 4063 1245 4141 quod
1268 4064 1407 4127 consistit
1429 4065 1459 4127 in
1481 4066 1618 4147 augenda
1639 4065 1686 4129 vel

350 4157 510 4219 minuenda
541 4152 687 4215 diametro
717 4147 818 4225 Solis,
851 4166 942 4229 snpra
976 4149 1092 4231 quidem
1123 4172 1161 4230 po
1186 4156 1252 4227 (mg.
1272 4158 1334 4223 tlt)
1368 4153 1539 4231 librationis
1571 4162 1687 4238 partem

351 4245 483 4307 absolvit
502 4243 654 4322 majorem,
678 4238 757 4301 infra
778 4258 849 4302 vero
873 4236 912 4312 οζ
932 4238 1084 4301 minorem.
1131 4240 1235 4320 Neque
1257 4262 1304 4320 70,
1328 4238 1369 4315 οζ
1386 4246 1571 4325 respondent
1590 4244 1687 4327 parti-

349 4334 406 4396 bus
433 4333 585 4414 temporis.
631 4331 710 4392 Nam
739 4332 808 4410 plus
838 4334 941 4392 morae
971 4328 1152 4391 consumitur
1183 4329 1214 4391 in
1241 4352 1287 4409 ro,
1319 4350 1408 4411 quam
1437 4335 1501 4415 eJus
1533 4352 1625 4416 supra
1650 4330 1691 4408 of

351 4441 492 4485 excessus
509 4419 690 4503 requirebat
729 4420 834 4500 Neque
855 4417 994 4480 continue
1013 4424 1158 4495 augentur
1175 4426 1279 4500 partes
1297 4440 1316 4481 a
1335 4416 1354 4493 ζ
1364 4440 1468 4487 versus
1486 4446 1510 4505 γ,
1536 4424 1590 4487 sed
1608 4424 1685 4505 apud

332 4537 375 4595 q,
389 4536 406 4575 η
418 4515 483 4586 (rig.
503 4516 565 4580 111)
580 4516 650 4572 sunt
662 4507 802 4582 minores,
819 4513 853 4569 ut
870 4514 903 4568 et
918 4505 996 4586 apud
1010 4529 1041 4583 μ,
1063 4502 1085 4579 ζ.
1122 4507 1168 4569 At
1180 4508 1289 4571 mentis
1310 4528 1402 4589 opera
1416 4512 1517 4576 solent
1529 4530 1596 4577 ease
1613 4532 1685 4575 cou-

352 4600 476 4666 stantia.
520 4600 686 4681 Propterea
706 4596 792 4659 nobis
815 4595 873 4657 fuit
895 4614 981 4677 opus,
1005 4595 1089 4657 illam
1110 4594 1257 4660 instruere
1286 4598 1430 4663 facultate
1453 4601 1575 4667 animali
1598 4610 1685 4683 atque

350 4688 536 4772 magnetica,
573 4694 604 4749 et
632 4704 762 4767 pugnarn
790 4684 943 4765 utriusque
973 4684 1170 4761 comminisci,
1209 4704 1267 4767 qua
1295 4706 1378 4751 mens
1410 4690 1620 4754 admoneretur
1650 4692 1686 4753 de

351 4781 451 4845 officio
480 4796 549 4850 suo,
581 4775 618 4836 de
646 4794 703 4856 qno
730 4792 786 4837 nec
817 4773 958 4855 temporis
986 4792 1041 4835 nec
1076 4774 1240 4854 spatiomm
1272 4777 1473 4843 confectomm
1503 4782 1684 4863 aequalitate

352 4867 504 4932 admoneri
518 4866 626 4946 potuit
664 4864 770 4945 ltaque
785 4878 899 4925 rursum
919 4862 1012 4927 menti
1034 4862 1198 4927 subsidium
1212 4884 1231 4925 a
1244 4870 1352 4928 natura
1373 4869 1539 4948 petivimus.
1574 4869 1686 4934 Contra

352 4958 411 5041 hae
432 4952 668 5021 modificationes
690 4968 792 5016 omnes
813 4950 915 5030 insunt
936 4968 969 5013 re
984 4968 1056 5013 vera
1070 4951 1152 5032 operi
1174 4952 1295 5019 virtutis
1316 4958 1502 5037 magneticae
1525 4966 1684 5025 exumem
