3517 5525
634 537 639 558 Ι
715 447 754 500 us
780 427 860 500 iuss
1395 442 1461 514 aas

108 615 178 708 jam
206 623 323 705 pridem
356 625 521 688 dimensam
552 626 661 689 metiri.
707 627 810 706 Elegit
838 627 931 708 igitur
963 625 1107 706 eclipsin,
1140 623 1186 687 cui
1211 625 1346 709 aequalis
1379 633 1462 689 esset

113 715 261 778 transitus
283 735 337 796 per
360 715 507 791 umbram,
533 717 667 796 aequalis
692 713 811 794 inquam
841 715 992 780 anomalia
1016 706 1084 777 cnm'
1105 714 1220 794 priore,
1244 733 1304 794 qua
1326 714 1460 778 umbram

113 812 181 866 erat
213 823 344 867 mensus.
392 805 493 866 Motus
527 805 696 867 latitudinis
725 807 814 885 paulo
846 806 943 879 alius;
977 805 1017 866 sit
1046 803 1100 865 illa
1122 804 1152 864 iu
1175 801 1213 863 E.
1260 803 1362 867 Scitur
1389 821 1461 884 ergo

112 891 171 954 ΕΙ)
194 912 251 954 nou
276 894 374 955 minus
397 911 485 974 quam
507 894 591 974 prius
614 895 679 968 BH,
705 913 742 956 ex
765 893 879 956 calculo
905 904 975 955 ante
999 899 1164 954 exstructo.
1201 891 1244 952 Et
1267 891 1369 972 angnli
1392 901 1463 956 sunt

30 985 36 1000 '
114 981 230 1044 similes
254 983 337 1044 adD
360 990 392 1042 et
409 983 448 1055 Η,
472 982 590 1044 iteruin
613 993 644 1045 et
662 983 699 1046 B.
739 984 852 1045 Latera
875 983 968 1064 igitur
990 992 1116 1064 utraque
1134 979 1192 1043 ΑΕ
1216 990 1248 1041 at
1262 981 1319 1043 AB
1343 982 1459 1058 dautur,
1491 1029 1496 1044 .

114 1090 207 1151 quare
231 1081 263 1134 et
285 1071 453 1160 differentia
475 1073 528 1135 ΕΒ
552 1071 581 1134 in
606 1073 721 1134 usitata
748 1072 848 1134 circuli
879 1073 1100 1134 distributione.
1148 1068 1288 1134 Ceterum
1311 1071 1342 1132 iu
1365 1071 1461 1132 aesti-

112 1160 245 1222 matione
268 1160 471 1241 proportionis
495 1161 578 1240 ejus,
612 1181 687 1242 qnae
718 1169 765 1224 est
797 1163 875 1223 inter
897 1160 956 1223 BG
980 1169 1011 1223 et
1033 1159 1091 1221 Gn
1115 1159 1263 1221 residuam
1293 1179 1331 1220 ex
1355 1159 1461 1242 eclipsi

74 1323 78 1328 ‚
113 1249 379 1325 semidiametrum,
406 1249 533 1311 credidit
557 1251 748 1314 Ptolemaeus
778 1249 887 1324 oculis,
918 1268 1009 1331 qnare
1033 1258 1065 1311 et
1086 1247 1240 1330 proportio
1262 1247 1316 1311 ΕΒ
1341 1249 1379 1310 ad
1402 1247 1462 1312 EG

114 1338 368 1402 semidiametrum
394 1339 522 1400 dabatur
537 1351 567 1400 et
582 1339 641 1402 EG
664 1340 889 1402 semidiameter
911 1339 1070 1402 inusitata
1094 1338 1285 1400 dimensione.
1317 1338 1367 1399 Ad
1384 1338 1461 1400 hanc

112 1435 233 1508 partein
266 1446 381 1490 rursum
415 1428 501 1504 dico,
535 1431 611 1510 quod
646 1439 755 1492 antea:
788 1429 813 1491 si
838 1429 916 1490 oculi
942 1436 1004 1489 tarn
1033 1436 1102 1490 sunt
1131 1426 1341 1506 perspicaces,
1375 1435 1408 1488 nt
1429 1425 1460 1488 iu

113 1518 327 1580 aestimatione
358 1515 527 1578 defectuum
559 1515 633 1580 nihil
658 1519 815 1594 aberrent,
849 1527 882 1579 et
905 1519 931 1579 si
954 1525 1055 1578 cetera
1084 1517 1173 1595 hujus
1195 1515 1461 1578 demonstrationis

111 1607 261 1688 principia
284 1607 360 1666 bene
382 1605 505 1681 habent,
531 1609 690 1670 methodus
715 1608 816 1689 utique
839 1607 919 1670 bona
942 1616 1003 1680 est,
1027 1603 1164 1688 quamvis
1185 1624 1241 1686 per
1263 1603 1407 1685 ambages
1429 1610 1462 1668 et

114 1695 275 1776 dispendia
297 1695 428 1756 incedat.

201 1783 248 1848 At
268 1783 298 1844 in
323 1783 458 1846 omnibus
482 1783 564 1846 hisce
594 1785 754 1865 videndum
778 1793 827 1848 est
848 1785 940 1847 etiam
971 1793 1060 1864 atque
1089 1784 1200 1856 etiarn,
1235 1802 1273 1844 ue
1295 1780 1325 1844 in
1349 1781 1458 1862 angulo

110 1872 299 1945 latitudiuis,
323 1873 372 1954 qui
395 1873 524 1954 undique
548 1875 705 1950 concurrit,
731 1893 813 1936 error
835 1875 940 1936 lateat
986 1875 1065 1937 Nam
1090 1871 1148 1934 etsi
1171 1871 1302 1934 maxima
1328 1872 1458 1934 latitudo

111 1963 142 2025 in
167 1961 404 2045 oppositionibus
427 1963 515 2024 hodie
540 1963 643 2026 eadem
668 1974 716 2026 est
739 1983 814 2046 quae
837 1963 917 2036 olim,
942 1963 1073 2043 nihilque
1097 1962 1191 2023 habet
1213 1961 1308 2037 dubii,
1332 1961 1458 2042 angulus

112 2061 229 2127 tamen,
261 2069 347 2131 quern
370 2051 444 2113 haec
468 2052 595 2114 latitudo
619 2055 759 2126 metitur,
794 2053 934 2115 consistit
956 2053 1058 2133 utique
1081 2052 1111 2112 in
1136 2051 1334 2132 quadraturis.
1380 2047 1458 2121 Quis

111 2142 206 2222 igitur
228 2161 283 2202 nos
308 2147 406 2201 certos
428 2137 545 2214 reddet,
570 2159 636 2204 eurn
660 2144 809 2222 angulum,
834 2142 880 2221 qui
906 2150 954 2204 est
974 2141 1005 2204 in
1025 2139 1283 2219 conjunctionibus
1303 2147 1340 2201 et
1362 2158 1457 2220 oppo-

110 2229 282 2302 sitionibus,
311 2247 370 2290 nou
402 2231 568 2292 mensurari
592 2252 611 2292 a
633 2232 764 2294 maxima
787 2230 945 2292 latitudine
970 2229 1240 2311 quadraturamm?
1271 2226 1374 2300 Quare
1397 2247 1455 2289 uon

110 2321 239 2394 sufficit,
274 2318 421 2380 maximas
455 2318 692 2399 oppositionum,
726 2341 783 2382 non
816 2320 963 2382 maximas
995 2319 1242 2400 quadraturamm
1278 2316 1455 2379 latitudines

108 2408 219 2484 metiri,
244 2426 367 2490 qnorum
387 2407 460 2470 illud
475 2407 678 2483 Ptolemaeus,
702 2411 758 2471 hoc
773 2409 875 2492 Tycha
899 2409 991 2471 iecit:
1016 2415 1136 2488 oportet
1150 2416 1181 2468 et
1197 2407 1338 2488 augurium
1360 2406 1457 2487 ipsum

109 2498 219 2562 metiri.
265 2497 381 2560 Parvus
410 2497 488 2560 enirn
516 2517 598 2560 error
626 2499 655 2560 in
688 2499 863 2562 immensum
896 2506 1037 2579 augetur,
1067 2497 1119 2559 ubi
1140 2498 1180 2558 ad
1209 2496 1325 2576 reliqua
1355 2493 1458 2574 capita

108 2588 354 2668 processerimus.
1325 2591 1336 2615 ⁹

197 2677 254 2739 His
278 2693 349 2755 ergo
374 2673 393 2737 7
413 2673 561 2756 capitibus
585 2677 708 2739 instruit
722 2677 913 2739 Ptolemaeus
936 2677 1080 2739 lectorem
1099 2673 1137 2735 ad
1153 2671 1353 2756 computanda
1374 2678 1455 2733 tam·

107 2786 194 2848 pora,
221 2786 322 2830 moras
351 2766 506 2845 ingressus
529 2775 560 2827 et
583 2785 715 2849 emersus
739 2769 842 2829 Lunae
866 2786 882 2827 e
906 2767 1055 2840 tenebris,
1089 2765 1289 2846 quantitatem
1319 2756 1455 2824 deiectus

109 2864 141 2918 et
174 2854 201 2918 si
229 2856 330 2937 placet
362 2855 453 2917 etiam
481 2855 692 2919 inclinationes
725 2857 859 2918 deiectus
894 2856 932 2917 ad
963 2856 1064 2916 varias
1090 2854 1191 2915 mnndi
1217 2853 1347 2934 plagas:
1379 2871 1456 2933 quae

110 2944 210 3007 omnia
233 2944 444 3007 observatione
467 2944 554 3005 unius
579 2944 700 3023 eclipsis
722 2944 770 3007 vel
794 2944 963 3007 confirmari
985 2944 1034 3005 vel
1057 2942 1197 3022 redargui
1217 2947 1356 3023 possunt.

124 3048 128 3057 “
198 3034 249 3097 Ad
272 3033 399 3114 eclipses
423 3052 493 3095 vero
510 3032 634 3096 Solar'es
657 3034 714 3095 hac
737 3034 876 3097 methodo
900 3034 1000 3113 pergit
1012 3032 1215 3094 Ptolemaeus.
1251 3030 1332 3091 Nam
1347 3034 1455 3090 octavo

110 3122 284 3203 parallanes
307 3123 411 3183 Lunae
433 3139 487 3201 per
511 3114 736 3185 instrumentum
761 3122 934 3203 investigat,
964 3122 1128 3183 observans
1151 3127 1292 3199 quantum
1315 3116 1403 3180 Luna
1425 3116 1455 3179 in

109 3221 244 3274 anstrum
268 3210 391 3273 declivis
414 3211 464 3286 sit,
490 3230 527 3278 ex
550 3212 663 3274 calculo
686 3212 837 3292 inquirens
861 3219 1004 3293 quantum
1026 3217 1097 3273 tuno
1120 3217 1242 3290 propter
1265 3205 1455 3268 latitudinem

109 3300 236 3362 declivis
260 3318 327 3361 esse
352 3300 469 3369 debeat,
494 3300 519 3363 si
545 3320 582 3363 ex
605 3310 708 3364 centro
732 3302 841 3363 Terrae
867 3307 1036 3381 spectetur:
1065 3318 1102 3359 ex
1125 3298 1230 3359 horum
1252 3296 1332 3365 enirn
1357 3293 1454 3356 colla-

106 3390 189 3453 tione
213 3396 347 3470 apparet,
372 3396 483 3468 quanto
507 3392 615 3469 angulo
636 3393 722 3454 Luna
745 3389 974 3452 commutaverit
996 3390 1092 3450 lacurn
1112 3406 1149 3447 er
1168 3394 1271 3447 centro
1294 3384 1455 3445 videndum

108 3480 138 3540 in
165 3480 261 3540 iocum
284 3496 321 3537 ex
346 3478 501 3556 superlicio
524 3480 639 3554 visnm3
664 3498 700 3540 ex
720 3499 777 3560 qna
797 3498 856 3543 nna
871 3498 903 3539 re
919 3485 1026 3559 postea
1050 3476 1177 3538 altitudo
1196 3476 1300 3536 Lunae
1320 3471 1455 3546 a'lerra,

108 3574 141 3629 et
171 3566 405 3631 adminiculante
440 3567 562 3629 umbrae
594 3569 800 3649 magnitudine
831 3586 895 3630 curn
933 3566 1044 3630 visibili
1078 3566 1225 3627 diametro
1254 3562 1337 3625 Solis
1366 3564 1456 3624 etiam

108 3656 239 3719 altitudo
263 3652 346 3718 Solis
370 3674 388 3715 a
412 3657 507 3717 Terra
529 3666 560 3717 et
583 3658 648 3737 ejus
671 3657 838 3737 parallaxis
863 3658 971 3719 dantur
990 3674 1056 3718 cum
1078 3654 1242 3735 appendice
1267 3652 1302 3714 de
1326 3670 1454 3733 propor-

105 3746 191 3808 tione
215 3762 382 3825 corporum.
430 3744 547 3815 Quibus
579 3747 731 3827 perceptis
760 3746 799 3809 ad
830 3748 975 3809 calculum
1007 3744 1162 3825 eclipsium
1187 3740 1338 3804 Solarium
1360 3742 1456 3804 lector

107 3834 254 3897 accedere
277 3839 392 3913 potest,
422 3841 597 3914 computans
621 3855 737 3911 moras,
762 3837 926 3916 principia,
949 3836 1041 3908 fines,
1067 3828 1250 3915 quantitates
1275 3838 1305 3892 et
1327 3831 1455 3893 inclina·

107 3926 208 3987 tiones
240 3922 377 3985 diversas
405 3924 435 3984 in
463 3922 591 3986 diversis
621 3925 808 4006 regionibus,
843 3945 920 4005 quae
949 3942 1065 3986 rursum
1098 3922 1196 3983 omnia
1228 3921 1316 3982 unius
1338 3920 1455 3983 Solaria

107 4012 233 4094 eclipsis
258 4020 400 4075 accurata
424 4012 633 4075 observatione
657 4016 704 4075 vel
729 4014 895 4077 confirmari
918 4013 966 4073 vel
989 4011 1130 4091 redargui
1153 4017 1290 4090 possunt

198 4094 267 4185 Hic
288 4100 396 4162 itemm
426 4100 620 4164 Ptolemaeus
651 4104 797 4165 maximas
829 4102 866 4165 de
899 4122 932 4164 se
963 4101 1148 4183 suspiciones
1181 4098 1331 4173 concitat,
1370 4098 1455 4179 quasi

107 4190 337 4257 observationes
370 4188 556 4252 adulterinas
590 4192 800 4255 subornaverit
833 4192 870 4252 ad
901 4192 1057 4254 theorema
1091 4187 1317 4268 expediendum.
1380 4186 1455 4250 Cum

106 4282 189 4345 eninr
211 4279 361 4359 indigeret
383 4296 492 4358 inagna
515 4281 663 4360 parallaxi
687 4283 716 4343 in
741 4272 957 4363 quadraturis*
970 4282 1014 4342 sic
1037 4280 1152 4341 terente
1179 4274 1273 4358 ipsius
1294 4277 1455 4358 hypothesi

107 4380 138 4433 et
163 4368 330 4431 eccentrioo
354 4369 476 4437 Lunae,
510 4370 594 4448 cujus
619 4372 720 4433 estin
743 4388 845 4431 meuse
870 4371 962 4449 dupla
984 4370 1151 4441 revolutio,
1183 4366 1271 4445 iing'it
1293 4368 1396 4439 etiam,
1421 4384 1454 4429 se

106 4468 225 4524 tantam
249 4459 428 4521 observasse
452 4458 635 4535 parallaxin,
662 4468 751 4521 etex
774 4460 831 4520 hac
855 4458 961 4520 fictitia
982 4466 1090 4539 postea
1112 4474 1214 4517 veram
1237 4449 1341 4536 procul
1365 4454 1453 4516 dnbio

106 4550 227 4613 aliunde
251 4554 468 4610 transsumtarn
486 4554 517 4607 et
532 4546 599 4609 aliis
615 4549 767 4629 principiis
791 4548 985 4609 constitutam
1000 4549 1029 4608 in
1045 4546 1143 4609 coitus
1163 4545 1303 4607 luminum
1326 4544 1451 4606 derivat.

106 4638 187 4701 Esse
220 4656 290 4699 vero
324 4636 463 4697 vitiosam
496 4636 578 4697 illam
609 4638 794 4717 paraliaxin,
828 4656 917 4716 quarn
950 4638 1115 4698 dimensum
1144 4654 1177 4696 se
1206 4634 1291 4712 fingit
1314 4633 1401 4694 Luna
1424 4632 1452 4692 iu

108 4727 293 4809 Capricorno
318 4734 349 4786 et
364 4725 458 4787 limite
481 4722 573 4787 boreo
596 4734 746 4802 versante,
771 4726 963 4788 testabuntur
979 4744 1082 4787 omues
1099 4734 1169 4806 post
1182 4722 1455 4803 Regiomontanurn

109 4815 285 4890 astronomi,
309 4822 441 4877 testatur
464 4816 593 4876 maxime
608 4818 720 4899 Tycho,
744 4816 792 4897 qni
816 4814 940 4891 invenit,
965 4816 1081 4878 Lunam
1100 4816 1190 4877 etiam
1213 4814 1244 4873 in
1264 4808 1454 4891 quadraturis

109 4926 175 4970 cnm
199 4906 271 4969 Sole
294 4923 354 4965 non
375 4904 497 4985 propius
522 4904 645 4968 Terram
672 4906 786 4979 venire,
819 4925 907 4986 quam
940 4906 978 4967 ad
1003 4904 1045 4969 54
1069 4903 1309 4969 semidiametros
1332 4900 1453 4975 Terrae,

4 4984 10 4995 '
109 5016 199 5081 quum
222 4994 413 5057 Ptolemaeus
438 5012 476 5054 aa
500 5012 554 5061 sua
576 4996 725 5078 parallari
757 4995 866 5059 statuit
889 4992 941 5064 33,
988 4994 1105 5075 Quodsi
1137 4988 1453 5061 latitudinem'Lunat

187 5099 275 5151 lentari
288 5100 364 5151 Opera·
377 5100 413 5145 111.
1210 5092 1244 5149 ld
