3517 5525
311 373 375 445 206
783 371 823 428 De
840 374 949 427 Motibus
967 322 1060 429 Stillae
1078 372 1165 429 Martis

310 554 436 641 matrice
468 555 507 617 ad
541 574 607 617 eam
634 552 797 635 respiciens
820 552 946 635 seseque
971 555 1020 627 (ιιι
1042 554 1091 635 qui
1115 554 1185 617 orbe
1209 555 1327 628 eareat)
1350 550 1582 635 inaequaliter
1573 552 1651 614 unci-

279 653 379 707 tans
401 664 455 729 pro
479 664 604 707 accessu
628 662 680 705 suo
703 644 751 705 vel
774 663 895 707 recessu
918 666 937 706 a
959 645 1053 706 Terra
1076 644 1150 717 (nisi
1171 644 1297 705 Terram
1308 642 1381 717 Sole
1398 642 1649 725 praestantiorem

307 736 408 822 facere
435 741 467 796 et
488 735 556 799 huic
578 733 639 795 vim
662 731 742 795 Solis
770 716 924 795 matricem
953 734 1168 797 transscribere
1182 732 1300 807 melis),
1325 732 1405 817 idem
1427 751 1499 795 veru
1523 729 1577 795 Sol
1601 732 1651 804 (ut

309 824 340 887 in
364 807 546 904 (lopernicp)
569 822 630 883 uim
651 820 806 885 motrioem
829 824 940 887 emittit
927 813 1003 885 tad
1025 842 1143 884 omnesa
1149 820 1298 903 planetas
1323 840 1376 883 eos
1400 822 1480 885 circa
1503 838 1570 882 sese
1595 820 1648 882 ro-

309 921 379 975 tans
403 931 438 974 eo
461 912 556 997 gradu
579 911 762 986 celeritatis,
778 931 835 992 quo
860 921 929 975 suut
950 912 996 974 illi
1019 900 1115 991 gradu
1136 910 1368 993 propinquitatis
1383 911 1422 973 ad
1436 909 1555 986 Solem3
1578 904 1648 990 pla-

309 1009 399 1064 netae
421 1002 542 1065 interim
565 992 699 1076 nituntur
717 1020 789 1063 snos
812 1002 851 1062 ad
867 999 969 1063 Solem
994 1017 1133 1069 accessus
1162 1008 1193 1063 et
1206 1020 1343 1063 recessus
1362 1000 1391 1062 in
1405 1019 1497 1081 parvo
1513 998 1647 1081 epinycla

308 1092 452 1153 conticere
475 1091 620 1172 simulque
644 1088 748 1161 Solem
771 1083 991 1193 (quacunque
982 1110 1009 1152 rs
1033 1090 1112 1153 circa
1127 1090 1251 1165 Terram
1265 1090 1416 1164 concedit)
1430 1090 1537 1155 iisdem
1552 1087 1648 1150 vesti·
1660 1094 1663 1103 '

307 1180 365 1259 giis
388 1180 504 1262 insequi
528 1189 616 1242 extra
630 1180 779 1255 ordinem,
801 1167 891 1265 atque
910 1181 954 1241 ita
975 1178 1099 1259 quilibet
1120 1158 1243 1259 planeta
1255 1180 1405 1263 (maxime
1421 1176 1490 1253 Sol)
1507 1178 1545 1240 ad
1561 1176 1649 1258 plura
1671 1198 1674 1207 ·

308 1269 395 1331 simul
420 1270 559 1349 respicit,
592 1268 709 1351 ipsique
730 1269 920 1348 planetarum
944 1271 1088 1351 trajectus
1111 1288 1165 1349 per
1187 1288 1289 1330 auram
1313 1268 1483 1332 aetheream
1507 1282 1576 1346 yere
1600 1266 1649 1340 (ut

160 1353 162 1362 '
249 1358 259 1383 ⁸
307 1359 386 1439 apud
408 1359 627 1444 Ptolemaeum)
650 1358 778 1439 spiraloe
802 1358 976 1436 efficiuntur,
1002 1358 1130 1439 qualiter
1153 1358 1251 1438 capite
1222 1358 1299 1421 tI.
1324 1358 1434 1437 depicti
1449 1346 1536 1419 suot:
1560 1356 1646 1430 haec,

305 1448 434 1543 inquam,
459 1466 497 1509 an
517 1447 580 1511 sint
603 1456 805 1523 eonsentqnea
827 1467 881 1540 per
904 1445 1092 1509 occasionem
1115 1447 1187 1509 alibi
1211 1448 1421 1527 expendemus.
1462 1441 1531 1509 lam
1549 1464 1647 1525 pona·
1676 1475 1681 1483 ·

306 1544 355 1598 tur
377 1536 547 1604 verrucae
568 1520 665 1601 forma
687 1536 920 1619 hypotheseos
912 1557 940 1598 ru
965 1536 1162 1615 generalibus.
1209 1534 1379 1687 offeritur,
1404 1542 1501 1599 utrum
1511 1553 1634 1621 porro
1615 1529 1645 1595 in

306 1625 406 1704 specie
430 1612 471 1686 ¹sit
494 1634 737 1701 consentaneum,
756 1626 927 1705 planetas
919 1626 1035 1705 insequi
1058 1625 1154 1705 ipsum
1178 1624 1219 1687 So
1282 1623 1445 1705 corpusS,
1467 1622 1505 1701 G,
1526 1626 1645 1684 unvero

307 1723 448 1793 prunetum
472 1716 511 1790 V,
535 1716 575 1788 P,
599 1734 720 1795 corpore
745 1734 885 1791 vacnum,
918 1722 1044 1823 quatuor
1067 1710 1295 1776 semidiametris
1319 1712 1400 1775 Solis
1424 1715 1496 1787 (non
1519 1713 1647 1794 plus)a

286 1811 422 1883 ,centro
434 1802 517 1864 Solis
540 1804 670 1880 distans,
702 1805 818 1886 quod'
806 1823 870 1890 pern
891 1795 984 1883 nupia
1006 1802 1169 1867 Solem’t
1128 1812 1169 1865 sut
1186 1799 1250 1884 jam
1272 1804 1366 1877 infra,
1401 1804 1466 1882 jam
1489 1809 1559 1863 aute
1578 1802 1645 1881 jam

303 1910 401 1972 pone:
415 1892 588 1972 etamplius
601 1889 805 1974 utrummagls
816 1902 1058 1963 consentaoeum,
1073 1893 1132 1953 vim
1159 1910 1233 1973 quae
1247 1893 1406 1973 planetas
1398 1912 1427 1953 ιιι
1444 1890 1573 1954 orbern
1565 1892 1647 1952 circa

286 1979 412 2043 'Solem
435 1980 619 2061 circumagit,
642 1984 672 2058 in
694 1984 759 2064 ipso
784 2002 907 2074 corpore
931 1980 1064 2057 SolisS,
1085 1979 1124 2057 G,
1149 2002 1186 2043 an
1207 1982 1236 2043 in
1252 1983 1306 2043 tali
1321 1982 1419 2062 aliquo
1437 1988 1547 2062 puncto
1565 1978 1646 2051 V,P

306 2088 435 2172 corpore
451 2089 547 2132 vacuo
571 2070 715 2148 nidulari,
739 2050 888 2133 breviter-r
913 2073 955 2133 aa
963 2070 1028 2133 axis
1053 2071 1227 2153 systematis
1250 2072 1411 2151 planetarii
1430 2072 1479 2143 (ut
1495 2069 1645 2131 notionem

234 2160 241 2179 '
304 2159 387 2223 vocis
411 2179 512 2222 crasse
536 2182 555 2220 a
569 2160 702 2238 plaustro
727 2161 897 2234 deducam),
922 2179 978 2241 quo
1002 2181 1055 2223 ceu
1076 2161 1162 2222 clavo
1182 2157 1283 2233 orbes
1283 2161 1470 2241 planetarum
1485 2158 1550 2221 orbi
1563 2155 1645 2220 Solis

306 2248 417 2309 annexi
441 2258 521 2324 sunt,
545 2250 570 2311 si
593 2249 683 2323 bio,
675 2269 805 2330 unquam,
829 2259 877 2311 est
900 2250 1033 2329 proxime
1057 2248 1167 2323 Solem,
1192 2269 1243 2312 eur
1253 2268 1323 2330 non
1347 2249 1375 2310 in
1398 2250 1464 2329 inqu
1488 2246 1579 2309 Sole?
1609 2245 1646 2309 Si

308 2335 377 2399 axis
400 2336 453 2420 hJo
470 2356 528 2416 seq
550 2343 691 2418 punctum
714 2339 863 2400 affixionis
888 2338 1024 2400 circumit
1046 2340 1219 2401 Terramt
1182 2346 1219 2399 et
1234 2333 1479 2419 proximeSolem
1494 2345 1525 2399 et
1539 2336 1644 2399 eodem

306 2425 397 2505 plane
421 2434 565 2506 tempore,
590 2445 641 2514 opt
662 2429 812 2508 propriam
835 2428 917 2490 viam
940 2427 1105 2490 describit?
1129 2446 1185 2489 cur
1203 2447 1261 2491 non
1284 2428 1372 2508 plane
1395 2426 1474 2489 idem
1490 2444 1555 2489 rum
1571 2423 1644 2487 Sole

305 2516 367 2576 iter
404 2508 573 2578 ibseevat?
612 2497 767 2578 Omnino
805 2517 907 2620 itaque
938 2503 1106 2591 concludo,
1155 2517 1301 2597 siquidem
1338 2534 1410 2578 vera
1446 2516 1487 2579 sit
1522 2515 1645 2577 nniver-

306 2604 380 2665 salit
367 2611 414 2664 ter
437 2601 586 2685 'lychonis
609 2604 709 2666 Brahe
733 2625 785 2667 sen
787 2606 885 2669 tentia
908 2607 944 2669 de
968 2614 1132 2689 systemate
1156 2608 1313 2680 mundano,
1340 2606 1384 2667 sic
1407 2624 1474 2667 esse
1493 2604 1645 2685 accipien-

271 2758 275 2765 ,
306 2693 384 2767 dam,
409 2700 443 2752 ut
466 2702 600 2755 centrum
617 2696 798 2777 systematis
820 2697 1009 2777 planetarum
1028 2713 1090 2766 non
1114 2696 1206 2770 inv,
1229 2696 1264 2771 P,
1289 2696 1342 2756 sed
1363 2692 1441 2771 inS,
1459 2692 1644 2798 Ginipsis-

305 2780 380 2843 simo
405 2780 486 2846 Solis
515 2783 621 2846 itinere
653 2792 805 2862 versetur,
835 2786 991 2866 denique
984 2806 1013 2848 ιιι
1037 2787 1103 2866 ipso
1128 2783 1199 2848 Sole
1223 2785 1309 2860 insit,
1344 2793 1433 2864 atque
1457 2784 1496 2845 ad
1518 2785 1645 2886 primam

305 2891 359 2932 sen
382 2872 513 2932 eccentri
537 2871 782 2955 inaequalitatem
806 2897 825 2937 a
846 2877 980 2938 secunda
1002 2875 1185 2936 liberandam
1216 2873 1257 2936 sit
1279 2874 1421 2936 utendum
1444 2871 1645 2953 oppositioni-

305 2961 361 3025 bus
382 2948 525 3040 Jdanetae
549 2981 614 3023 curn
637 2965 792 3044 apparenti
810 2967 876 3027 loco
894 2965 983 3040 Solis,
1006 2962 1065 3026 'son
1081 2983 1146 3025 curu
1157 2963 1265 3025 medio.
1305 2961 1403 3034 Quam
1419 2972 1465 3024 rat
1453 2959 1588 3027 tflnenr
1581 2983 1647 3044 ipse

306 3050 444 3113 Braheus
467 3053 627 3130 postremis
650 3053 832 3132 temporibus
856 3074 914 3116 non
931 3054 1078 3134 gravatim
1093 3062 1140 3115 est
1159 3051 1325 3132 amplexus.
1365 3051 1530 3114 Videamus
1544 3049 1647 3131 igitur,
1721 3047 1726 3054 ’

217 3188 221 3197 .
303 3137 424 3220 quidm
449 3142 614 3203 eccentrico
638 3141 819 3206 immutetur.
864 3146 1009 3210 Rursum
1030 3143 1129 3225 ipitar
1154 3141 1205 3224 (at
1224 3135 1334 3225 pmice)
1365 3160 1434 3204 eune
1458 3139 1515 3202 Sol
1543 3149 1588 3204 est
1610 3144 1648 3206 in

303 3225 389 3290 linea
410 3226 474 3302 BC,
497 3237 532 3292 ut
553 3229 651 3302 inG
679 3239 708 3294 et
734 3232 902 3337 planeta
888 3254 922 3296 en
944 3235 969 3294 F
992 3235 1153 3315 oppositus
1176 3241 1292 3314 puncto
1262 3231 1357 3306 t,P
1382 3231 1451 3292 erit
1473 3229 1649 3312 Fplaneta

290 3298 410 3379 Soli
395 3316 460 3399 apsi
484 3316 512 3378 G
532 3329 657 3402 oppose
657 3342 711 3384 ua:
733 3323 840 3403 itaque
862 3322 946 3386 idern
965 3319 1113 3404 planetae
1128 3321 1214 3384 locus
1233 3279 1397 3404 apparebit
1415 3321 1471 3382 sub
1486 3321 1569 3401 ficia
1586 3341 1650 3402 per

301 3405 419 3469 baean
442 3403 507 3483 GF,
530 3411 595 3472 eice
617 3430 655 3473 ea
668 3412 719 3483 sit
742 3413 982 3474 continuarum
1004 3410 1090 3475 linea
1114 3409 1165 3472 ΟΡ
1188 3412 1251 3473 eive
1275 3431 1343 3472 curn
1365 3408 1453 3472 linea
1477 3405 1544 3482 OG,
1568 3411 1649 3492 quia

300 3503 434 3576 utraque
453 3517 520 3558 sena
540 3501 648 3577 sactae
662 3506 734 3563 cunt
747 3499 840 3560 linea.
884 3498 1024 3582 Utraque
1046 3501 1144 3581 ipitur
1164 3502 1288 3562 ratione
1306 3497 1438 3599 planeta
1451 3518 1521 3560 uere
1536 3505 1650 3562 eusebes

304 3594 349 3647 eat
371 3583 545 3666 inaequalit
532 3595 596 3649 tate
617 3587 764 3648 secunda.
801 3589 845 3650 At
868 3610 939 3651 cunt
955 3589 1012 3651 Sol
1034 3591 1079 3652 ad
1100 3592 1152 3652 cui
1174 3589 1335 3651 accusatrici
1358 3582 1444 3651 latui
1465 3607 1520 3652 eeu
1542 3585 1648 3670 loupi-

301 3674 429 3738 tucliaea
451 3674 572 3736 audica
594 3676 684 3749 uenit,
707 3675 887 3758 differentia
905 3681 984 3740 satis
1005 3698 1132 3759 maana
1145 3677 1316 3740 intervenit.
1354 3667 1452 3740 Icerit
1474 3677 1557 3740 enine
1580 3696 1601 3738 a
1617 3674 1649 3738 G

300 3766 336 3826 in
359 3761 381 3824 S
405 3771 436 3824 et
456 3764 634 3826 inveniatur
655 3723 743 3826 tehen
762 3766 862 3828 medii
884 3774 985 3828 motus
1000 3765 1087 3830 Solis
1103 3765 1189 3827 CV
1175 3789 1210 3830 en
1230 3767 1339 3830 Ariete
1362 3775 1389 3830 et
1412 3761 1496 3827 linea
1517 3767 1650 3838 ιἰιιιιιιι

300 3850 451 3956 planetae
467 3847 559 3912 CO
545 3873 581 3914 en
593 3852 698 3914 Libra
714 3857 860 3936 praecise
883 3855 933 3918 illi
956 3858 1108 3938 opposita,
1131 3862 1167 3918 ιιι
1188 3857 1230 3918 ιιι
1247 3851 1331 3916 VCO
1355 3849 1454 3936 baal
1455 3857 1537 3918 inea.
1568 3853 1650 3918 cam

300 3941 347 4045 ipi
346 3948 400 4004 tur
424 3937 473 4002 CS
495 3944 691 4022 superauerit
714 3943 786 4017 CV,
809 3963 967 4027 apparens
995 3946 1093 4025 ipitur
1119 3942 1207 4008 loeus
1230 3943 1316 4006 Solia
1338 3951 1384 4006 eet
1409 3941 1496 4008 ultra
1520 3943 1648 4028 opposi-

299 4027 416 4092 tionem
439 4049 510 4092 eune
526 4028 668 4113 planeta
709 4033 847 4114 (lamque
863 4056 926 4117 per
948 4035 1028 4096 hanc
1042 4055 1149 4097 eneam
1170 4034 1371 4102 mutationem
1394 4041 1533 4096 centrum
1546 4042 1648 4116 mate-

301 4121 398 4180 matia
415 4117 594 4198 planetarii
616 4122 658 4182 sit
679 4142 742 4183 non
762 4124 798 4184 in
812 4122 842 4182 V
865 4125 922 4186 sed
944 4121 1026 4197 inS,
1044 4121 1213 4204 planeta
1199 4145 1235 4186 an
1250 4119 1304 4184 CO
1327 4131 1480 4205 spectato,
1499 4122 1650 4186 coneneie

300 4206 453 4287 ipitan,
480 4206 640 4290 Oaipnia,
664 4213 724 4272 erit
749 4211 773 4274 O
798 4211 976 4274 Terret
925 4221 976 4274 eat
976 4232 1016 4273 ra
1038 4211 1155 4274 lineam
1178 4209 1245 4286 SO,
1270 4226 1370 4294 quare
1396 4213 1476 4274 visio
1495 4207 1648 4317 planetae

296 4315 356 4376 per
380 4293 435 4357 CO
458 4294 577 4362 linteam
605 4298 710 4362 adbuc
740 4298 905 4381 implicata
934 4295 1155 4382 inaequalitati
1185 4301 1348 4363 secundae.
1395 4301 1504 4382 Neque
1535 4297 1626 4363 CO
1613 4322 1661 4364 en.

297 4387 471 4465 posteriore
492 4394 630 4470 ternpore
651 4393 786 4492 serpet
773 4411 808 4452 an
831 4392 1061 4474 consequentia,
1085 4399 1120 4453 ut
1143 4393 1353 4473 oppqnntnr
1340 4391 1405 4472 apsi
1429 4388 1488 4465 CS,
1512 4390 1568 4452 sed
1590 4410 1647 4452 aa·

302 4476 409 4538 cendet
432 4495 538 4537 casua
561 4475 628 4551 CF,
661 4477 737 4582 quia
765 4487 867 4542 nona
890 4479 977 4542 Solia
999 4487 1028 4542 et
1048 4501 1116 4542 una
1139 4483 1237 4542 cerari
1267 4483 1430 4562 ιιιιιιιιιαι
1416 4500 1445 4542 ee
1469 4478 1649 4561 planetarii

301 4566 499 4644 omniumque
521 4587 588 4717 epae
603 4575 683 4649 part
683 4569 750 4629 ium
774 4566 898 4649 (itaque
921 4577 949 4632 et
971 4569 1073 4652 ipsius
1095 4567 1122 4630 0
1143 4567 1290 4650 planetae
1313 4579 1341 4632 et
1363 4569 1389 4630 L
1413 4569 1513 4631 centri
1539 4589 1647 4631 eccen-

300 4648 390 4733 triti)
415 4656 612 4717 estatinae
635 4653 690 4718 CO
721 4678 829 4719 umecta
851 4659 876 4718 F
898 4679 1025 4724 auream
1053 4666 1082 4720 et
1111 4657 1208 4722 multo
1241 4655 1389 4733 celerior,
1423 4678 1517 4738 paeane
1544 4664 1649 4722 nectua

300 4745 465 4807 eccerdnici
486 4744 534 4806 cel
551 4743 735 4826 plume
722 4769 757 4808 en
777 4743 804 4806 O
828 4747 963 4822 eireaL,
988 4747 1187 4830 apunctell
1211 4766 1319 4809 cereus
1340 4749 1516 4830 inferiora:
1539 4750 1650 4830 itaque

301 4830 328 4894 0
351 4841 437 4896 motu
458 4853 521 4896 non
542 4837 706 4897 eccentrici
722 4837 855 4918 proprio
879 4838 935 4899 sed
958 4845 1106 4900 entranee
1129 4837 1305 4900 ruratica·
1332 4833 1512 4900 nonnihil
1497 4857 1532 4900 ιιι
1554 4843 1648 4900 ante-

300 4922 451 4999 cedentia,
474 4930 511 4986 ut
531 4924 657 5006 quidem
675 4947 735 5008 per
757 4945 790 4986 ee
809 4935 936 5001 constat,
958 4925 1107 5010 planetas
1128 4928 1165 4990 in
1183 4925 1382 5010 oppositione¹
1398 4946 1467 4990 cum
1483 4924 1558 4990 Sole
1580 4947 1650 4990 ease
