3517 5525
479 400 512 459 ts
528 398 716 457 &mersu
734 402 766 457 da
782 410 852 457 motu
868 398 957 457 rubas
973 397 1072 457 mm·
1406 395 1449 467 25

104 581 179 645 etsi
202 581 363 645 consilium
385 580 443 643 tibi
467 581 600 645 salutare
623 582 738 660 incidit,
761 583 793 649 id
815 584 876 647 citu
899 582 938 645 ad
951 600 999 643 me
1013 579 1193 661 perscribas,
1216 578 1244 639 si
1258 597 1326 641 mea
1349 580 1450 641 studia

102 674 152 734 hac
176 672 375 751 occupatione
396 671 494 751 digna
515 674 678 737 censueris.

181 762 249 823 Deo
274 762 316 821 Μ.
344 762 378 823 T.
402 770 435 821 et
457 780 504 823 me
528 764 711 826 commendo.
807 820 810 829 .

460 851 561 913 Datae
585 850 704 915 Graetii
731 848 780 915 12.
804 852 866 914 Jul.
892 868 971 911 anno
998 842 1091 911 1600.

614 941 691 1005 Nub.
716 946 747 1001 et
770 940 873 1018 Magn.
898 940 982 1000 Tuae

842 1026 1094 1091 studiosissimus

1018 1115 1060 1177 Μ.
1084 1114 1138 1179 Jo.
1161 1110 1282 1195 Kepler

934 1204 1071 1288 Styrium
1093 1201 1241 1267 Ordiurmr
1262 1201 1361 1265 Math.

179 1322 274 1388 (lm.
311 1326 378 1379 Deru
397 1326 476 1377 Bdlen
493 1326 545 1377 mrd
562 1326 761 1393 Hucbgslslrrteu
779 1326 860 1378 Herm
877 1326 950 1379 Ham
968 1328 1051 1392 (icorg
1062 1326 1209 1378 Hermartcu
1227 1340 1274 1373 rou
1288 1324 1447 1391 Hobaabnrg,

101 1396 138 1447 dn
152 1395 272 1449 &ahtau
290 1399 404 1457 Ductori.
423 1398 513 1449 runc.
533 1398 635 1449 Durcbl.
652 1402 679 1451 ln
696 1400 774 1449 Bairu
792 1399 923 1465 gebeimau
941 1398 1025 1455 aaa,
1043 1398 1157 1463 Pllegeru
1175 1410 1207 1447 au
1224 1394 1362 1446 &levaban
1379 1411 1403 1446 u.
1423 1398 1448 1447 d.

101 1468 263 1521 tanduchait
281 1472 308 1521 iu
326 1470 403 1521 Bairn
422 1468 551 1521 Canalem.
587 1470 697 1523 lisinam
716 1471 926 1539 tirumgttastigan
944 1470 1032 1521 Horra.
1227 1465 1378 1529 lltuclreu.)

628 1560 913 1641 Postscripta

177 1647 275 1709 Mitto
299 1648 338 1709 ad
360 1656 401 1722 te,
425 1648 456 1711 lr.
481 1668 507 1711 e.
531 1648 570 1711 ad
593 1648 757 1730 emporium
779 1650 930 1730 quoddam
966 1643 1171 1709 doctrinarum
1198 1644 1392 1725 perfrequens
1416 1654 1448 1707 et

101 1736 170 1818 apud
191 1737 276 1818 quud
306 1736 419 1799 literati
450 1736 601 1801 variarum
633 1737 789 1801 nationum
821 1758 891 1801 sese
922 1738 1125 1799 internoscere
1158 1732 1318 1814 incipiunt,
1350 1734 1447 1809 mitto,

102 1826 222 1906 inquam,
248 1824 405 1907 problema
426 1826 651 1906 geometricum,
675 1828 755 1908 quud
773 1827 811 1889 ad
828 1826 952 1891 Victam
973 1823 1173 1897 transmittes,
1197 1822 1223 1884 si
1247 1823 1446 1888 astronomiae

101 1914 265 1977 consultum
289 1914 384 1994 cupis.
430 1916 510 1978 Nam
534 1915 699 1999 quicunque
722 1915 778 1980 boc
802 1912 1070 1986 demonstraverit,
1098 1912 1126 1974 is
1148 1930 1215 1973 mea
1237 1911 1356 1993 quidem
1379 1913 1445 1994 opi-

104 2002 182 2067 niune
203 2004 452 2085 praeclarissime
476 2005 513 2066 de
537 2005 686 2069 subtiliori
709 2013 741 2067 et
763 2005 915 2087 exquisita
936 2000 1124 2065 astronomis
1146 2000 1316 2063 merebitur.

177 2094 274 2155 dubet
297 2093 377 2155 euim
400 2112 438 2155 ex
461 2102 588 2175 quatuor
610 2093 799 2177 acrouychiis
822 2095 964 2177 planetae
987 2091 1105 2152 simbus
1128 2090 1157 2151 in
1180 2090 1304 2152 zodiaco
1319 2098 1352 2152 et
1368 2098 1445 2153 tem-

102 2182 173 2261 poris
196 2182 370 2245 intervallis
393 2182 502 2247 elicere
525 2190 557 2245 et
580 2203 683 2247 veram
705 2182 923 2264 longitudinem
944 2180 1073 2244 mediam
1102 2178 1156 2254 (iis
1183 2178 1280 2255 euim,
1312 2199 1388 2261 quae
1410 2180 1448 2241 ab

103 2271 267 2335 auctoribus
292 2282 363 2333 sunt
384 2272 515 2348 tradita,
539 2274 631 2337 fidere
653 2292 713 2337 uon
735 2274 930 2353 possumus),
960 2277 993 2332 et
1014 2270 1112 2331 locum
1135 2267 1264 2348 apogaei
1285 2276 1317 2331 et
1340 2288 1448 2331 eccen-

103 2358 258 2423 tricitatem
281 2368 313 2421 et
335 2361 558 2443 proportionem
581 2362 817 2425 eccentricitatis
846 2359 1005 2443 aequastis
1034 2358 1074 2420 ad
1102 2356 1359 2421 eccentricitatem
1381 2359 1447 2420 riae

102 2447 294 2531 planetarios:
328 2450 386 2513 hoc
414 2458 463 2515 est
490 2450 604 2527 omnia,
632 2470 708 2533 quae
731 2451 799 2533 quis
822 2450 977 2513 desideret
999 2445 1096 2523 scire,
1128 2454 1250 2529 praeter
1270 2448 1445 2528 parallanes

33 2554 34 2561 ¹
105 2536 175 2599 orbis
199 2539 304 2609 annui.

177 2628 336 2691 Hactenus
360 2626 480 2708 quidem
502 2646 537 2689 eo
562 2648 628 2691 sum
650 2650 738 2704 usus,
772 2628 827 2692 sed
858 2626 1107 2689 indemonstrata.
1153 2624 1258 2706 Itaque
1289 2625 1329 2687 ad
1361 2624 1447 2689 finem

33 2734 34 2796 l
104 2714 184 2789 (unici
209 2716 357 2798 exempli)
381 2736 440 2780 nou
463 2717 586 2798 perveni
619 2720 660 2794 (m
677 2727 805 2794 magne:
832 2714 962 2782 Perveni
993 2712 1128 2796 quidem,
1158 2713 1212 2776 ted
1244 2714 1349 2777 inutile
1381 2712 1445 2791 tuit,

105 2805 200 2868 fulsum
223 2807 307 2869 enim
330 2813 507 2870 cratonum
540 2827 578 2868 ex
610 2807 763 2872 assumtis.
811 2807 873 2870 Sed
906 2804 969 2867 scio
1001 2803 1152 2886 perveniri
1182 2807 1288 2884 posse)
1321 2813 1447 2886 quatuor

101 2893 153 2972 jan
173 2895 339 2958 mensibus.
376 2895 456 2958 Nam
471 2897 583 2978 duplici
598 2898 718 2960 lictioue
733 2898 877 2960 utendum
900 2902 958 2970 est,
981 2914 1035 2956 seu
1058 2901 1093 2955 nt
1109 2892 1154 2954 ita
1168 2892 1266 2956 dicam
1282 2893 1445 2976 quadrata:

104 2984 260 3048 rectissime
294 3003 365 3046 vero
388 2983 505 3067 despera
533 2985 695 3061 alectoria,
727 2995 762 3050 ut
783 2987 894 3050 Vietae
925 2983 1016 3046 verbo
1040 2989 1124 3057 utar,
1156 3002 1214 3064 qno
1244 3002 1317 3046 usus
1347 2983 1448 3046 estin

104 3070 349 3136 demonstratione
381 3074 578 3155 problematis
608 3075 825 3156 (luperciacum,
862 3074 900 3135 de
938 3071 1035 3134 tribus
1067 3071 1237 3151 hujusmodi
1266 3071 1449 3154 dxpoeogmm

105 3161 364 3226 observationibus.
411 3162 497 3236 Quae
520 3163 640 3247 quidem
653 3165 764 3228 Vietae
787 3161 1005 3226 demonstratio
1029 3179 1113 3241 spem
1129 3158 1203 3222 milri
1220 3159 1334 3242 injecit,
1356 3181 1446 3242 posse

105 3249 168 3314 lanc
190 3271 291 3315 meam
314 3251 405 3314 etism
429 3254 636 3334 quaestionem
659 3254 698 3317 ab
721 3253 787 3334 ipso
811 3250 899 3315 solvi.
946 3249 982 3312 Si
1003 3247 1098 3330 priori
1128 3249 1202 3312 milri
1231 3251 1446 3313 demonstratio

105 3342 266 3418 occurrerit,
291 3361 328 3404 ea
350 3351 381 3404 et
403 3341 501 3424 ipsum
524 3343 687 3424 impertiar.
733 3343 891 3406 Hactenus
913 3339 1032 3420 quidem
1061 3355 1129 3400 eam
1160 3338 1273 3401 trustra
1302 3339 1446 3420 quaesivi,

105 3431 181 3492 credo
204 3431 287 3514 quod
309 3430 408 3494 minus
432 3431 462 3496 in
485 3433 541 3496 hoc
559 3451 670 3513 genere
694 3452 759 3495 sum
775 3428 971 3494 exercitatus.
1009 3428 1076 3490 Iloc
1095 3434 1194 3490 tamen
1210 3433 1325 3490 certum
1337 3427 1444 3503 babeo,

106 3522 218 3600 proponi
242 3540 347 3584 casum
370 3521 487 3584 unicum
510 3530 687 3598 etcertum,
711 3541 772 3584 non
793 3537 914 3600 vagum.
954 3516 1031 3582 Cum
1054 3535 1131 3598 quae
1148 3524 1222 3579 nota
1245 3525 1325 3593 sunt,
1347 3518 1459 3582 omnia*

105 3609 240 3674 rationem
263 3609 397 3672 habeant
409 3610 609 3690 angulorum,
633 3609 805 3676 existimavi
828 3610 897 3683 diu,
929 3625 1020 3670 cossa
1040 3606 1184 3670 utendum
1215 3606 1255 3669 ad
1277 3607 1445 3687 investiga-

105 3695 199 3760 tionem
223 3698 414 3763 residuorum
437 3699 623 3780 angulorum,
649 3699 756 3783 quibus
779 3697 1003 3778 emergentibus
1021 3695 1126 3758 statim
1140 3703 1227 3776 patet
1243 3696 1283 3758 ad
1301 3695 1447 3760 linearum

103 3788 300 3868 pmportiones
330 3789 440 3853 aditus.
499 3790 581 3853 Loco
613 3789 809 3872 problematis
841 3788 884 3850 sit
915 3785 983 3868 ipsa
1016 3783 1137 3857 inducre
1164 3780 1341 3864 duodenae,
1372 3806 1446 3868 per-

106 3875 263 3956 spicuitatis
291 3897 394 3942 causa.
441 3877 511 3942 Sint
533 3879 591 3944 duo
993 3945 1000 3958 ‚

104 3967 591 4042 mmmmm
972 3940 1072 4010 mi

105 4054 256 4132 arbitrium,
271 4055 390 4139 sintque
403 4057 506 4139 anguli
518 4077 591 4140 pro·
1061 4081 1083 4086 ·-
1125 4079 1143 4086 ·

105 4145 181 4220 positi
215 4147 355 4230 quaterni
392 4166 424 4223 c,
452 4147 488 4222 d,
513 4149 541 4223 i,
564 4168 591 4224 e,

35 4263 36 4268 κ
106 4231 235 4300 iacientes
265 4255 412 4300 summam
441 4233 463 4300 l
490 4245 595 4300 rectu..

105 4339 164 4385 mm.
208 4325 280 4389 Sint
309 4334 341 4388 et
370 4326 423 4390 alii
454 4326 591 4408 quaterni

35 4469 37 4484 ,
107 4413 213 4478 candem
251 4434 397 4479 summam
435 4415 591 4492 iacientes,
738 4457 752 4494 ,
817 4431 831 4486 r
872 4411 923 4423 “
1027 4435 1178 4509 ΜΤ
1251 4452 1274 4502 h

107 4503 595 4609 tt.g‚h,l,k‚(inmargins:0p0rtet
662 4417 870 4654 ‘NV
1136 4451 1176 4676 s
1216 4505 1225 4572 l

35 4643 36 4652 ,
107 4599 190 4656 sutem
210 4603 326 4660 certum
358 4602 504 4672 existere,
536 4613 592 4658 au-

36 4697 38 4730 t
109 4679 178 4754 gulos
202 4684 272 4748 hinc
294 4692 326 4749 et
349 4684 432 4748 illinc
459 4685 503 4748 sic
526 4704 594 4748 esse
1309 4754 1312 4758 A

109 4783 289 4852 comparatos,
303 4781 348 4838 :ut
365 4793 454 4839 casus
475 4773 631 4856 possibilis
654 4775 704 4840 sit
747 4777 814 4840 Huc
837 4776 957 4858 quidem
980 4776 1163 4840 assumimus
1185 4783 1220 4838 et
1237 4779 1442 4860 experimento

36 4901 37 4946 5
111 4869 218 4926 unsar„
253 4865 486 4928 Demonstrctur
499 4865 600 4946 igitur,
625 4885 702 4948 quae
718 4867 895 4947 angulorum
917 4865 1141 4947 propositorum
1154 4868 1311 4948 proportio
1333 4868 1442 4932 reddat

112 4962 196 5016 losum
217 4955 462 5037 impossibilem)
