3517 5525
597 373 664 440 ras,
679 373 782 440 ceses
820 363 902 440 capue
918 373 1033 429 surm
1422 367 1485 442 ³51

140 555 228 632 enim,
253 553 324 637 quia
346 554 466 638 planum
488 573 546 616 nou
570 561 637 624 erat
659 553 810 636 exquisita
832 574 972 626 mensura
985 574 1127 618 summae
1149 552 1370 630 distantiarum,
1394 554 1487 618 misso

139 647 231 728 igitur
258 645 348 726 plano
381 644 542 710 distantias
571 645 653 724 ipsas
681 639 852 725 compotavi
875 645 1058 726 singularum
1081 643 1335 707 circumferentiae
1359 643 1490 725 partium

140 734 307 820 acqualiter
343 731 465 798 divisae.
521 731 675 810 Secundo,
704 736 774 815 quia
795 737 949 818 proportio
973 755 1030 796 non
1054 733 1196 796 manebat
1218 733 1342 808 cadem,
1376 731 1490 796 additis

140 825 389 908 geometricarurn
413 824 527 905 aliquot
548 824 774 906 proportionum
788 819 941 898 terminis,
965 824 1055 904 igitur
1078 823 1212 904 singulas
1235 823 1419 902 singularum
1440 821 1490 884 di-

141 913 324 980 stantiarum
360 895 568 994 propr'rrtioues
599 915 637 976 ad
671 933 741 976 suos
764 935 851 978 arcus
874 915 1011 976 minimos
1035 913 1170 976 consului
1193 911 1329 975 seorsim.
1375 911 1489 988 Tertio,

141 1005 213 1088 quia
235 1021 352 1066 summa
375 1003 487 1083 aliquot
508 1003 719 1066 distantiarum
734 1024 800 1084 cap.
819 1005 937 1070 XLVI.
957 1023 1015 1066 nou
1031 1004 1128 1083 potuit
1142 1002 1284 1064 constitui
1299 1001 1489 1082 geometrice,

141 1093 285 1158 constitui
315 1112 370 1172 ego
394 1091 442 1154 hic
466 1093 671 1168 arithmetice,
699 1093 774 1158 nihil
806 1095 886 1156 euim
920 1086 1112 1174 impediebat.
1168 1089 1299 1163 Quarto,
1331 1092 1388 1153 hoc
1417 1086 1491 1153 mibi
1587 1137 1591 1143 .

142 1183 267 1247 facienti
289 1181 405 1254 nullum,
425 1189 491 1244 erat
514 1183 666 1264 negotium
690 1201 756 1246 curn
780 1183 948 1249 sectoribus
972 1182 1035 1245 sive
1054 1181 1156 1244 circuli
1175 1182 1238 1248 sive
1252 1181 1365 1244 oralis:
1389 1181 1491 1262 itaque

141 1277 179 1336 ne
212 1273 269 1334 hoc
307 1271 423 1352 quidem
445 1272 517 1334 mibi
541 1274 662 1337 obstare
685 1275 802 1354 potuit,
840 1275 918 1355 qnod
946 1273 990 1335 illi
1013 1280 1145 1334 sectores
1168 1271 1246 1334 inter
1269 1291 1302 1333 se
1325 1268 1489 1334 differrent.

142 1364 245 1444 Atque
269 1361 314 1422 ita
335 1379 415 1423 nova
437 1362 592 1426 molitione
616 1362 647 1424 in
669 1361 700 1424 id
723 1364 922 1436 incubui‚-.ut.
938 1363 1046 1424 scirem
1068 1361 1118 1423 vel
1139 1360 1272 1436 tandem,
1295 1381 1333 1424 au
1358 1376 1396 1422 ex
1418 1380 1490 1422 sus-

143 1459 236 1534 cepta
263 1451 414 1530 justarum
445 1452 656 1538 distantiarum
686 1453 846 1536 hypothesi
879 1453 1034 1525 (nimirum
1055 1471 1095 1512 ex
1122 1450 1260 1531 opinione
1290 1469 1354 1530 cap.
1378 1445 1491 1523 XLV.)

143 1547 342 1623 aequarentur
365 1540 455 1602 etiam
479 1542 675 1623 aequationes
697 1562 751 1622 por
773 1542 918 1605 vicariam
942 1541 1273 1625 nobislmanifestatas.
1330 1590 1332 1595 .

220 1629 311 1693 .Rem
334 1627 378 1690 ita
401 1649 467 1692 sum
489 1649 662 1712 aggressus.
701 1632 813 1697 Oentro
836 1635 873 1707 B,
897 1631 1078 1694 diastemate
1101 1628 1166 1704 BD,
1192 1629 1341 1696 scribatur
1362 1626 1492 1702 circulus

142 1717 246 1796 DGR,
270 1718 301 1780 iu
334 1738 391 1800 quo
424 1719 466 1781 sit
496 1720 577 1784 linea
606 1721 743 1800 apsidum
765 1721 840 1798 DR,
865 1729 897 1784 et
918 1723 948 1784 A
971 1722 1039 1783 fons
1068 1719 1199 1794 virtutis,
1302 1789 1307 1800 Ι

146 1829 200 1874 seu
230 1815 368 1894 ¹centrum
390 1807 483 1872 Solis.
530 1809 672 1874 Sumatur
704 1811 734 1874 in
766 1811 878 1874 circulo
904 1810 967 1874 DG
994 1816 1136 1891 punctum
1160 1805 1199 1882 G,

146 1898 227 1982 quod
250 1903 447 1960 connectatur
475 1918 541 1961 cum
562 1901 590 1980 B
612 1907 644 1962 et
666 1899 710 1975 A,
735 1907 765 1962 et
788 1900 828 1962 sit
857 1898 943 1962 initio
968 1899 1054 1963 GBD
1077 1897 1204 1978 angulus

145 2006 287 2052 mensura
305 1988 458 2069 *temporis
488 1989 705 2070 computandae
734 1989 907 2052 distantiae.
952 1990 1022 2052 Erit
1043 1995 1205 2069 propterea
1321 2036 1323 2040 s

145 2169 178 2230 in
202 2163 232 2228 G
255 2184 349 2245 usqne
371 2186 430 2230 nou
460 2169 641 2248 pervenerit.
685 2168 765 2232 Nam
797 2170 872 2231 haec
902 2169 980 2231 satio
1013 2164 1206 2248 computandi
1223 2179 1249 2212 ·-
1276 2237 1278 2240 v

147 2276 201 2321 seu
240 2255 464 2318 demonstrandi
500 2257 662 2322 distantias
698 2258 844 2320 hacteuus
882 2278 919 2319 ex
950 2276 1016 2338 cap.
1045 2256 1144 2319 XLV.
1174 2254 1203 2316 in
1250 2255 1284 2283 ”·

146 2345 381 2429 praesupposito
409 2352 466 2410 est.
513 2345 563 2409 Sit
593 2355 692 2410 autem
715 2345 776 2409 DG
798 2367 870 2428 pars
902 2347 1007 2410 circuli
1037 2346 1142 2419 exilis,
1172 2350 1208 2405 ut
1286 2390 1289 2416 ,
1321 2402 1329 2419 ,

134 2431 247 2499 ‹1⁰ue
272 2429 364 2498 360⁰.
410 2436 458 2506 Ac
481 2454 547 2497 cum
569 2436 740 2516 hujusmodi
761 2437 932 2501 distantiae
954 2435 1018 2499 AG
1040 2453 1144 2498 omues
1167 2433 1206 2494 ad
1287 2422 1295 2471 ¹¹·

147 2525 282 2590 omniurn
303 2525 452 2603 graduum
473 2523 535 2588 DG
558 2525 701 2588 terminos
724 2525 753 2588 D
777 2534 809 2588 et
832 2525 861 2589 G
884 2528 942 2590 hcc
967 2527 1057 2588 modo
1081 2540 1206 2604 compu-
1318 2569 1327 2594 ,

147 2614 208 2679 tari
240 2613 360 2693 possint
388 2631 442 2693 per
473 2613 682 2696 demonstrata
715 2636 781 2697 cap.
814 2615 941 2692 XXIX,
979 2614 1088 2696 collegi
1117 2613 1208 2693 igitur
1272 2680 1276 2688 ,
1504 2677 1508 2684 ,

148 2722 254 2781 omnes
287 2699 352 2767 360
385 2702 547 2767 distantias
578 2703 640 2767 AG
668 2705 846 2784 longissIma
875 2706 1028 2770 additione
1061 2704 1090 2766 in
1119 2721 1208 2766 uuam
1332 2704 1345 2741 -'

149 2811 306 2869 summam,
330 2810 404 2874 quae
429 2793 551 2870 inventa
574 2803 622 2857 est
644 2791 820 2861 36075562
845 2796 1084 2869 (eccentricitate
1102 2786 1206 2864 9165)
1332 2801 1341 2816 ’

148 2882 333 2965 respondens
356 2882 492 2962 integrae
516 2885 643 2946 semitae
668 2883 747 2947 ovali
769 2886 888 2948 Martis.
932 2884 1003 2950 Jam
1030 2890 1134 2945 centro
1155 2883 1195 2956 A,
1219 2875 1399 2938 diastemate
1421 2872 1493 2957 AG,

147 2973 298 3039 scribatur
321 2991 409 3035 arcus
432 2990 538 3035 versus
561 2972 599 3047 D,
624 2973 673 3055 qui
697 2974 739 3038 sit
762 2972 828 3037 ΘΟ.
871 2974 914 3036 Et
935 2975 1014 3054 quia,
1038 2992 1095 3055 quo
1119 2970 1235 3049 longior
1258 2964 1414 3040 distantia,
1437 2964 1495 3025 boc

146 3061 270 3127 brevius
293 3061 351 3123 iter
373 3060 524 3143 planctae,
550 3062 622 3125 data
645 3081 715 3145 ergo
739 3064 885 3129 distantia
907 3083 995 3125 arcus
1018 3061 1123 3124 circuli
1140 3057 1201 3122 DG
1224 3053 1289 3135 ((111ἰ
1312 3072 1400 3115 810ssss
1419 3052 1494 3132 jam,

148 3154 220 3215 dum
237 3148 297 3214 GA
313 3149 489 3213 distantiam
512 3159 727 3231 computamus,
750 3153 825 3215 nihil
845 3152 928 3215 aliud
950 3152 1072 3215 metitur
1095 3168 1184 3231 quam
1206 3143 1352 3222 tempus),
1375 3140 1495 3203 dabitur

148 3250 180 3305 et
202 3240 358 3318 longitudo
381 3240 499 3302 itineris
522 3238 618 3303 ovalis
636 3238 702 3316 DC,
727 3241 804 3323 quod
826 3240 951 3323 planeta
971 3240 1004 3303 in
1027 3247 1166 3319 suscepto
1189 3244 1323 3312 tempore
1342 3226 1402 3291 DG
1425 3231 1495 3304 (⁸⁸¹1

150 3330 303 3395 manualia
315 3329 444 3410 simplici
461 3326 510 3405 1⁰)
531 3313 668 3412 conficit..
693 3330 774 3395 Nam
791 3339 826 3394 nt
838 3330 995 3411 longitudo
1011 3330 1105 3395 totius
1121 3326 1217 3391 oralis
1236 3319 1495 3383 circumferentias

149 3421 190 3484 ad
213 3438 360 3483 summam
384 3418 594 3484 distantiarum
618 3421 756 3495 omnium,
780 3420 825 3483 ita
837 3441 873 3490 se
896 3420 988 3484 babet
1010 3418 1157 3481 distantia
1175 3431 1263 3477 arcus
1276 3406 1332 3471 DC
1356 3408 1497 3482 (iuventa
1538 3485 1541 3489 A

141 3530 204 3593 per
226 3524 330 3570 arcum
352 3505 428 3579 ΒΘ)
442 3508 490 3569 ad
513 3508 730 3588 longitudinem
754 3510 912 3573 suiarcus
935 3510 1032 3572 ovalis
1054 3506 1121 3573 DC.
1160 3504 1325 3567 Probatum
1347 3496 1427 3561 enirn
1448 3504 1498 3559 est

150 3617 243 3681 supra
265 3616 330 3677 cap.
354 3596 503 3669 XXXIII.
529 3605 560 3660 et
582 3606 757 3679 usurpatum
780 3596 845 3680 cap.
869 3600 983 3664 XLVI.
1009 3600 1074 3672 (ubi
1096 3596 1194 3677 hujus
1207 3586 1391 3673 operationis
1409 3588 1497 3669 jacta

151 3696 223 3754 suut
245 3686 452 3761 fundamenta)
476 3704 597 3749 arcuum
620 3690 824 3752 confectorum
847 3689 887 3751 ad
906 3689 1066 3753 distantias
1089 3684 1311 3767 proportionem
1334 3695 1402 3739 esse
1424 3694 1496 3758 per-

150 3784 306 3843 mutatam.
343 3776 415 3839 Fuit
436 3784 537 3842 autom
560 3778 644 3839 baeu
658 3778 756 3841 cautio
780 3799 799 3839 a
820 3798 867 3841 me
892 3779 1036 3855 adbibita,
1059 3784 1095 3840 ut
1112 3764 1309 3858 jungerentbr
1334 3764 1404 3843 AD,
1425 3764 1496 3841 AC,
1557 3845 1560 3852 Ι

150 3867 271 3952 scilicet
297 3864 490 3929 terminorum
526 3864 551 3929 (l
581 3874 613 3929 et
641 3867 669 3929 D
701 3866 863 3931 distantiae
891 3868 930 3930 ab
953 3868 993 3939 A,
1017 3875 1048 3929 et
1204 3898 1257 3963 rig.
1278 3890 1338 3943 102.

150 3956 282 4023 medium
305 3968 437 4017 summae
460 3962 654 4037 usurparetur
672 3977 727 4037 pro
749 3957 879 4038 genuina
902 3957 1049 4021 distantia

153 4065 242 4111 arcus
265 4044 359 4108 totius
381 4040 447 4107 ΒΟ.
493 4044 655 4110 Dividetur
681 4047 759 4109 euim
789 4046 917 4109 circulus
940 4046 1049 4127 aliquis

145 4134 337 4201 'ecceutricus
365 4132 445 4209 ΒΚ,
476 4142 577 4197 centro
607 4134 633 4197 B
667 4129 852 4216 descriptus,
884 4136 914 4199 in
945 4143 1049 4217 partes
1124 4172 1143 4218 0

154 4231 342 4311 quotcunque
365 4222 397 4286 iu
418 4222 457 4300 D,
482 4220 521 4293 G,
544 4224 581 4300 L,
605 4223 644 4299 K,
667 4226 710 4298 bt,
732 4226 776 4299 N,
801 4233 832 4288 et
854 4244 873 4287 a
894 4225 1049 4306 principiis

153 4313 304 4399 partium,
337 4318 440 4375 centm
463 4313 566 4376 mundi
587 4314 633 4389 A,
667 4314 811 4377 ducantur
841 4334 929 4378 arcus
956 4334 1049 4396 usque

155 4406 195 4468 ad
217 4403 315 4466 lineas
343 4421 380 4463 ex
401 4402 432 4464 A
454 4421 508 4482 per
530 4402 604 4465 lines
628 4400 901 4483 arcuumejectas,
925 4411 960 4465 ut
980 4402 1049 4479 ΒΟ,

158 4493 223 4569 GP,
247 4490 314 4565 LQ,
337 4490 407 4567 KR,
431 4488 498 4565 MS,
520 4492 595 4567 NT3
628 4499 714 4555 eruut
744 4493 836 4573 plana
865 4494 897 4555 in
927 4493 1050 4557 sinistro

157 4579 343 4647 semicirculo
358 4578 458 4657 ADO,
472 4578 570 4656 AGP,
590 4579 678 4653 ALQ
699 4581 815 4662 majora
832 4580 942 4662 justo3·
958 4583 1052 4663 plana

156 4674 188 4737 in
217 4672 324 4734 dextm
355 4668 452 4746 Anu,
485 4668 583 4747 AMS,
615 4670 705 4735 AKR
735 4670 852 4754 minora
877 4672 970 4753 justo.
1014 4672 1089 4757 Iup

156 4760 287 4826 minimis
309 4758 402 4840 igitur
424 4758 552 4823 alterum
574 4760 612 4822 ab
642 4760 738 4823 altero
767 4770 994 4842 compensatur,
1017 4767 1052 4823 ut

158 4851 253 4931 I'NA,
268 4850 358 4919 ODA
373 4869 461 4936 quam
484 4850 617 4931 proxime
636 4856 767 4939 aequant
786 4848 1050 4985 GDNAplmm.
