3517 5525
480 395 530 447 'de
546 394 735 451 &marutia
752 397 785 449 de
800 402 870 449 motu
888 396 977 450 stellae
996 396 1092 451 1101110.
1424 392 1466 481 73

108 567 192 631 ricus
221 576 256 631 et
278 570 387 653 lycio
412 570 534 635 8010111·
572 571 735 643 Quaeritur
762 574 907 656 amplias,
928 573 1047 637 Martie
1073 574 1222 639 1001101101
1254 574 1293 637 ad
1325 589 1467 643 verumne

106 655 186 721 Solis
210 666 330 723 motum
354 680 392 723 an
415 662 454 723 ad
468 662 599 724 medium
612 663 675 725 sint
687 665 873 739 referendae,
899 662 977 745 quod
991 665 1113 743 perinde
1128 672 1176 732 est
1189 684 1225 727 ac
1241 664 1266 725 si
1280 682 1465 745 quaererem,

104 746 183 810 linea
207 743 352 827 apsidum
375 750 508 813 eccentri
530 750 640 814 Martis
662 770 717 832 per
738 754 904 816 mediumne
928 754 1024 815 locum
1047 752 1129 817 Solis
1153 774 1192 817 an
1215 772 1269 834 per
1283 753 1380 835 ipsum
1394 772 1464 817 cor·

103 837 185 917 poris
210 836 335 903 Solaria
357 850 494 903 centrum
516 840 674 904 transeat?
705 845 776 906 =Hio
805 841 990 925 (lopernicne
1015 850 1047 905 et
1070 844 1171 926 Tyoho
1200 844 1367 917 imitatione
1390 828 1482 905 Ρ10-’

23 933 24 952 ’
105 926 214 989 lemaei
242 936 334 991 stant
360 950 379 991 a
406 930 506 995 medio
538 930 604 991 loco
628 929 724 1006 Solis,
758 950 813 1012 ego
844 955 863 993 a
890 950 962 993 1010
993 933 1069 999 1000.
1121 934 1248 997 11101110
1281 929 1384 1008 ceptro
1416 931 1466 995 vel

22 1021 23 1070 l
105 1016 307 1099 quasicentro
322 1020 470 1083 communi
487 1019 574 1081 trium
591 1022 782 1101 superiorum,
800 1023 828 1083 h.
842 1043 868 1086 e.
884 1022 1038 1105 punctulo
1054 1040 1112 1102 quo
1128 1036 1229 1085 omues
1243 1018 1339 1083 lineae
1356 1039 1465 1083 eccen-

22 1113 23 1162 ἷ
102 1104 278 1169 trinitatum
293 1108 385 1171 trium
405 1108 588 1189 superiorum
603 1119 792 1185 concurrunt,
805 1111 869 1191 jam
885 1110 920 1183 is,
946 1112 995 1193 qui
1011 1112 1208 1175 eccentricum
1224 1110 1366 1193 sequitur,
1392 1126 1465 1171 saue

22 1197 23 1282 J
102 1213 135 1257 eo
157 1196 230 1275 ipso
245 1206 385 1260 centrum
399 1197 481 1261 orbis
495 1206 601 1260 extra
614 1198 672 1261 1100
683 1199 814 1282 predium
829 1199 916 1269 dicit;
942 1200 990 1280 qui
1005 1201 1223 1265 cunceutricum
1236 1219 1304 1263 011111
1319 1200 1464 1281 00101010,

21 1285 23 1332 l
101 1293 240 1349 centrum
266 1284 326 1348 hoc
353 1286 420 1367 ipso
451 1286 491 1349 in
521 1287 579 1349 hoc
611 1287 758 1351 communi
791 1298 915 1369 puncto,
949 1290 1028 1370 quud
1060 1290 1131 1353 mihi
1163 1296 1309 1356 centrum.
1329 1288 1505 1371 corporis,-

21 1449 22 1464 Ὶ
100 1370 222 1437 Solaria
247 1383 308 1449 est,
332 1377 471 1439 collocat.
509 1376 579 1439 Jam
601 1378 671 1439 vide
696 1379 840 1459 quomodo
864 1397 922 1458 ego
946 1378 1079 1455 dixerim,
1104 1379 1234 1441 Martem
1255 1377 1464 1457 imaginarium

21 1513 22 1520 1
98 1472 248 1544 puuctum
272 1465 436 1545 respicere,
457 1466 485 1528 si
508 1467 547 1527 ad
570 1468 700 1531 medium
721 1474 833 1529 motum
849 1464 890 1545 Θ
906 1467 1062 1543 referatur,
1087 1468 1118 1530 id
1141 1472 1188 1530 est
1211 1468 1237 1529 ai
1259 1466 1362 1547 auguli
1388 1486 1465 1529 auo-

99 1553 213 1615 maliae
238 1554 376 1617 eccentri
399 1563 584 1637 coaequatae
608 1565 693 1619 stant
715 1559 755 1618 ad
776 1566 935 1637 punctum,
969 1557 1047 1641 quod
1070 1566 1119 1621 est
1150 1552 1375 1637 0011110οΘ,
1409 1557 1465 1618 sed
1502 1612 1507 1629 ,
1615 1624 1618 1633 ,

99 1643 177 1715 tale,
214 1642 300 1725 quod
332 1652 483 1707 monstrat
513 1643 629 1707 medius
659 1643 698 1725 Θ
729 1654 843 1718 motus,
875 1646 954 1727 quod
986 1647 1133 1709 interdum
1165 1645 1319 1726 praecedit
1351 1644 1463 1721 Solem,
1499 1718 1506 1727 ⁸

100 1732 257 1795 interdum
283 1732 427 1815 sequitur,
451 1753 527 1797 nuuc
551 1752 659 1815 supra,
683 1754 760 1797 nuuc
783 1734 862 1797 inlra
885 1734 988 1797 Solem
1011 1744 1078 1811 eet3
1101 1743 1165 1798 tum
1188 1734 1235 1798 illi
1256 1734 1357 1815 auguli
1381 1742 1465 1796 stant

102 1820 139 1883 ed
160 1830 317 1902 punctum
339 1822 557 1904 imaginarium.
596 1824 638 1887 Ut
652 1825 817 1902 intelligas,
842 1824 913 1904 quid
929 1842 985 1905 ego
1009 1824 1106 1889 dicam
1122 1824 1338 1905 imaginarium,
1362 1816 1464 1886 010000

101 1919 202 1975 tecum
236 1911 357 1993 loquar.
410 1911 445 1974 Si
478 1913 580 1994 anguli
609 1912 777 1975 anomaliae
805 1923 990 1994 coaequatae
1023 1922 1107 1977 stant
1135 1916 1174 1977 ad
1204 1922 1346 1993 puuctum
1374 1912 1465 1989 medii

19 2005 20 2012 ’
101 2009 202 2065 noma
216 1999 316 2073 Solis,
340 2021 445 2065 101001
463 2010 497 2065 01
515 2002 545 2064 id
559 2010 710 2083 puuctum,
735 2003 760 2063 si
784 2020 844 2065 nou
867 2004 908 2065 sit
930 2002 995 2083 ipse
1010 2002 1072 2077 801,
1098 2020 1156 2066 noo
1181 2002 1222 2065 ait
1243 2022 1299 2083 par
1322 2004 1463 2065 ferendae
1493 2042 1498 2052 ·

100 2090 217 2171 ingenti
251 2092 327 2155 111011
356 2092 504 2173 sphaerae
527 2089 637 2155 Martis
661 2090 691 2154 iu
714 2090 865 2173 Tychonis
890 2090 1120 2174 hypothesibus3
1152 2093 1212 2167 vel,
1239 2100 1274 2154 ut
1305 2091 1397 2159 etiam
1429 2090 1460 2153 in
1503 2096 1521 2117 ”

103 2178 277 2261 coperuico
300 2200 404 2243 crasse
428 2181 546 2262 loquar,
579 2199 685 2243 vereor
707 2187 741 2242 ut
763 2180 847 2243 Mars
871 2180 902 2242 id
924 2190 1081 2263 puuctum,
1111 2182 1138 2243 si
1161 2200 1219 2245 uon
1244 2182 1285 2243 sit
1307 2181 1372 2262 ipse
1396 2178 1461 2250 801,

102 2288 136 2331 er
158 2270 261 2332 oculis
286 2270 418 2333 amittat.
457 2270 530 2333 Tale
555 2272 632 2332 euim
655 2278 797 2351 punctum
821 2276 868 2331 est
892 2270 977 2352 quasi
997 2269 1159 2333 communis
1174 2271 1305 2351 paxillus
1320 2267 1367 2332 ve'l
1383 2270 1460 2350 axis,
1529 2306 1533 2313 -

101 2380 119 2421 a
140 2378 201 2442 quo
225 2366 295 2422 tres
318 2368 403 2422 rotae
427 2378 480 2421 eeu
503 2360 649 2440 sphaerae
676 2358 810 2434 Saturni,
834 2358 921 2421 iovis
946 2366 978 2421 et
1005 2360 1115 2423 Martis
1140 2358 1464 2440 circumportautur'iu
1520 2350 1522 2359 ’

18 2509 19 2512 ,
100 2448 257 2531 'Pythone
305 2448 387 2512 Fieri
408 2458 527 2529 potest,
551 2448 654 2512 uthis
676 2448 776 2510 verbis
800 2448 883 2510 aliud
906 2449 1053 2531 quoddam
1077 2450 1197 2513 inuuere
1221 2448 1381 2525 voluerim,
1406 2449 1461 2510 aed

18 2579 19 2582 =
99 2541 165 2601 nolo
188 2538 301 2601 moltis
325 2538 504 2619 conjecturis
534 2546 566 2601 te
593 2536 789 2613 coufundere;
821 2537 910 2600 mitto
943 2536 1019 2614 ista,
1053 2540 1079 2600 si
1112 2549 1142 2602 10
1171 2538 1345 2620 impediunt.
1391 2538 1460 2599 Non

97 2647 225 2709 possum
250 2638 355 2691 tamen
377 2626 543 2707 praeterire
567 2629 659 2689 verba
682 2634 749 2688 tua:
776 2625 851 2705 „Sol
873 2646 932 2689 nou
957 2636 1005 2690 est
1027 2626 1235 2709 imaginarium
1253 2634 1403 2709 puuctum,
1429 2634 1460 2689 et

17 2776 18 2779 ,
97 2728 203 2782 umen
214 2719 283 2799 ejus
293 2728 393 2782 motus
402 2726 436 2780 ut
446 2737 533 2782 verus
543 2718 589 2782 ita
598 2726 630 2780 et
639 2717 754 2780 medius
764 2714 1002 2780 consideratur.“
1015 2720 1075 2788 (1.0
1089 2738 1113 2792 p.
1123 2722 1180 2789 tt.)
1195 2718 1278 2780 Haeo
1290 2725 1359 2780 suut
1370 2713 1462 2780 uerba

17 2810 18 2817 ’
99 2828 131 2871 se
153 2810 260 2890 ipsum
286 2808 506 2872 confundentis.
552 2808 633 2871 Audi
656 2807 793 2870 Fabrici:
817 2825 883 2869 cum
908 2806 974 2870 dico
990 2805 1070 2870 Solis
1094 2819 1205 2871 motum
1228 2807 1366 2884 medium,
1392 2807 1459 2868 dico
1547 2857 1550 2862 ⁴

99 2909 217 2961 motum
242 2897 373 2978 alicqjus
395 2899 514 2978 puncti,
546 2898 622 2980 qnod
646 2903 716 2958 ante
753 2916 844 2978 pone,
875 2915 968 2977 supra
995 2897 1073 2958 inira
1103 2895 1204 2960 Solem
1238 2906 1295 2958 est.
1343 2895 1459 2978 Imagi-

98 3007 209 3050 uamur
223 2987 318 3062 enim,
343 2986 541 3050 eccentricum
556 2985 638 3050 Solis
653 2987 776 3059 moveri,
791 2993 826 3048 ut
839 2993 945 3048 centra
959 2985 1024 3066 ejus
1047 2995 1079 3048 et
1102 2987 1202 3049 muudi
1225 2995 1348 3061 coeaot;
1373 3005 1460 3067 quem

17 3152 18 3155 Ἴ
100 3077 192 3158 igitur
217 3077 314 3139 situm
337 3084 370 3138 et
391 3087 504 3140 motum
527 3077 582 3140 Sol
605 3077 634 3138 iu
659 3076 711 3138 illo
734 3075 910 3155 imaginario
939 3077 1086 3154 sphaerae
1116 3077 1176 3138 01111
1207 3085 1238 3138 01
1266 3082 1348 3138 motu
1379 3082 1462 3138 esset
1530 3137 1532 3142 ,

97 3165 274 3242 habiturus,
297 3186 365 3228 cum
388 3166 512 3230 dicimus
536 3169 633 3230 locum
657 3173 688 3228 et
709 3173 822 3228 motum
845 3164 975 3226 medium
993 3163 1083 3241 Solis,
1109 3185 1167 3228 uon
1191 3165 1269 3248 quod
1292 3163 1390 3245 ipsum
1405 3163 1460 3228 Sul

97 3273 231 3338 unquam
256 3255 406 3318 conficiat.

17 3408 18 3414 ,
184 3344 297 3409 Aliam
316 3345 380 3425 jam
395 3346 485 3408 affers
508 3343 724 3432 objectionem:
749 3340 846 3404 vereri
861 3349 901 3418 te,
927 3341 953 3404 si
968 3349 1072 3404 centra
1095 3341 1333 3423 planetariorum
1342 3341 1458 3406 orbium

96 3437 158 3498 aiut
193 3443 286 3498 extra
309 3435 429 3511 Solem,
461 3442 495 3498 ut
524 3454 650 3498 accessu
681 3440 714 3496 et
744 3431 1054 3513 recessu-eclipticas
1085 3432 1260 3495 latitudines
1292 3432 1456 3494 varientur.

95 3524 231 3600 Nescio,
264 3524 336 3606 quid
359 3523 446 3588 10110.
493 3521 591 3594 Quem
613 3524 689 3588 dicis
718 3540 874 3584 accessum
897 3529 930 3583 et
952 3539 1103 3584 recessum
1131 3521 1307 3602 eclipticas,
1332 3522 1362 3582 in
1385 3541 1459 3604 pro·

17 3670 18 3689 ,
98 3616 226 3678 luudum
242 3634 283 3675 au
303 3614 334 3676 in
350 3613 467 3676 latum?
490 3613 557 3694 Ego
579 3613 654 3676 nihil
672 3611 769 3686 video,
794 3611 871 3691 quod
895 3611 1104 3675 latitudinibus
1128 3611 1250 3676 officiat.
1287 3611 1379 3674 Forte
1403 3609 1459 3672 tibi

17 3718 18 3777 l
96 3705 152 3768 hoc
177 3703 320 3766 euboluit
342 3704 421 3784 quod
444 3721 603 3784 apponam,
627 3700 763 3786 quamvis
786 3719 855 3762 mea
877 3701 1014 3781 opinione
1038 3711 1126 3766 extra
1149 3703 1242 3765 oleas.
1280 3699 1330 3764 Sit
1347 3702 1378 3763 A
1392 3699 1456 3776 Sol,

17 3854 18 3881 q
97 3791 152 3856 cl)
187 3792 277 3856 linea
306 3793 336 3854 in
369 3793 460 3872 plano
494 3793 650 3874 ecliptioae
680 3791 751 3865 EF,
783 3789 810 3852 B
843 3799 977 3852 centrum

17 3890 18 3901 ¹
95 3882 264 3946 eccentrici
298 3892 386 3944 01110
416 3881 500 3946 8010.
544 3883 610 3944 Ηο0
639 3880 738 3962 posito
762 3877 787 3942 C
812 3898 978 3960 apogaeum

17 3966 18 4039 l
95 3973 219 4054 longius
239 3970 281 4035 ab
294 3973 319 4034 F
320 3971 347 4034 Ε
371 3971 513 4053 ecliptica
534 3970 708 4053 digreditur,
732 3988 821 4051 quam
834 3968 873 4031 D.
912 3969 978 4031 1100

96 4064 221 4146 quidem
245 4080 319 4125 vere
345 4062 389 4124 ita
409 4063 453 4132 fit,
477 4070 512 4125 at
527 4081 588 4126 oon
606 4062 673 4124 ideo
692 4059 794 4140 auguli
815 4065 976 4136 mutantur,

94 4154 149 4216 sed
172 4161 306 4216 manent
327 4152 418 4214 iidem
440 4149 524 4216 FAC
547 4161 580 4214 et
601 4149 698 4214 Euo.
723 4179 764 4191 -

17 4320 18 4327 ἵ
182 4243 300 4308 Nullus
322 4243 447 4322 planeta
469 4261 540 4305 1010
570 4240 717 4324 duplicem
744 4236 838 4299 habet
867 4255 976 4298 eccen-

17 4338 18 4410 1
94 4333 286 4408 trinitatem,
326 4332 384 4392 uisi
421 4333 499 4396 forte
530 4332 617 4395 Luna
652 4330 683 4391 in
721 4325 909 4408 oppositione
944 4331 976 4386 et

94 4424 301 4504 quadratura,
325 4422 381 4482 sed
404 4442 493 4486 uuam
516 4419 683 4502 simplicem
705 4418 826 4479 realem.
873 4411 973 4486 Quam

94 4533 165 4576 reru
191 4510 358 4592 aequantis
389 4513 644 4575 eccentrieitatem
675 4506 818 4581 dicimos,
842 4512 974 4566 nonest

17 4636 18 4669 1
95 4603 154 4666 ista
177 4603 211 4664 in
234 4603 365 4683 planeta
387 4602 463 4682 ipsa,
488 4603 542 4665 sed
560 4599 646 4664 nobis
665 4593 855 4660 mensurandi
878 4613 973 4656 causa

96 4713 130 4756 ea
151 4693 277 4756 fictione
297 4709 374 4771 opus
389 4699 445 4754 est
482 4691 612 4754 Planeta
629 4707 700 4750 1010
722 4682 970 4766 inaequalitatem
1105 4715 1193 4762 Β,

96 4783 178 4846 illam
208 4779 335 4845 conficit
372 4781 491 4844 intuens
519 4782 552 4845 in
580 4778 642 4843 1010
672 4775 794 4858 aliquod
828 4782 970 4855 puuctum

99 4871 318 4948 eccentricum,
355 4871 433 4934 uode
467 4871 604 4934 diuersae
640 4864 804 4930 distantiae
836 4885 856 4926 a
886 4861 977 4938 8010,
1016 4863 1099 4926 sonte
1137 4865 1258 4929 virtutis
1290 4869 1446 4948 moventis,

100 4964 264 5027 secuudum
284 4951 365 5042 quas
388 4960 482 5025 etiam
498 4961 530 5026 iu
543 4961 665 5024 diversa
685 4953 862 5020 incitatione
879 4961 929 5016 est
948 4961 979 5016 et
993 4951 1037 5015 sic
1059 4953 1211 5034 longiores
1230 4974 1330 5021 moras
1352 4962 1448 5026 nectit

1155 3861 1208 3927 rig.
1234 3858 1275 3910 lo.
