3517 5525
498 410 527 467 de
546 410 735 465 Commentariis
753 408 784 462 de
802 414 871 460 motu
888 408 977 461 etellm
994 406 1090 461 Martie
1424 398 1469 469 29
1488 408 1492 416 “

108 598 199 663 labor
223 606 281 661 eet
321 600 364 661 Et
384 602 487 659 tamon
509 613 563 677 per
584 592 738 656 biennium
761 588 956 654 Theoriae
978 584 1124 652 Martis
1146 587 1299 667 insudavi,
1323 610 1379 655 neo
1395 611 1472 675 poe-

108 690 204 764 nitet3
231 688 349 751 obtinui
372 686 451 749 enim
474 686 541 761 hoc,
565 690 599 747 ut
620 682 734 765 possim
758 688 932 761 computare
947 678 1047 742 locum
1061 680 1183 758 Martis,
1206 692 1350 763 quantum
1368 704 1472 748 omnes

108 782 175 860 ejus
201 777 437 841 observationes
460 781 628 848 testantur,
658 780 721 835 tarn
742 770 897 852 praecise,
920 788 1008 851 quem
1031 770 1136 852 Tycho
1159 772 1256 835 locum
1279 773 1365 839 Solis
1387 795 1472 839 com-

107 876 218 951 putare
242 872 349 949 potest
380 864 496 939 (omnia
527 863 664 927 adhaec
686 870 792 925 nostra
822 861 985 940 tempora).
1031 860 1196 923 Praeterea
1226 864 1337 943 agnovi
1369 886 1472 929 veram

24 986 25 997 ι
107 968 255 1021 naturam
281 962 427 1032 (meacm),
460 954 539 1036 quod
569 950 751 1033 magnifacio
785 957 816 1011 et
842 947 1061 1030 jucundissime
1093 952 1289 1034 contemplor.
1335 956 1472 1038 Denique

107 1046 216 1111 Solem
241 1045 273 1107 in
298 1043 418 1107 theoria
440 1043 551 1107 Martis
577 1050 721 1122 tanquam
753 1039 783 1102 in
816 1039 939 1120 specula
971 1057 1037 1101 snm
1070 1043 1307 1124 contemplatus,
1339 1042 1410 1126 quid
1441 1054 1474 1108 et

108 1144 260 1219 qnantum
282 1134 310 1198 is
333 1134 443 1197 efficiat
465 1134 496 1197 in
519 1131 656 1195 omnibus
679 1128 811 1212 planetis
818 1148 828 1204 ;
853 1129 1006 1191 exMarte
1022 1147 1094 1191 vero
1109 1132 1278 1212 exemplum
1300 1135 1366 1216 cepi
1389 1142 1473 1199 trac-
1561 1129 1567 1147 ¹

24 1224 25 1287 l
109 1226 277 1291 tandorum
300 1230 477 1287 ceterorum.
522 1223 570 1286 De
593 1218 802 1303 praesentibus
825 1218 928 1299 itaque
950 1218 1136 1299 temporibus
1158 1240 1214 1301 per
1237 1240 1341 1287 omnes
1370 1231 1473 1288 astro-

24 1324 25 1377 ι
108 1314 233 1378 nomiae
259 1320 365 1396 partes
394 1314 506 1394 optime
536 1329 669 1393 quaeque
702 1327 806 1391 spero,
838 1326 915 1389 quae
944 1326 1017 1371 voro
1047 1308 1084 1370 de
1113 1310 1287 1390 praeteritis
1310 1320 1343 1375 et
1365 1314 1474 1379 suturis

24 1428 25 1469 ι
109 1423 228 1481 mones,
256 1422 329 1465 vera
352 1423 399 1466 me
422 1421 538 1485 quoque
562 1398 737 1463 existimare
759 1405 833 1479 puto
855 1403 887 1460 te
910 1396 998 1459 seire.
1037 1398 1083 1460 At
1107 1418 1168 1461 non
1189 1400 1380 1469 ideoomnis
1402 1424 1475 1467 cura

24 1504 25 1511 ’
110 1493 306 1573 deponenda,
332 1492 359 1555 si
382 1510 529 1555 summam
551 1486 771 1571 praecisionem
793 1486 916 1567 assequi
938 1486 1104 1569 nequimus.
1150 1490 1335 1555 Incertitudo
1366 1492 1473 1557 obser-

109 1582 274 1645 vationum
296 1589 431 1645 ueterum
454 1600 513 1645 nou
535 1586 623 1643 tenta
645 1586 709 1653 est,
741 1584 775 1640 ut
805 1576 895 1659 plane
928 1574 1003 1639 nibil
1042 1576 1105 1640 illis
1132 1577 1224 1641 tribui
1254 1581 1370 1661 possit,
1403 1581 1474 1663 quin
1583 1618 1592 1635 ·

109 1672 224 1753 potius,
252 1670 296 1733 nti
318 1670 434 1753 antiqui
455 1664 577 1735 nostras
599 1674 732 1731 motuum
755 1664 962 1748 apparitiones
982 1666 1322 1748 praedixeruntlatiori
1343 1672 1475 1753 quodam

109 1762 199 1824 modo
226 1778 285 1823 nec
310 1760 434 1837 omnino,
453 1758 524 1822 selei
547 1766 631 1833 snut,
660 1757 705 1819 ita
735 1756 811 1819 nihil
836 1762 892 1838 ‚est
922 1756 1001 1837 qnod
1032 1774 1089 1818 noe
1118 1763 1222 1821 teneat
1245 1760 1409 1837 sollicitos,
1441 1760 1473 1823 in

110 1852 249 1913 futurum
272 1868 329 1911 nos
350 1856 437 1911 tanto
458 1848 582 1930 propius
606 1846 832 1919 collimaturos,
847 1852 958 1927 quanto
980 1844 1160 1927 exquisitius
1175 1848 1216 1909 ad
1230 1855 1368 1931 tempora
1381 1870 1474 1932 prae-

111 1941 212 2003 sentia
240 1946 415 2019 computare
439 1936 640 2001 didicerimus.
678 1934 847 2015 Distinguit
867 1934 910 1997 M.
927 1932 962 1997 Τ.
986 1934 1065 1996 inter
1086 1935 1248 1999 luminaria
1270 1946 1301 2000 et
1322 1940 1474 2019 planetas,

111 2038 141 2092 et
163 2029 247 2093 illud
270 2047 361 2090 unum
385 2032 522 2108 spectare
545 2025 676 2099 videtur,
699 2033 735 2087 ιι
756 2045 776 2086 a
797 2021 930 2105 planetis
953 2024 1063 2085 ceteris
1083 2024 1214 2087 animum
1227 2046 1325 2090 meum
1339 2029 1378 2089 ad
1392 2027 1475 2091 Solis

112 2128 141 2181 et
163 2118 277 2182 Lunae
301 2124 401 2179 motus
424 2116 597 2178 transierat.
644 2114 744 2177 Video
774 2132 812 2174 ex
840 2120 927 2194 parte
957 2112 1076 2174 consilii
1104 2113 1194 2194 hujus
1217 2116 1373 2180 rationem.
1419 2115 1494 2187 Sol,

115 2218 144 2271 et
157 2210 256 2271 Luna
278 2205 543 2286 chronologiae
559 2203 703 2278 serviunt,
719 2202 811 2265 ceteri
826 2202 953 2284 quinque
968 2203 1212 2283 astrologiae,
1236 2224 1325 2287 qnam
1339 2206 1474 2269 damnas.

113 2298 156 2361 At
178 2296 246 2359 etei
268 2305 368 2359 tecum
392 2296 511 2358 omnino
535 2294 673 2357 damnem
695 2292 780 2355 illam
803 2292 928 2366 (damno
951 2298 1051 2353 antem
1073 2299 1192 2356 tantum
1214 2294 1245 2357 in
1263 2314 1309 2370 ea,
1333 2304 1477 2378 quantum

113 2387 243 2460 Picus),
275 2394 377 2447 tamen
402 2403 493 2465 opera
515 2384 573 2447 Dei
597 2382 689 2463 digna
712 2388 782 2444 sunt
804 2381 1055 2445 consideratione.
1099 2382 1142 2445 Ει
1169 2402 1230 2447 non
1258 2386 1378 2447 omniuo
1400 2384 1476 2447 nihil

113 2476 151 2537 ad
174 2472 408 2554 chronologiam
433 2482 465 2535 et
487 2472 556 2534 anni
579 2472 728 2535 rationem
752 2470 866 2533 faciunt
887 2470 1029 2552 planetae
1060 2470 1162 2534 ceteri.
1208 2474 1276 2554 Ego
1309 2475 1405 2549 enirn,
1438 2492 1477 2535 ex

113 2563 351 2647 quorationem
373 2562 585 2643 aequationum
607 2562 764 2645 physicam
787 2580 825 2621 ex
847 2559 965 2623 theoria
987 2560 1099 2623 Martis
1123 2561 1229 2637 didici,
1264 2563 1351 2626 simul
1384 2562 1477 2626 didici

24 2686 25 2689 ι
114 2655 266 2716 rationem
281 2650 497 2727 necessariam,
513 2670 572 2732 qua
587 2670 693 2727 annus,
703 2672 762 2713 non
780 2650 1051 2731 tropieuetantnm,
1067 2650 1121 2713 sed
1135 2651 1201 2733 ipse
1216 2653 1353 2715 sidereus
1368 2672 1477 2715 neces-

24 2783 25 2802 .
116 2743 197 2806 surio
223 2740 383 2804 variabilis
407 2740 546 2819 efficitur,
579 2748 611 2803 et
642 2760 717 2804 unus
751 2740 811 2803 alio
844 2740 976 2822 longior,
1009 2747 1099 2802 ancta
1128 2741 1352 2816 ecoentricitate
1384 2742 1476 2818 Solis,

24 2831 25 2876 ³
117 2833 233 2895 ceteris
255 2850 327 2894 vero
352 2831 490 2894 omnibus
511 2829 711 2894 manentibus.
757 2831 873 2912 Itaque,
909 2830 936 2891 si
959 2838 1114 2892 constaret
1145 2833 1280 2908 aliunde,
1313 2834 1478 2897 auctiorem

24 2977 25 2988 ,
117 2921 188 2984 olim
212 2919 312 2984 fuisse
342 2921 614 2996 eccentrioitatern,
646 2921 830 2983 necessitate
861 2939 977 2982 summa
1008 2919 1163 2996 inferrem,
1194 2920 1360 3002 longiorem
1383 2922 1477 2984 fuisse

119 3030 245 3085 annum,
269 3009 381 3091 itaque,
404 3018 439 3073 ut
461 3009 504 3071 ita
527 3009 635 3082 dicam,
660 3009 865 3074 essentialiter
887 3029 946 3071 non
970 3009 1209 3074 accidentialiter
1232 3013 1261 3074 h.
1285 3031 1312 3074 e.
1337 3031 1406 3073 vere
1423 3011 1478 3076 Sol

24 3153 25 3176 ,
119 3099 155 3160 ad
178 3105 327 3180 punctum
349 3118 431 3160 mere
454 3101 545 3161 ιιιιιι
566 3096 684 3161 tardius
707 3105 921 3174 reverteretur,
945 3107 976 3161 et
996 3120 1057 3162 non
1080 3106 1198 3163 tantum
1220 3101 1258 3162 ad
1274 3107 1417 3182 punctum
1441 3101 1478 3163 ab

24 3207 25 3212 ¹
118 3187 169 3252 illo
192 3188 328 3268 fugiens,
349 3188 448 3268 magis
471 3208 559 3269 quam
581 3187 681 3249 hodie.

211 3275 310 3337 Quibus
330 3276 399 3326 addit
410 3277 534 3341 Keplerus
553 3289 663 3336 eausam,
683 3291 727 3329 cur
743 3289 793 3325 non
813 3274 890 3326 adeat
907 3273 1087 3325 restitutrhuem
1105 3275 1255 3326 theotimum
1269 3275 1331 3326 Solis
1344 3282 1370 3328 et
1381 3275 1478 3336 Lunae,

120 3348 234 3398 ωιιιιιιιι
252 3348 390 3398 cenetituta
406 3350 433 3398 lu
450 3347 556 3412 planetis
583 3351 679 3412 majore
696 3345 871 3405 ,carduetum
899 3361 974 3411 qnam
999 3345 1151 3397 exhibuimus
1176 3347 1232 3396 Vol.
1251 3347 1290 3406 11,
1316 3365 1340 3412 p.
1359 3345 1402 3396 77.
1441 3349 1478 3398 Ex

119 3420 290 3470 llernrti
316 3421 475 3484 responsione
494 3417 530 3480 (d
551 3419 574 3470 d
594 3417 637 3469 2⁰.
658 3417 713 3469 Oct.
734 3415 816 3472 1602)
843 3418 907 3470 huso
934 3418 1112 3469 desumimus:
1139 3419 1198 3470 dese
1220 3417 1260 3469 ioh
1279 3420 1327 3469 deu
1345 3418 1426 3470 Herm
1445 3421 1478 3471 ab

120 3491 316 3556 mrestigutiono
334 3496 445 3540 motuum
463 3490 609 3556 reliquorum
626 3489 783 3554 planetarum
802 3491 944 3542 abmuhneu
960 3489 1055 3548 vollte,
1075 3490 1148 3548 absit,
1166 3490 1218 3540 und
1229 3491 1290 3556 ,seii
1307 3490 1349 3541 ioh
1367 3490 1477 3542 dieslslls

121 3561 274 3618 vemeiurne,
301 3560 360 3612 dese
378 3562 413 3611 Er
429 3563 455 3611 in
479 3562 653 3613 constituenda
680 3563 822 3627 quantitate
841 3564 902 3612 anui
920 3561 1012 3612 Solaria
1029 3561 1148 3622 laborirt,
1166 3563 1237 3612 veisa
1254 3562 1296 3612 ioh
1314 3563 1367 3619 nit,
1385 3561 1416 3612 ob
1435 3562 1480 3626 der

121 3633 184 3684 llerr
212 3633 264 3684 den
292 3647 398 3683 errorem
415 3633 441 3682 in
468 3633 562 3684 emeno
589 3634 719 3692 observirt,
747 3649 775 3682 so
793 3633 878 3698 Tycho
903 3635 930 3684 in
953 3632 1182 3699 Progymnesmetis
1208 3633 1363 3685 eiukommeu
1386 3634 1478 3684 leeeen.

122 3704 194 3766 Quae
218 3703 333 3754 adhaec
359 3705 512 3768 responderit
530 3701 566 3766 (d.
587 3701 629 3752 12.
648 3705 710 3754 Nor.
733 3701 813 3766 1602)
841 3705 1008 3770 Keplerue
1025 3705 1142 3771 leguntur
1158 3705 1214 3755 loco
1237 3707 1334 3763 citato,
1360 3707 1480 3771 equibus

123 3783 242 3842 apparet.
262 3774 447 3827 commentaria
465 3772 539 3838 („sen
557 3776 621 3841 quod
640 3775 708 3827 eliud
732 3775 839 3826 intutum
858 3783 897 3827 est
920 3773 1041 3838 nomeu⁸¹l
1066 3777 1174 3840 proxime
1192 3791 1219 3827 se
1236 3777 1405 3841 perlectumm
1422 3793 1478 3842 spe-

126 3873 218 3916 rssse;
236 3856 324 3922 quibus
341 3857 428 3907 addit:
459 3846 536 3912 Cum
563 3867 610 3910 me
640 3849 689 3910 his
721 3849 891 3911 carceribus
924 3855 1038 3918 (edendis
1062 3855 1153 3920 Optiee
1175 3862 1201 3934 et
1221 3856 1359 3908 Commeat
1378 3855 1480 3919 umus)

24 3941 25 3948 ’
125 3937 344 4001 adstrinxerim
366 3938 449 4020 ipse,
478 3936 625 4018 intelligis
649 3957 738 4013 sane,
769 3936 911 4018 quidquid
941 3938 1112 4001 extrahas
1142 3944 1241 3999 metas
1264 3937 1322 3999 erit
1348 3938 1481 4020 positum

24 4027 25 4074 l
129 4035 245 4102 (metet
261 4036 300 4086 his
318 4036 398 4086 verbis
415 4036 573 4102 quaestiones
591 4035 713 4086 floruerit
733 4032 930 4101 chronologicas)
944 4028 1009 4109 jam
1024 4047 1083 4090 non
1098 4025 1227 4108 amplius
1241 4047 1260 4088 a
1274 4047 1321 4089 me
1337 4025 1479 4109 inMagn

24 4123 25 4138 ¹
126 4119 212 4180 Tuae
245 4116 378 4198 gratiam
408 4115 521 4198 suscipi
550 4135 659 4198 posse,
692 4115 786 4178 donec
816 4135 909 4198 opera
930 4117 1001 4192 illa,
1025 4118 1091 4180 Deo
1115 4117 1245 4192 favente,
1274 4116 1481 4193 absolvantur,

24 4189 27 4210 ³
125 4225 308 4288 quamquam
330 4205 468 4288 utrinqne
491 4205 523 4268 in
545 4206 596 4268 via
616 4204 702 4286 rogia
725 4225 791 4267 snm
814 4205 852 4266 ad
870 4206 928 4270 hoc
946 4207 1055 4288 ipsum,
1078 4203 1159 4288 quod
1180 4205 1392 4287 peragendum.
1433 4208 1480 4270 Dc

24 4315 25 4322 ¹
127 4296 269 4378 Optice
293 4301 424 4371 constat,
448 4296 484 4357 do
509 4294 673 4357 Theoria
694 4293 829 4357 Martis
848 4295 941 4376 jubeo
962 4296 1039 4359 bene
1060 4304 1091 4357 te
1115 4313 1247 4376 sperare.
1292 4295 1372 4358 Nam
1395 4301 1427 4356 et
1450 4293 1481 4359 in

24 4427 25 4440 ι
127 4384 182 4448 illa
204 4385 362 4466 generalia
393 4385 556 4467 quaedam,
589 4401 694 4465 nempe
717 4402 827 4463 magna
848 4387 946 4467 partis
976 4382 1179 4447 astronomiae
1210 4383 1355 4466 physicae
1381 4383 1481 4466 portio
1551 4381 1560 4402 ⁰

24 4501 25 4542 r
127 4481 289 4550 tractatur,
312 4473 363 4536 nbi
388 4481 489 4538 sterno
513 4473 592 4535 viam
615 4473 655 4535 ad
677 4493 781 4536 veram
797 4473 903 4536 Lunae
925 4475 1146 4556 aequationem,
1168 4480 1203 4537 ut
1224 4471 1300 4536 nihil
1323 4473 1421 4536 dicam
1441 4475 1480 4536 de
1553 4538 1557 4545 ,

24 4561 25 4612 l
128 4561 317 4645 longitndine
341 4563 428 4638 anni,
452 4583 527 4645 quae
551 4581 588 4624 ex
612 4581 704 4624 cansa
725 4561 852 4644 physica
875 4583 942 4627 cum
964 4563 1188 4626 eecentricitate
1214 4562 1350 4627 variatur
1372 4581 1481 4628 neces-

131 4653 221 4730 sario,
236 4653 311 4716 item
326 4653 406 4734 qnod
419 4653 609 4716 verissimam
625 4649 707 4716 Solis
722 4652 979 4716 eccentricitatem
993 4652 1167 4715 demonstro
1184 4651 1240 4718 illo
1254 4652 1320 4733 ipso
1335 4653 1365 4714 in
1379 4672 1480 4734 opere.

219 4741 413 4793 Heruartus
441 4737 476 4800 (d.
499 4739 540 4790 18.
559 4740 630 4789 Febr.
651 4735 730 4800 1603)
758 4739 822 4791 hese
850 4741 991 4806 respondit:
1020 4742 1077 4792 Von
1105 4742 1161 4792 dem
1184 4739 1275 4797 Werk.
1303 4756 1330 4790 so
1357 4740 1402 4791 der
1419 4741 1483 4792 Herr

133 4813 228 4864 ratione
256 4813 369 4864 theoriae
387 4811 475 4862 Martis
493 4820 566 4862 nnter
584 4810 706 4867 Eundem,
733 4811 841 4863 habich
869 4814 1020 4864 anderedus
1047 4819 1124 4863 etrus
1143 4811 1295 4878 Audentung
1318 4811 1413 4877 gethan
1431 4811 1482 4861 und

135 4885 249 4937 dmelbe
268 4899 299 4935 su
317 4883 394 4934 uben
412 4881 522 4936 daduroh
548 4897 645 4948 gressu
663 4881 805 4948 Veriungeu
824 4886 955 4948 gemacht,
974 4885 1022 4935 vie
1038 4898 1066 4935 ee
1083 4883 1137 4934 sieh
1155 4883 1223 4933 daun
1241 4883 1333 4934 einmd
1350 4883 1397 4932 mit
1413 4881 1481 4933 Nutu

138 4965 162 5006 et
180 4971 236 5007 cum
255 4956 367 5022 proiectu
386 4955 449 5006 wohl
460 4955 519 5006 vird
531 4955 607 5005 seben
626 4953 718 5011 leeeeu,
735 4953 788 5004 und
800 4955 869 5008 Ihme
882 4957 939 5007 dem
950 4956 1032 5006 Herm
1049 4956 1122 5006 einen
1134 4955 1235 5006 selehen
1246 4953 1346 5005 Numen
1363 4953 1480 5010 macheu,

138 5027 194 5080 due
211 5043 271 5081 mun
290 5026 413 5080 numuehr
430 5026 556 5078 ronlhme
575 5025 690 5092 deejenig
708 5039 740 5076 uu
757 5035 892 5091 geearten.
910 5043 938 5079 so
956 5041 1016 5079 man
1033 5041 1080 5078 rou
1098 5024 1213 5090 seyland
1229 5023 1313 5089 l’yuho
1325 5023 1409 5078 Brehe
1426 5041 1480 5078 rer·
