3517 5525
240 436 243 446 ·
275 394 339 472 lid
608 406 612 413 ·
687 402 908 468 mures
925 400 1075 469 meme·
1102 404 1204 455 mese

272 578 392 643 demum
412 578 519 660 incipit
539 599 578 643 ex
599 595 676 642 uoto
699 598 764 643 meo
788 580 922 643 incubitu
944 586 977 643 et
999 580 1063 643 loto
1103 598 1220 645 meeum
1242 578 1443 657 incalescere3
1477 578 1531 643 sed
1553 579 1626 643 leu-

270 667 388 729 tissime
409 668 591 748 progredior.
1053 670 1058 679 '
1695 672 1702 683 “
1731 732 1736 739 ,

358 756 475 821 Narras
505 757 669 837 periculum
704 757 884 821 valetudinis
920 778 958 821 ax
989 756 1272 837 communionibus
1308 764 1504 821 commeatum.
1550 756 1626 819 Post

272 846 381 908 testum
404 846 508 920 venie,
540 846 716 909 medicinam
748 855 848 908 tamen
878 848 1000 910 suadeo.
1047 845 1223 909 Albstiueae
1247 867 1266 909 a
1288 847 1501 911 constituenda
1527 845 1626 929 hypo·-

273 934 352 996 theei
365 934 485 1008 Martie,
505 936 570 1015 jam
584 934 724 997 animast
746 934 921 998 constitute.
958 936 1025 1017 Ego
1038 940 1166 998 turtum
1188 935 1314 999 iueomsi
1337 935 1457 1011 laboris,
1482 942 1625 1020 quantum

275 1024 387 1084 sufficit
408 1024 457 1084 vel
480 1024 584 1085 decem
606 1023 760 1100 mortibus,
784 1033 816 1086 et
837 1024 950 1105 pervici
971 1042 1026 1107 per
1048 1024 1115 1087 Dei
1138 1023 1267 1107 gratiam
1298 1024 1480 1107 pervenique
1507 1042 1560 1097 eo,
1593 1032 1628 1085 ut

272 1120 429 1175 contentus
452 1132 519 1173 esse
550 1113 663 1193 poesim
690 1114 766 1175 meis
796 1113 927 1177 inventis
960 1121 992 1176 et
1020 1112 1157 1195 quintus.
1203 1114 1375 1195 Antequam
1405 1113 1625 1197 acquiescerem

271 1201 411 1274 inventis,
435 1201 587 1282 quiescere
609 1203 726 1265 omniuo
740 1221 798 1265 uou
821 1203 904 1284 potui
911 1222 920 1278 ;
944 1220 982 1265 ex
1004 1202 1168 1285 praesenti
1190 1200 1281 1285 igitur
1304 1202 1403 1285 quiete
1418 1202 1628 1285 argumentare

274 1290 311 1351 de
334 1289 409 1351 meis
432 1290 570 1355 inventis.

361 1378 409 1441 Eu
422 1378 470 1455 iis,
486 1398 562 1461 quae
577 1378 684 1443 acribia
702 1380 739 1443 de
754 1379 897 1453 Saturno,
913 1379 1033 1461 colligo,
1057 1398 1075 1461 q
1083 1398 1141 1461 nae
1161 1380 1216 1443 tibi
1230 1398 1338 1443 censae
1352 1378 1424 1455 siut,
1439 1398 1491 1443 cnr
1506 1376 1629 1441 Saturni

272 1468 434 1531 observate
455 1487 515 1530 nou
536 1469 641 1532 mittas
663 1490 718 1533 uec
740 1468 837 1533 Jovie.
884 1466 977 1551 Cupis
1007 1468 1130 1548 aliquid
1158 1478 1189 1531 et
1217 1468 1283 1551 ipse
1305 1476 1480 1551 praestare,
1511 1466 1542 1533 in
1571 1484 1631 1548 qua

277 1557 376 1639 operis
389 1564 475 1636 parte
489 1575 549 1619 non
568 1558 614 1620 vis
629 1558 740 1630 habere
756 1559 913 1621 aemulum.
951 1556 1028 1621 Mihi
1052 1557 1117 1620 boc
1131 1578 1190 1621 nou
1206 1565 1255 1621 eet
1270 1556 1370 1621 cordi:
1395 1559 1422 1621 ei
1435 1575 1494 1621 noo
1509 1564 1628 1621 tautum

272 1644 327 1709 tibi
356 1644 442 1707 mitto
465 1655 608 1726 qnantum
635 1649 787 1729 postulae,
809 1646 839 1709 iu
863 1634 1038 1720 cauea'est,
1063 1647 1149 1729 quod
1179 1647 1259 1727 fugio
1283 1646 1415 1711 laborem
1439 1644 1631 1712 describendi

273 1742 305 1797 et
326 1733 528 1814 conquirendi.
570 1734 639 1799 Pati
661 1754 792 1819 possum,
816 1743 851 1798 nt
872 1736 946 1799 edas
970 1734 1083 1817 aliqua
1105 1734 1141 1799 de
1160 1736 1258 1799 Marta
1281 1736 1330 1799 vel
1353 1743 1424 1799 ante
1446 1754 1514 1799 mee
1533 1733 1629 1799 Com-

238 1840 243 1851 ‘
272 1823 421 1889 menteris
441 1824 489 1885 vel
511 1832 590 1903 poet.
627 1822 793 1908 Quicquam
807 1825 907 1901 etiarn,
931 1824 957 1888 ei
979 1824 1130 1889 brevibus
1152 1843 1283 1907 possim,
1308 1824 1345 1887 de
1368 1823 1430 1887 tuis
1444 1822 1630 1886 inventioni-

273 1912 329 1975 bna
352 1912 462 1973 eddam
494 1915 568 1977 meis
591 1913 831 1977 Commentariis.
870 1913 995 1977 iuterim
1017 1913 1089 1977 tuis
1112 1914 1206 1993 ipsius
1229 1912 1489 1977 observationibus
1512 1932 1546 1975 ee
1569 1910 1630 1977 ini·

274 2020 364 2085 quus,
397 2017 519 2081 querum
542 2022 643 2066 curam
671 2002 780 2066 nemini
807 2002 958 2084 permittis
989 2001 1051 2065 uisi
1082 2002 1137 2065 tibi
1155 2002 1232 2085 ipsi.
1279 1999 1360 2074 Quid
1390 2001 1417 2065 ei
1445 2020 1503 2065 uon
1530 2000 1633 2065 omnia

273 2108 430 2171 possumus
454 2093 573 2155 omues!
607 2090 687 2165 Quid
710 2092 737 2155 si
759 2092 830 2154 mihi
852 2092 937 2155 Dens
961 2092 1017 2154 hoc
1045 2090 1152 2169 dedit,
1185 2099 1219 2155 ut
1241 2090 1346 2155 melius
1370 2090 1414 2155 uti
1436 2090 1550 2171 poesim
1571 2088 1633 2153 tuis

277 2177 446 2243 observatis
462 2198 549 2259 quam
572 2190 605 2245 tu
627 2182 713 2265 ipse?
736 2200 818 2262 ergo,
842 2182 869 2245 sl
884 2200 941 2261 ego
955 2200 1084 2243 cessem
1099 2188 1131 2243 et
1154 2188 1185 2245 tu
1206 2198 1364 2263 perperam
1389 2178 1494 2255 utaris,
1519 2180 1633 2244 frustm

275 2278 308 2330 tu
331 2268 511 2333 observasti.

575 2356 650 2423 Cum
668 2365 702 2422 tu
715 2357 830 2421 habene
848 2357 877 2420 iu
893 2356 1026 2423 Saturno
1058 2354 1311 2421 accentricitstem
1335 2352 1433 2431 5420,
1458 2374 1513 2436 ego
1533 2350 1633 2433 5700,

366 2461 372 2477 ·
390 2423 437 2477 00·
488 2447 593 2510 mirum
607 2467 665 2511 nou
679 2454 737 2522 est,
751 2466 806 2510 nos
820 2447 914 2511 etiem
928 2446 957 2510 in
973 2447 1052 2527 ephe
1061 2444 1102 2508 lio
1118 2444 1246 2510 differre.
1271 2446 1317 2509 Tu
1331 2446 1409 2509 euim
1423 2444 1526 2525 procul
1541 2443 1632 2508 dubio

489 2537 619 2599 exstruis
650 2536 827 2620 hypothesin
851 2556 890 2599 ex
912 2543 1014 2599 centro
1041 2534 1181 2610 Terrae,
1212 2555 1265 2598 eeu
1293 2535 1324 2597 iu
1351 2534 1448 2599 forma
1471 2530 1632 2613 Copernici

490 2646 528 2689 ex
550 2634 654 2689 centro
677 2625 758 2689 orbis
782 2625 892 2705 magni,
917 2644 972 2707 ego
995 2642 1069 2689 vero
1099 2643 1139 2688 eu
1153 2622 1219 2705 ipso
1235 2622 1309 2687 Sole
1333 2624 1382 2689 vel
1400 2624 1429 2685 iu
1443 2621 1633 2686 Ptolemaios

489 2714 651 2800 hypothesi
673 2732 710 2777 ex
733 2722 835 2779 centro
859 2714 940 2778 orbis
963 2712 1057 2778 Solia.

578 2804 627 2867 Sit
648 2805 675 2868 B
699 2802 763 2879 Sol,
786 2805 817 2868 A
839 2812 973 2867 centrum
996 2802 1079 2866 orbis
1106 2801 1232 2879 Terrae,
1258 2799 1283 2866 Ο
1307 2807 1442 2864 centrum
1464 2797 1546 2864 orbis
1569 2797 1632 2862 Se-

491 2893 580 2958 turni.
617 2891 693 2956 Mihi
712 2889 769 2957 Bc
791 2893 874 2957 cedit
896 2894 925 2954 iu
949 2889 1009 2955 25⁰
1033 2889 1088 2958 15‘
1114 2899 1157 2968 ἰ,
1186 2888 1375 2958 tibiacis
1399 2883 1460 2952 26⁰
1483 2895 1532 2966 ,ῖς
1556 2888 1633 2955 haec

399 2992 421 3085 q
490 2982 583 3064 probe
615 2982 812 3046 consentiunt
857 2980 920 3045 Sed
952 2982 1009 3044 hoc
1039 2982 1151 3052 miror.
1190 2999 1258 3044 cum
1291 2977 1364 3042 mihi
1390 2975 1445 3042 BG
1469 2978 1511 3040 ait
1532 2973 1631 3054 5700,

420 3088 436 3158 q
491 3091 543 3136 cnr
570 3072 627 3134 tibi
657 3071 774 3152 longior
795 3069 853 3136 Ac
875 3071 918 3134 eit
947 3071 1085 3144 brevior,
1118 3091 1161 3136 ec.
1185 3066 1307 3138 atreo?
1344 3065 1410 3148 Ego
1434 3064 1506 3130 mihi
1528 3067 1633 3130 videor

491 3166 572 3224 recte
595 3169 736 3241 operatus
758 3172 791 3224 et
812 3170 883 3244 peto
907 3160 1079 3225 observata.

362 3249 550 3303 Fabricius:
574 3248 681 3300 Unicum
699 3257 750 3306 set.
767 3251 832 3316 quod
849 3251 948 3300 omuino
976 3249 1020 3300 tihi
1046 3247 1217 3299 scdbeudum.
1232 3244 1320 3311 putari
1339 3249 1365 3294 et
1382 3243 1447 3310 qnod
1464 3256 1505 3294 me
1522 3243 1631 3296 maxime

274 3320 414 3386 perplexum
431 3322 546 3380 reddidit,
562 3321 627 3372 hoc:
652 3325 679 3372 iu
696 3321 779 3372 Marte
796 3323 879 3386 posite
896 3329 940 3373 tae
958 3319 1146 3372 ecoeumicitste
1172 3313 1296 3374 929599,
1316 3321 1342 3366 et
1358 3314 1445 3366 imula
1461 3329 1504 3380 pro
1522 3315 1632 3366 manes

275 3393 371 3442 redona
390 3395 525 3444 constitute
542 3390 638 3450 totto,
656 3395 694 3442 ite
710 3399 739 3444 nt
755 3393 841 3444 lunula.
857 3394 931 3454 juxte
948 3405 1029 3442 meam
1055 3389 1203 3456 hypothesin
1221 3395 1302 3444 trube
1319 3385 1437 3437 circulum
1454 3385 1487 3436 uit
1504 3401 1555 3436 non
1572 3401 1630 3438 rere

274 3465 347 3520 intra,
366 3471 396 3514 ut
413 3466 438 3512 lu
457 3472 501 3515 tue
519 3463 648 3529 ellipsim,
667 3463 720 3513 volo
733 3463 766 3513 ed
779 3458 828 3511 950
843 3462 976 3512 dictanda
993 3461 1093 3512 medita
1106 3461 1138 3511 sb
1151 3461 1253 3526 ephebe
1271 3457 1398 3523 inquirere
1416 3458 1519 3522 primam
1537 3469 1630 3522 seque·

275 3536 375 3584 donem.
400 3533 481 3586 Datur
492 3551 537 3601 per
548 3536 658 3586 tabulam
670 3533 818 3585 foecundum
830 3530 1009 3600 (tangentium)
1024 3531 1129 3598 angulus
1142 3533 1308 3598 seqmtionis·
1320 3530 1440 3579 maximus
1455 3523 1537 3578 5017Ι
1548 3525 1631 3578 99“ο.

275 3604 323 3655 Ubi
342 3621 398 3654 vero
416 3607 503 3656 eodem
520 3607 592 3656 modo
610 3606 644 3655 ed
656 3603 704 3654 990
721 3605 878 3670 quaesiveris,
898 3604 977 3668 prodit
995 3605 1114 3669 aequetis
1132 3599 1281 3662 5⁰18¹7'‘.
1301 3599 1358 3654 cliii.
1380 3597 1451 3664 1¹l,'.
1470 3613 1527 3652 eum
1544 3605 1630 3650 meu

276 3677 347 3726 eirca
363 3677 486 3728 maximae
512 3677 665 3742 aequetiouis
691 3676 771 3726 locam
789 3676 829 3724 rix
846 3677 932 3739 pensis
960 3675 1075 3726 secundis
1092 3675 1119 3724 iu
1137 3690 1186 3728 uno
1212 3682 1258 3728 aut
1281 3673 1365 3726 alt-ero
1383 3671 1463 3738 gradu
1491 3669 1632 3722 anomaliae

275 3753 391 3798 mutetur.
427 3748 476 3799 Ubi
493 3763 549 3800 vero
569 3753 628 3798 ente
646 3753 672 3798 et
689 3753 744 3812 post
761 3748 884 3797 maximae
903 3745 1057 3810 sequetiouia
1076 3747 1194 3812 angulum
1212 3743 1374 3813 quaesiveris
1392 3744 1562 3808 aequationes.
1581 3757 1631 3793 uon

274 3821 354 3887 magis
371 3817 409 3870 rel
427 3821 506 3870 minue
525 3824 640 3871 crescunt
657 3825 702 3869 eut
719 3819 865 3870 dememnut
883 3818 1042 3882 sequeticuee
1059 3817 1192 3881 proximas,
1211 3833 1290 3884 quam
1307 3832 1335 3868 rs
1361 3827 1420 3865 rere
1438 3813 1528 3864 debent
1547 3819 1572 3864 st
1589 3815 1630 3864 rix

275 3891 301 3940 iu
321 3890 414 3956 aliquot
431 3890 545 3941 secundis
562 3897 697 3940 mutantur.
727 3889 778 3940 Bes
796 3903 856 3941 saue
874 3889 945 3939 valde
964 3889 1034 3948 mire,
1053 3901 1100 3938 net
1119 3901 1221 3941 censam
1238 3891 1372 3955 indagare
1387 3885 1464 3950 potui,
1484 3884 1542 3936 licet
1553 3884 1629 3950 pluri-

274 3977 341 4012 mum
365 3961 524 4012 laboraverim
543 3960 588 4012 dc.
625 3961 765 4022 Quaeritur,
790 3975 855 4027 quse
876 3962 910 4010 sit
936 3973 1014 4010 cenea
1039 3965 1093 4010 tam
1109 3961 1206 4014 subitae
1232 3969 1259 4012 et
1284 3957 1418 4014 eremirbilis
1444 3957 1586 4008 remetiente
1603 3957 1631 4006 iu

277 4033 463 4099 esquaticuibur
481 4033 608 4096 proximis,
636 4047 693 4083 cum
709 4039 794 4083 temen
812 4038 872 4082 cute
891 4038 917 4082 et
934 4037 990 4098 port
1006 4029 1074 4082 illum
1093 4027 1142 4082 950
1169 4039 1283 4086 emerunt
1306 4039 1332 4084 et
1349 4033 1505 4084 demutent
1530 4042 1630 4094 proper·

274 4104 408 4164 tioualltm,
428 4118 475 4153 uec
490 4103 540 4153 ulle
557 4103 681 4154 wamelis
698 4096 929 4154 animadverteturi

361 4175 566 4258 Keplerne:
600 4173 689 4246 Quod
710 4175 741 4237 iu
764 4176 862 4238 Marte
886 4175 990 4237 mirum
1012 4173 1163 4250 celebras,
1191 4174 1293 4238 videre
1322 4175 1436 4239 videor
1463 4169 1551 4252 qnale
1579 4168 1630 4234 sit.

275 4263 420 4329 Latitudo
442 4265 560 4329 lunulae
583 4273 632 4329 est
653 4264 763 4328 lineola
785 4249 869 4328 recta
891 4263 930 4326 ad
951 4263 1060 4326 lineam
1084 4263 1230 4346 apsidum.
1277 4265 1339 4330 illa
1365 4265 1392 4328 si
1429 4259 1462 4322 in
1490 4259 1631 4340 perigaeo
1736 4273 1740 4284 ·

277 4360 448 4426 matera,
471 4354 817 4416 mexhuumcauearetur
840 4353 989 4432 angulum.
1024 4351 1070 4415 dt
1092 4353 1121 4416 iu
1136 4353 1320 4434 longitndine
1337 4347 1447 4418 medr'e
1464 4355 1634 4430 coaequata

277 4449 417 4506 tenemur
446 4443 584 4522 angulum
611 4444 739 4517 nullum,
773 4441 842 4522 quia
864 4441 1040 4506 continuata
1065 4441 1170 4505 incidit
1196 4443 1225 4505 iu
1252 4445 1352 4526 ipsuno
1380 4446 1525 4508 cerutrum
1550 4437 1633 4501 Solis

277 4531 463 4605 (Ptolemaeo
485 4531 640 4608 Telluris),
662 4539 694 4594 et
716 4531 760 4594 sic
781 4549 836 4610 per
854 4529 955 4612 optice
976 4529 1122 4612 principia
1135 4541 1261 4612 apparet
1283 4533 1340 4596 suh
1365 4534 1493 4598 ratione
1516 4525 1631 4608 puncti.

278 4620 323 4684 At
351 4621 517 4684 anomaliae
540 4628 723 4702 coaequatae
747 4615 809 4686 90⁶
828 4620 991 4704 respondet
1016 4620 1115 4684 medie
1142 4615 1221 4684 100⁰
1241 4618 1296 4686 430
1318 4622 1440 4688 circiter
1451 4637 1468 4695 ·,
1501 4635 1572 4694 ergo
1600 4615 1632 4678 in

278 4709 429 4772 suomslia
449 4709 548 4772 medie
560 4707 622 4774 90⁰
635 4709 744 4772 lineola
760 4709 839 4771 -baec
863 4710 990 4772 noudum
1014 4707 1166 4774 subtendit
1180 4709 1262 4783 nihil,
1285 4711 1339 4774 sed
1353 4731 1449 4776 creusa
1462 4713 1512 4770 cur
1535 4721 1633 4786 engu-

278 4799 337 4862 lum
363 4794 486 4878 1¹!2'c.
531 4799 597 4860 Hoc
619 4799 724 4862 mirum
747 4817 806 4860 uon
829 4808 887 4862 est.
932 4799 1010 4863 Nam
1032 4801 1121 4882 paulo
1145 4815 1235 4877 supra
1256 4800 1388 4866 mediam
1403 4792 1477 4867 9000
1491 4803 1634 4860 caueatur

278 4885 416 4968 angulum
438 4888 581 4969 majorem
604 4896 636 4950 et
655 4887 685 4950 iu
709 4885 858 4952 anomalia
880 4883 942 4952 45⁰
963 4896 1104 4952 causatur
1127 4886 1295 4951 maximum.
1331 4890 1463 4974 Deque
1499 4881 1632 4949 invenies

277 4975 431 5060 pulchram
452 4976 736 5042 demonstrationem
758 4976 788 5041 in
810 4977 885 5041 meis
908 4973 1138 5042 Commentariis
1161 4976 1199 5038 de
1221 4983 1246 5049 d
1268 4985 1342 5053 (cap.
1360 4983 1432 5050 iet)
