3517 5525
771 414 812 467 De
829 412 937 467 Motibus
956 408 1048 463 Stellae
1066 404 1153 460 Martis

1219 578 1403 667 tralatums,
1449 577 1639 659 planetarum

1218 667 1458 733 ecceutrioitates
1479 671 1638 747 compnta-

1216 762 1261 822 vit
1284 778 1343 822 nou
1363 778 1415 819 aa
1437 754 1519 831 Sole,
1543 754 1640 818 seda

1218 852 1237 929 β
1266 854 1369 911 centro
1398 847 1560 909 aestimato
1584 862 1645 907 ac-.

1219 937 1374 1019 qualitatis
1397 955 1500 998 cursus
1517 935 1639 996 Terrae.

1218 1026 1345 1090 Eductis
1363 1024 1441 1088 euim
1455 1024 1543 1087 lineis
1558 1042 1595 1083 ex
1608 1023 1638 1100 β,

1218 1124 1321 1195 ntpote
1339 1117 1392 1195 ’βῒν
1408 1116 1460 1193 fill,
1483 1113 1539 1193 βσ»
1563 1130 1638 1193 quo*

1218 1205 1277 1267 ties
1300 1206 1425 1287 planeta
1448 1210 1480 1267 et
1493 1202 1587 1265 Terra
1608 1201 1640 1263 in

1218 1296 1274 1357 has
1316 1292 1468 1367 incidunt,
1515 1291 1641 1371 planeta

1220 1384 1442 1464 supponebatur
1454 1381 1572 1443 exuisse
1588 1397 1640 1441 se-

1116 1466 1118 1471 ’
1220 1472 1346 1535 cundam
1382 1470 1640 1553 inaequalitatem,

1168 1554 1170 1558 ⁸
1220 1582 1297 1644 quae
1312 1561 1339 1623 ei
1354 1560 1512 1622 accidebat
1525 1557 1641 1622 ratione

1219 1658 1318 1713 motus
1328 1652 1448 1725 Terrae,
1465 1655 1499 1711 ut
1510 1648 1537 1710 si
1548 1648 1642 1710 Terra

1072 1818 1075 1827 .
1170 1762 1176 1843 q
1219 1739 1250 1803 in
1280 1763 1300 1801 ν
1335 1746 1476 1801 versante
1517 1739 1643 1817 planeta

1219 1828 1403 1891 inveniretur
1433 1827 1463 1889 in
1495 1826 1577 1889 linea
1598 1827 1642 1905 βυ

1218 1918 1374 2000 producta.

1309 2007 1403 2070 Porro
1436 2005 1494 2067 hac
1513 2003 1641 2067 ratione

1222 2095 1406 2177 Gopemicus
1448 2094 1544 2159 visum
1588 2110 1643 2173 per

1221 2186 1372 2249 fictionem
1405 2184 1436 2245 io
1476 2189 1586 2262 puncto
1623 2183 1644 2260 β

1222 2275 1390 2337 collocavit.
1475 2271 1642 2335 Dummodo

1220 2384 1348 2445 namque
1383 2362 1508 2444 planeta
1541 2360 1583 2423 sit
1612 2360 1644 2421 in

1221 2454 1301 2517 linea
1322 2455 1382 2531 βυ,
1413 2450 1488 2513 nihil
1515 2450 1644 2513 interest

1221 2544 1260 2605 ad
1310 2540 1525 2623 designandum
1577 2538 1642 2618 ejus

1217 2633 1314 2695 locum
1337 2633 1392 2695 sub
1415 2634 1491 2711 lixis,
1515 2636 1580 2698 sive
1603 2654 1643 2697 ex

1218 2746 1238 2786 σ
1260 2723 1447 2805 adspiciatur
1461 2725 1526 2790 sive
1549 2742 1587 2786 ex
1609 2726 1639 2804 β.

1217 2814 1333 2876 Eadem
1356 2815 1393 2875 de
1414 2813 1500 2876 lineis
1523 2817 1569 2894 βγ,
1593 2816 1614 2893 β
1621 2837 1642 2877 o

295 2910 328 2964 et
357 2899 481 2965 infinitis
512 2902 580 2965 aliis'
608 2903 639 2966 in
670 2906 956 2981 decucurreutibus
979 2924 1049 2968 vero
1074 2906 1133 2968 dici
1157 2910 1293 2986 possunt.
1344 2901 1425 2984 Ergo
1449 2911 1592 2985 punctum
1621 2906 1642 2982 β

295 2999 346 3054 est
368 3010 529 3054 concursus
552 2992 700 3056 linearum
722 2992 899 3056 visoriarum
923 2996 1052 3058 omnium
1076 3002 1107 3057 et
1130 2995 1174 3057 sio
1197 3011 1352 3056 commune
1373 3001 1515 3074 puuctum
1541 2993 1643 3056 fictum

295 3081 445 3144 visionum
468 3081 615 3144 omnium:
639 3101 672 3145 re
687 3102 761 3144 vera
783 3092 883 3147 autem
897 3085 984 3159 visio,
1010 3085 1066 3146 hoc
1084 3092 1131 3145 est
1145 3085 1247 3146 Tellus
1263 3082 1442 3143 domicilium
1461 3089 1597 3145 nostrum
1610 3083 1641 3144 in

297 3171 398 3234 circuli
426 3191 488 3250 oye
519 3172 588 3233 aliis
627 3181 718 3254 atque
747 3173 816 3236 aliis
845 3175 964 3253 punctis
995 3173 1146 3234 invenitur
1175 3172 1302 3234 diversis
1326 3171 1519 3252 temporibus.
1566 3170 1643 3234 (lum

295 3261 389 3341 igitur
412 3260 617 3324 existimasset
627 3261 820 3343 Ccpemicus,
845 3263 967 3326 liberari
977 3263 1131 3344 planetam
1149 3260 1365 3344 inaequalitate
1383 3262 1514 3323 secunda
1524 3262 1644 3342 quoties

258 3354 266 3364 ’
297 3351 390 3413 Terra
421 3357 454 3411 et
484 3351 609 3430 planeta
637 3353 840 3414 invenirentur
862 3351 892 3414 in
926 3373 984 3414 una
1008 3354 1109 3432 aliqua
1132 3352 1212 3413 linea
1235 3371 1273 3413 ex
1295 3351 1315 3427 β
1338 3359 1476 3425 exeunte,
1500 3351 1643 3430 planetae

295 3440 364 3502 loca
386 3439 454 3502 visa
478 3440 533 3502 sub
561 3440 629 3502 lixis
658 3441 697 3502 ad
720 3460 757 3500 ea
780 3449 932 3502 momenta
956 3441 1175 3521 oppositionum
1199 3442 1339 3520 planetae
1364 3458 1430 3501 cum
1453 3439 1551 3501 medio
1576 3441 1641 3502 loco

297 3528 378 3592 Solis
411 3529 616 3590 instrumentis
649 3529 873 3592 mathematicis
896 3530 1062 3609 indagavit.
1109 3530 1235 3592 Invento
1260 3531 1338 3590 enim
1362 3529 1426 3592 loco
1449 3528 1590 3610 planetae
1614 3529 1645 3590 in

297 3619 400 3700 aliqua
435 3617 567 3679 noctium
604 3617 685 3681 circa
718 3619 936 3698 oppositionem
968 3621 1109 3698 planetae
1147 3638 1213 3680 cnm
1245 3617 1332 3688 Sole,
1369 3618 1396 3678 si
1428 3627 1498 3680 tnnc
1530 3619 1645 3680 medius

298 3707 381 3770 Solis
413 3706 496 3768 locus
528 3725 583 3787 per
611 3709 758 3770 calculum
789 3709 848 3770 fuit
878 3708 1017 3770 inventus
1048 3709 1077 3770 in
1111 3715 1220 3790 puncto
1252 3705 1387 3787 praecise
1418 3708 1573 3788 opposito,
1616 3708 1644 3769 is

298 3797 356 3858 fuit
388 3796 530 3858 articulus
554 3798 714 3877 temporis:
748 3797 794 3860 sio
819 3817 856 3860 ea
878 3806 966 3859 nocte
990 3798 1087 3860 adhuc
1120 3797 1269 3859 distarent
1301 3795 1451 3870 nonnihil,
1484 3797 1645 3861 collatione

299 3887 424 3948 duarum
466 3885 514 3946 vel
550 3887 678 3968 plurium
719 3887 850 3949 boetium
891 3894 1080 3970 motuumque
1112 3887 1221 3949 Martis
1263 3892 1295 3947 et
1333 3883 1444 3948 Terrae
1476 3887 1647 3948 diurnorum

298 3974 550 4039 intercedentium
587 3983 715 4036 venatus
752 3985 800 4036 est
837 3977 915 4038 huuc
952 3975 1049 4056 ipsum
1086 3977 1243 4038 articulum
1270 3974 1415 4054 temporis
1446 3982 1477 4036 et
1503 3984 1648 4054 puuctum

300 4085 353 4128 seu
386 4064 500 4135 locum,
541 4083 629 4145 quem
656 4072 774 4126 teneret
802 4086 837 4127 eo
866 4065 992 4128 articulo
1029 4065 1162 4146 planeta.
1227 4065 1286 4128 Ubi
1321 4064 1378 4126 hoc
1409 4065 1522 4126 factum
1554 4065 1648 4126 toties

300 4161 334 4214 et
362 4153 393 4214 in
423 4161 472 4215 tot
502 4154 577 4216 locis
609 4153 742 4229 zodiaci,
780 4161 852 4235 quot
882 4155 937 4216 sibi
973 4155 1093 4236 putavit
1126 4174 1193 4217 esse
1223 4153 1378 4216 necesaria
1407 4155 1456 4226 (ut
1483 4153 1509 4214 si
1533 4153 1648 4216 factum

302 4243 412 4306 brisset
434 4241 464 4304 in
488 4245 535 4323 βγ,
559 4245 610 4322 βυ,
634 4244 703 4319 βσ),
725 4243 788 4323 jam
810 4263 866 4324 per
888 4245 963 4306 haec
985 4245 1108 4306 iuventa
1130 4245 1271 4324 planetae
1295 4243 1362 4304 loca
1379 4244 1425 4322 βγ,
1449 4245 1501 4320 βυ,
1524 4244 1570 4320 βσ
1592 4243 1648 4304 sub

301 4330 369 4395 fixis
394 4351 447 4394 seu
469 4332 500 4394 in
522 4333 646 4395 zodiaco
670 4333 770 4413 coepit
796 4335 908 4397 artilex
936 4334 1119 4416 investigare
1152 4331 1378 4415 inaequalitatis
1405 4332 1518 4412 primae
1548 4333 1647 4414 hypo-

303 4422 419 4498 thesin,
456 4429 570 4502 quanta
604 4422 743 4484 nimimm
777 4431 859 4486 esset
893 4425 1101 4487 ecceutrioitas
1131 4423 1292 4504 planetarii
1325 4421 1425 4483 circuli
1455 4443 1475 4482 a
1506 4429 1648 4502 suscepto
1705 4457 1708 4462 ,

303 4519 414 4594 puncto
436 4513 457 4590 β
480 4518 512 4573 et
533 4512 564 4572 in
588 4532 662 4595 quas
686 4511 801 4574 zodiaci
824 4521 927 4593 partes
950 4523 1089 4594 vergeret
1112 4531 1287 4594 apogaeum,
1313 4511 1495 4590 comparatis
1518 4511 1565 4573 bis
1589 4531 1647 4572 an-

304 4603 393 4682 gulis,
417 4619 491 4681 quos
514 4600 582 4662 loca
596 4601 782 4682 deprebensa
805 4604 1025 4666 conformarent
1048 4605 1077 4665 in
1101 4606 1120 4682 β
1143 4611 1246 4666 centro
1269 4600 1352 4662 visus
1374 4619 1440 4662 cum
1463 4600 1649 4682 temporibus

299 4689 568 4755 intercedentibus.
590 4687 595 4696 ’
615 4691 791 4754 Methodum
814 4699 915 4754 autem
937 4693 1023 4773 hujus
1046 4693 1159 4772 negotii
1186 4691 1265 4754 infra
1287 4709 1340 4752 suo
1365 4691 1430 4752 loco
1453 4690 1647 4771 patefaciam.

393 4781 469 4843 Esto
498 4779 563 4859 jam
594 4783 732 4844 confecta
759 4783 930 4862 pragmatio
953 4790 985 4844 et
1008 4783 1135 4864 prodeat
1166 4781 1246 4843 linea
1277 4779 1414 4862 apsidum
1438 4779 1568 4842 ecceutri
1590 4782 1649 4858 βᾶ,

307 4871 521 4937 ecceutrioitas
543 4872 648 4950 puncti
671 4872 838 4953 aequatorii
861 4875 917 4952 βᾶ,
952 4881 1085 4936 centrum
1109 4870 1268 4936 ecceutrici
1290 4871 1321 4933 in
1343 4870 1400 4932 hac
1423 4870 1503 4933 linea
1525 4871 1649 4952 ejusque
