3517 5525
279 375 344 458 452
698 383 729 442 Ῑι
747 383 930 442 (temnentem
948 390 979 442 de
996 391 1101 445 motibus
1119 343 1208 462 Martis

278 566 370 632 plicitis
382 573 408 616 et
420 565 521 639 exilibus
538 565 674 616 contortum
690 569 731 624 sit.
750 575 779 617 ut
795 567 937 619 difficillime
948 570 1025 632 possit
1043 569 1173 621 enucleari.
1202 566 1318 618 Ceterum
1333 577 1469 624 ιιιιιιιιι,
1487 577 1629 652 eaque*

279 637 345 690 tibus
363 651 490 702 apparere,
507 651 560 686 rem
577 639 676 688 minime
695 639 774 689 levana
791 638 830 690 bic
849 641 961 706 attigisse
974 637 1120 696 Fabricium,
1141 653 1243 704 eamque
1256 638 1285 688 ob
1305 651 1406 726 causam
1423 647 1467 686 ιιι
1485 637 1561 687 ιιιιι
1571 637 1631 700 eju

279 723 335 760 anm
353 709 479 758 schemate
497 703 556 768 (21)
574 711 726 772 proposuisse
744 725 768 772 p
787 709 831 766 85.
848 719 967 775 qnantum
986 711 1037 762 fieri
1056 712 1143 774 potuit.

352 777 439 843 iiip.
461 777 518 828 127.
550 778 625 829 Filius
642 781 799 831 bicFabricii
818 781 929 832 Joannes
949 789 1000 831 turn
1019 781 1215 844 temporalitatis
1234 793 1332 844 operam
1350 779 1428 830 dabat
1443 778 1627 844 Wrttebergas,

279 852 347 902 unde
363 851 427 900 adiit
444 851 577 914 Keplernm
596 864 639 915 per
666 853 750 902 literas
768 850 805 914 (d.¹
823 853 847 902 d.
870 853 910 902 11.
930 853 1002 904 Μιιι
1026 849 1121 914 1608),
1148 853 1295 917 praedicans
1321 855 1373 914 ejus
1400 852 1501 900 inventa
1520 857 1546 899 et
1563 863 1627 914 qua·

279 923 408 974 damtenm
427 923 502 987 patris
521 923 600 971 verbis
618 937 771 988 repugnans:
799 923 873 982 ..Vidi
893 926 958 988 apud
975 931 1104 989 parantem
1122 937 1206 974 reram
1223 930 1292 972 tuam
1310 930 1390 972 motus
1409 921 1496 971 Martis
1514 920 1629 970 delinea-

279 995 387 1051 tionem
414 993 457 1043 sed
475 994 515 1042 rix
533 993 624 1057 aliquid
642 1001 786 1057 extorqueo,
815 997 925 1059 quamvis
944 995 1092 1060 descriptam
1109 995 1250 1045 habuerim.
1278 996 1348 1057 cujus
1372 1000 1458 1044 tamen
1481 1007 1532 1041 non
1556 991 1629 1056 potui

277 1065 332 1115 nari
348 1066 478 1128 particeps.
509 1064 565 1114 Hoc
581 1074 666 1116 tamen
683 1065 769 1115 vidiat
786 1067 891 1129 ipsemet
903 1075 1016 1132 expertus
1029 1081 1091 1121 sum.
1110 1067 1173 1132 quod
1191 1066 1251 1116 nihil
1270 1079 1333 1128 pene
1346 1079 1363 1114 a
1375 1066 1437 1114 veris
1449 1063 1627 1113 observationi-

279 1137 325 1188 bus
346 1136 475 1189 exorbitet.
495 1137 564 1199 cujas
582 1139 617 1185 rei
634 1136 768 1201 periculum
779 1138 827 1187 ieci
845 1139 871 1187 in
885 1138 1091 1188 observationibus
1105 1134 1120 1186 3
1134 1138 1326 1188 accuratioribus
1338 1143 1364 1186 at
1376 1151 1406 1186 ex
1418 1135 1517 1184 officina
1528 1133 1627 1197 Tycbo·

280 1207 540 1265 recommonens
556 1207 582 1256 ln
601 1208 682 1271 patria
698 1221 814 1263 morarer.
845 1207 947 1274 Scripsit
964 1223 1053 1274 parens
1072 1209 1104 1258 ad
1121 1225 1170 1264 me.
1189 1208 1253 1273 quod
1271 1207 1326 1258 'lua
1342 1207 1502 1256 Praestantia
1518 1205 1628 1255 libellum

280 1277 312 1359 de
329 1287 396 1328 motu
414 1279 502 1328 Martis
512 1278 585 1328 orali
602 1278 699 1330 editura
715 1280 747 1329 ιιι
764 1279 855 1330 brari.“

351 1349 408 1400 iam
435 1364 506 1407 sero.
532 1356 562 1398 ιι
579 1364 635 1400 rere
661 1357 748 1401 natum
765 1351 810 1401 tali
828 1355 899 1414 patre
926 1361 1062 1416 agnoscas.
1091 1351 1239 1417 astrologica
1265 1355 1362 1399 tantum
1389 1354 1504 1413 spectaui
1531 1348 1626 1430 pergit·

283 1420 398 1482 ..Nescio
416 1435 448 1471 an
466 1427 547 1475 motus
565 1423 628 1472 ratic
646 1437 698 1474 uua
718 1437 774 1473 cnm
792 1422 881 1473 ιιιιιιι
899 1437 1011 1486 processo
1036 1423 1149 1477 addatur.
1168 1421 1232 1486 qnod
1251 1421 1362 1485 equidem
1379 1425 1488 1484 optarem
1505 1415 1626 1468 maximo·

281 1507 349 1558 pare.
368 1499 435 1542 utet
452 1493 478 1542 ιι
497 1492 650 1558 ιιιιοιοςιιιι
661 1494 762 1544 ιιιιιιι
778 1493 858 1546 metu
876 1495 918 1545 via
929 1493 962 1544 ad
979 1493 1180 1544 internoscendas
1199 1507 1290 1542 errores
1304 1491 1462 1541 directionum
1476 1497 1502 1540 et
1522 1489 1626 1539 aliarum

280 1578 468 1628 rerumquae
486 1565 674 1614 omniamodis
692 1571 719 1615 et
735 1577 827 1616 manca
842 1573 902 1615 aunt
920 1566 973 1616 sina
998 1579 1057 1616 vera
1073 1566 1229 1628 planetarum
1246 1565 1409 1614 restitutione
1446 1559 1503 1612 Non
1528 1573 1627 1624 possum

281 1643 366 1687 autern
383 1650 466 1685 meum
482 1635 608 1686 ιιιιιιιιι
626 1637 731 1686 reticere
748 1636 780 1688 da
797 1649 856 1687 rara
873 1642 1048 1700 tempestatum
1065 1637 1245 1700 praedictione.
1274 1637 1346 1697 cujru
1361 1645 1445 1684 reram
1462 1633 1582 1682 rationem
1600 1637 1629 1684 ιι

280 1707 393 1762 modum
398 1707 576 1791 adpetentem
594 1709 724 1757 ιιιιιιιιιι.
743 1709 784 1772 qni
800 1707 865 1757 illins
882 1709 1012 1759 ιιιιιιιιιιι
1025 1707 1176 1771 experientia
1188 1707 1359 1771 comprobarit.
1391 1703 1440 1754 Hic
1458 1703 1544 1754 modus
1562 1703 1628 1754 adeo

280 1774 413 1827 infallibilis
432 1785 481 1836 est.
500 1783 530 1826 ιι
546 1779 569 1827 ιι
585 1778 624 1828 rel
642 1785 777 1843 quaternae
794 1780 883 1829 fierent
899 1795 950 1829 uno
962 1781 1001 1830 dre
1019 1779 1167 1832 mutationes
1179 1779 1252 1832 atris
1269 1789 1395 1842 nunquam
1412 1782 1496 1826 tanuen
1514 1775 1627 1856 inprae-

281 1847 385 1903 diceudo
403 1850 456 1911 qnia
475 1850 579 1900 aberret.
609 1848 746 1900 Ventorum
763 1851 854 1900 notitia
871 1856 898 1900 ιι
916 1851 1039 1900 conversio
1053 1865 1136 1898 eornm
1154 1855 1274 1914 perpetua
1290 1847 1449 1900 infallibiliter
1461 1845 1628 1931 cognoscitur.

281 1919 344 1972 adeo
361 1926 390 1968 ιι
407 1934 457 1968 nou
474 1921 535 1969 satis
552 1916 608 1971 Deo
625 1923 761 1987 gratiam
779 1935 855 1988 agere
872 1927 1006 1986 queamus‘t
1027 1919 1072 1971 dc.

371 1985 1625 2056 AdquaeKepleros..postd.10.Nor.ibtt‘ueeponditiiteris.quasintegrashicadjunqi·

280 2076 343 2123 ιιιι,
362 2076 418 2112 cum
436 2076 466 2112 ex
483 2071 553 2126 parte
570 2063 668 2129 ιιιιιιι
686 2064 774 2114 eadem
790 2065 907 2122 raiersnt,
926 2078 989 2131 quae
1007 2063 1153 2128 Keplerus'
1146 2079 1171 2112 ru
1189 2061 1350 2126 superiormns
1369 2061 1427 2126 egit

359 2135 387 2190 S.
402 2136 433 2192 P.
447 2137 482 2190 D.
512 2137 587 2200 Quas
602 2139 637 2191 ad
651 2155 694 2192 rna
707 2137 805 2192 dedisti
818 2139 915 2192 literas
932 2139 977 2193 il.
993 2139 1076 2191 Mart.
1109 2127 1215 2191 ia'brici
1230 2134 1392 2196 doctissime.
1412 2149 1462 2187 eae
1480 2129 1508 2185 in
1529 2132 1626 2186 turbu·

279 2215 433 2270 lentissima
452 2223 578 2309 tempora
597 2217 756 2273 inciderunt.
790 2219 912 2272 iurebat
926 2218 997 2273 enirn
1017 2218 1126 2288 publice
1146 2218 1231 2279 biars,
1252 2216 1323 2269 domi
1342 2230 1408 2267 vero
1422 2229 1501 2269 meae
1515 2213 1624 2281 Venua3

281 2295 436 2366 privignam
457 2297 529 2351 euim
549 2297 691 2352 elocabam
711 2302 742 2350 et
761 2297 918 2367 nuptiarum
939 2305 1078 2367 apparatu
1100 2297 1191 2352 omnia
1219 2297 1440 2366 perstrepebant.
1481 2292 1546 2351 Noli
1570 2291 1626 2345 ita·

282 2392 335 2448 qne
354 2375 455 2440 mirari,
476 2377 547 2447 quod
568 2377 676 2431 illarum
696 2394 754 2432 sum
776 2377 887 2432 oblitus.
921 2378 1085 2445 Abjereram
1106 2377 1169 2432 illas
1190 2393 1274 2446 super
1294 2374 1454 2429 msclculum
1472 2375 1625 2435 literarum.

282 2471 350 2527 quas
371 2469 390 2510 a
409 2461 457 2509 tuo
471 2464 588 2525 parente
608 2458 699 2511 habeo
713 2457 899 2512 creberrimas.
933 2458 989 2511 Vix
1009 2459 1120 2511 tandem
1134 2459 1169 2511 ad
1188 2474 1231 2511 me
1252 2472 1366 2527 meaque
1381 2453 1472 2509 studia
1487 2468 1628 2516 reversus,

282 2553 343 2589 cum
362 2536 447 2589 etiam
466 2541 548 2605 pater
564 2532 631 2590 'tuus
653 2537 868 2606 pertinacissime
889 2538 995 2591 instans
1022 2545 1162 2607 rumperet
1181 2537 1292 2590 tandem
1312 2535 1468 2590 diuturnum
1488 2531 1627 2588 silentium

280 2631 378 2678 meum.
400 2622 465 2669 tuae
479 2615 551 2672 inter
571 2617 677 2685 patrina
697 2618 762 2671 mihi
777 2623 953 2672 occurrerunt
973 2618 1055 2688 plane
1076 2635 1174 2672 novae.
1211 2617 1276 2670 Cum
1296 2621 1412 2687 parente
1427 2624 1475 2670 tuo
1488 2616 1625 2669 hactenus

282 2694 331 2769 egi
359 2701 391 2748 ιι
411 2711 471 2748 curu
498 2696 610 2768 aequali
634 2704 664 2750 et
692 2704 800 2752 tantum
828 2715 883 2752 non
910 2715 969 2752 curn
997 2697 1137 2768 discipulo.
1180 2695 1231 2760 Qui
1260 2705 1404 2771 postquam
1435 2713 1506 2750 nunc
1534 2691 1627 2764 prodit

285 2775 407 2845 stipatus
434 2776 490 2830 filio
520 2778 643 2832 acerrimi
672 2779 775 2849 ingenii
802 2796 853 2832 nec
882 2795 971 2849 parua
991 2779 1074 2835 etiam
1095 2778 1257 2833 inventionis
1276 2780 1417 2851 cujusdam
1441 2772 1626 2833 nobilissimae

281 2854 382 2929 gloria,
399 2856 551 2911 merebitur
571 2857 599 2912 in
614 2864 759 2928 ‘posterum
779 2859 909 2929 madorem
925 2876 942 2913 a
956 2876 998 2913 me
1018 2860 1231 2915 venerationem.
1266 2860 1304 2913 Et
1324 2875 1450 2930 cuperem
1469 2856 1625 2930 eradicator

282 2952 320 2993 ex
341 2935 408 2990 meis
429 2937 573 3008 adipsum
594 2938 681 2993 literis
695 2937 815 3009 pueriles
836 2939 914 2993 nimis
931 2939 1025 3007 jocos:
1044 2940 1104 3007 jam
1119 2940 1189 2993 enirn
1204 2954 1342 2994 censorem
1362 2940 1447 2993 filiurn
1460 2950 1625 3007 expavesco.

362 3014 562 3071 commentaria
581 3035 644 3071 mea
656 3020 690 3074 de
704 3019 802 3082 Marte,
824 3020 970 3090 dequibus
991 3020 1109 3089 quaeris,
1127 3018 1187 3089 jam
1208 3020 1282 3072 ultra
1296 3036 1396 3075 annum
1416 3020 1533 3073 haerent
1551 3014 1626 3085 apud

282 3096 488 3170 typographum
498 3098 702 3170 Heidelbergne
716 3116 776 3153 cum
801 3100 893 3154 formis
908 3100 1007 3172 ligneis
1022 3108 1052 3155 et
1064 3099 1196 3169 pecunia:
1212 3099 1281 3152 mira
1294 3116 1360 3153 sune
1376 3101 1487 3153 fortuna
1501 3099 1625 3152 laborum

281 3193 425 3249 rerumque
454 3182 587 3233 mearum!
608 3208 650 3218 —
668 3179 754 3234 Ιιιοιι
782 3198 890 3244 censes.
921 3181 1034 3234 eandem
1062 3197 1113 3250 per
1140 3196 1231 3234 omnes
1261 3179 1391 3249 planetas
1421 3196 1482 3233 esse
1511 3178 1625 3232 formam

280 3256 483 3331 hypothesium.
504 3258 676 3316 ιιιίιιιιιιιι
698 3259 907 3331 quantitatibus.
946 3262 1041 3331 itaque
1061 3260 1155 3314 sidere
1175 3259 1254 3329 cupio
1276 3266 1339 3315 tuas
1354 3262 1387 3315 de
1397 3257 1529 3315 'Mercurii
1550 3254 1625 3327 cogi·

281 3337 401 3393 tationes
413 3338 564 3409 'multoque
583 3340 674 3412 magis
695 3342 730 3393 de
742 3340 831 3403 Luna,
853 3358 924 3411 qnae
945 3342 1006 3395 sola
1019 3340 1082 3411 quid
1102 3340 1242 3411 peculiare
1261 3340 1366 3395 habere
1386 3334 1520 3397 hactenus
1540 3334 1626 3391 credi·

280 3424 336 3481 tur.
357 3416 409 3471 nisi
429 3426 460 3473 ιι
479 3418 629 3488 simplicem
652 3414 699 3489 (ut
717 3420 817 3484 refers)
831 3422 1008 3490 persuadeas.
1038 3421 1118 3492 Rogo
1132 3430 1164 3474 ut
1184 3419 1216 3474 iis
1237 3438 1279 3474 me
1300 3420 1449 3491 impertias.
1484 3416 1626 3473 Neminem

202 3566 206 3572 ν
281 3497 353 3553 enim
375 3496 512 3553 hominum
534 3500 760 3558 contemnendum
785 3502 854 3554 duco
874 3518 975 3570 nuper.
997 3507 1141 3569 postquam
1161 3499 1189 3553 in
1209 3500 1296 3555 literis
1317 3502 1405 3573 patris
1419 3500 1461 3553 tui
1474 3495 1626 3553 diutissime

281 3578 418 3649 neglectio
449 3578 586 3649 etiamque
606 3579 749 3635 contemtis
778 3581 813 3633 ob
843 3581 1012 3639 schematum
1032 3580 1142 3635 oculare
1169 3578 1276 3644 sitium,
1306 3598 1343 3636 ex
1364 3581 1504 3651 insperato
1533 3574 1625 3631 inveni

281 3658 449 3730 hypothesin
478 3676 532 3712 non
552 3659 633 3728 parri
652 3658 792 3714 momenti:
823 3676 894 3730 quae
917 3677 971 3715 uns
991 3676 1083 3713 omnes
1108 3676 1183 3714 meas
1204 3662 1406 3729 speculationes
1434 3658 1569 3714 transfert
1596 3656 1626 3711 ιι

255 3789 258 3797 ,
281 3738 366 3794 aliam
386 3740 507 3802 formam,
529 3744 657 3795 manente
678 3739 784 3811 quidem
805 3740 879 3794 ornli
899 3740 997 3794 itinere
1017 3739 1155 3793 tarditatis
1176 3738 1361 3811 inaequalia·

214 3882 217 3887 ¹
361 3820 405 3873 De
426 3825 620 3889 tempestatum
640 3820 827 3890 praedictione
847 3826 980 3890 exspecto
1001 3820 1139 3873 inventum
1160 3826 1250 3884 tuum,
1273 3822 1343 3892 quod
1363 3820 1445 3875 valde
1472 3834 1570 3873 vereor
1588 3834 1627 3870 ne

282 3899 346 3971 plus
361 3900 468 3953 habeat
483 3898 615 3967 juvenilis
635 3900 749 3955 ferroris
769 3916 849 3971 quam
868 3900 1009 3955 veritatis:
1030 3900 1110 3971 idque
1131 3906 1209 3955 tanto
1224 3902 1322 3973 magis,
1344 3906 1446 3972 quanto
1467 3906 1497 3953 tu
1517 3896 1624 3968 specia-

282 3978 354 4033 liora
372 3996 409 4032 ex
429 3997 462 4032 co
484 3985 512 4033 te
532 3980 691 4049 praedicere
710 3997 792 4050 posse
813 3997 918 4050 speras.
953 3981 1029 4043 Quod
1051 3980 1121 4035 enim
1142 3980 1207 4035 mihi
1228 3997 1311 4051 super
1331 3982 1385 4035 hoc
1403 3978 1516 4051 negotio
1536 3977 1632 4033 visum

284 4074 392 4127 semper
411 4058 479 4122 tric,
509 4057 612 4129 idjam
632 4062 718 4114 multo
738 4062 856 4114 maxime
883 4060 1003 4123 ridetur.
1034 4066 1179 4132 postquam
1204 4059 1274 4114 idern
1302 4070 1367 4115 ante
1392 4060 1466 4115 1800
1489 4075 1575 4113 annos
1595 4064 1625 4111 et

283 4137 407 4200 Gemino.
427 4139 456 4192 iri
475 4139 717 4208 oniusqlectionem
738 4157 826 4209 nuper
843 4140 934 4205 incidi,
955 4140 1042 4194 ιιιιιι
1063 4140 1148 4195 fuisse
1168 4139 1256 4196 rideo.
1299 4142 1396 4213 ltaque
1417 4147 1467 4193 aut
1483 4138 1549 4193 mihi
1568 4137 1624 4193 tuis

281 4216 400 4273 inventia
421 4227 542 4288 praesta.
563 4225 596 4273 ιι
615 4220 698 4275 ιιιιιι
716 4220 851 4285 videatur,
872 4228 923 4276 aut
943 4237 962 4273 a
980 4236 1023 4275 me
1044 4228 1179 4290 exspecta
1198 4236 1293 4277 sanum
1316 4220 1468 4283 consilium.
1491 4236 1544 4290 quo
1564 4218 1623 4273 inu·

284 4296 327 4352 tili
345 4298 442 4351 labore
463 4296 542 4371 (quia
561 4294 743 4375 impossibile)
763 4291 910 4357 libereris(
936 4300 1013 4355 Nihil
1043 4302 1114 4355 enim
1143 4308 1171 4355 te
1193 4300 1290 4355 celabo
1311 4318 1418 4365 ιοιιιι,
1450 4316 1520 4371 quae
1549 4298 1624 4355 vite·

282 4380 386 4434 buntur
405 4381 516 4452 cognito
536 4379 646 4435 invento
666 4387 723 4436 tuo

363 4458 435 4512 Vale
455 4466 485 4514 et
504 4460 596 4533 siqua
614 4460 789 4532 rescripseris
809 4478 883 4525 cura
906 4466 938 4514 ut
958 4462 992 4515 ad
1013 4461 1115 4516 curiam
1136 4461 1363 4516 eoelestiaaticam
1377 4462 1513 4517 Dresdarn
1532 4465 1623 4514 ιιιιι-

283 4532 435 4595 mittantur.

371 4615 418 4667 Hir
444 4618 544 4683 Kapleri
573 4620 781 4672 adhortationibus
811 4627 892 4669 motus
916 4618 1044 4671 iohannes
1072 4574 1191 4683 abjecisse
1218 4620 1313 4671 ridetur
1341 4620 1522 4679 „inventionem
1553 4632 1624 4668 snam

285 4688 470 4741 admirandam“
491 4686 572 4751 (nulla
588 4699 656 4743 came
674 4698 755 4741 enatat
772 4692 881 4754 ejusdem
899 4692 1022 4755 responsio
1041 4691 1074 4741 ad
1090 4692 1175 4741 literas
1193 4692 1352 4755 praemissas,
1379 4706 1459 4757 neque
1477 4690 1546 4741 nobis
1564 4704 1623 4741 con·

285 4767 352 4821 atat.
377 4777 436 4812 num
457 4760 570 4826 publici
561 4764 622 4825 Jnris
640 4762 731 4828 aliquid
747 4762 778 4812 da
795 4762 833 4811 his
850 4759 962 4822 iecerit).
991 4768 1018 4813 et
1034 4777 1143 4813 reversus
1171 4762 1203 4812 sd
1221 4769 1315 4825 patrem
1343 4764 1510 4813 ιιιιιιιιιιιιι
1537 4760 1623 4811 studu-

284 4834 334 4884 lsae
361 4834 581 4891 obsemtonibm.
607 4842 677 4897 patre
695 4834 722 4884 in
738 4832 777 4883 hia
798 4834 859 4883 duce
877 4834 1094 4897 praestantissimo.
1125 4832 1232 4883 Detecto
1251 4840 1303 4883 tum
1321 4835 1435 4898 temporis
1454 4833 1512 4885 tubo
1533 4834 1623 4897 oph'co.

283 4905 396 4956 maculas
408 4904 505 4957 Solaras
522 4906 612 4969 primus
631 4905 756 4971 conspexit
766 4903 893 4955 iohannes
905 4926 940 4937 -
952 4919 1017 4955 anno
1037 4902 1102 4953 1611
1117 4928 1151 4939 -
1169 4919 1230 4969 quas
1248 4906 1360 4955 detectas
1372 4904 1474 4956 volu.
1485 4921 1511 4972 p.
1524 4902 1575 4959 sto
1588 4918 1622 4960 aa·

283 4976 392 5052 pluribus
409 4978 543 5037 ιιιιιιιιιι
579 4975 705 5035 uocum
721 4976 796 5031 salem
813 4975 890 5033 turm
907 4982 979 5043 pater
996 4976 1022 5029 ia
1039 4974 1197 5053 ngooetim
1215 4978 1241 5031 ιι
1260 4990 1351 5035 tutum
1371 4973 1447 5031 stis.
