3517 5525
144 471 148 478 .
258 403 323 478 302
739 413 779 464 no
797 411 905 466 unetos
923 409 1017 464 sanas
1034 381 1145 463 utum

256 596 347 670 prout
372 589 494 671 propior
524 591 573 653 vel
604 592 748 655 remotior
770 594 905 666 aTerra
928 591 1033 667 fuerit,
1066 598 1098 652 et
1130 589 1174 652 sic
1196 587 1300 652 Solem
1326 609 1346 650 a
1367 588 1463 650 Terra
1491 583 1609 648 moveri

258 687 441 761 sequeretur.
479 679 532 743 Sin
556 687 656 743 autem
670 683 764 744 Terra
782 692 928 759 movetur,
952 705 971 744 a
993 680 1066 744 Sole
1089 687 1120 741 et
1141 679 1209 760 ipsa
1232 696 1347 761 quoque
1370 676 1549 750 movebitur,
1573 682 1607 736 et

261 767 292 829 id
315 767 442 830 celerius
465 769 514 830 vel
533 770 659 846 tardius,
683 779 771 852 prout
793 771 962 854 ei'propior
984 778 1037 832 aut
1059 770 1147 832 abeo
1171 768 1312 830 remotior
1334 766 1444 828 fuerit:
1467 771 1608 826 manente
1648 792 1656 806 ·

259 856 290 920 iu
314 876 437 940 corpore
457 858 540 921 Solis
563 859 673 942 virtute
696 869 839 943 perpetuo
863 868 1031 926 constante.
1068 860 1174 941 ltaque
1197 856 1351 932 interduo
1366 857 1431 936 jam
1452 852 1611 936 proposita

257 946 386 1010 medium
407 947 520 1009 nullum
543 954 599 1010 est.
1310 983 1313 989 ,

345 1036 412 1116 Ego
436 1036 466 1097 iu
482 1033 648 1118 Copernico
672 1040 841 1120 acquiesco,
865 1048 897 1103 ot
910 1041 1063 1103 Tellurem
1085 1057 1173 1100 unam
1196 1055 1234 1096 ex
1252 1031 1384 1113 planetis
1407 1049 1475 1094 esse
1496 1030 1607 1112 patior.

259 1126 306 1188 Ao
330 1125 389 1187 etsi
412 1125 448 1186 de
475 1126 562 1188 Luna
590 1127 668 1190 idem
695 1129 797 1209 potest
819 1129 909 1212 objici
932 1129 1115 1210 Copernico,
1148 1125 1227 1207 quod
1248 1123 1285 1184 de
1312 1123 1442 1203 quinque
1474 1119 1608 1200 planetis
1644 1168 1648 1176 .

261 1233 317 1294 ego
351 1214 447 1294 objeci
474 1215 624 1297 Tychoui,
657 1212 736 1298 quod
769 1216 886 1286 scilicet
917 1219 1080 1280 absurdum
1111 1215 1264 1288 videatur,
1295 1214 1413 1274 Limam
1440 1229 1460 1271 a
1486 1209 1608 1271 Tellure

260 1303 389 1378 moveri,
412 1313 626 1386 praetereaque
649 1306 693 1368 illi
717 1308 909 1372 concatenari
930 1315 963 1369 et
985 1304 1134 1388 copulari,
1163 1303 1207 1366 sic
1229 1311 1264 1366 ut
1286 1297 1463 1363 secundario
1485 1305 1517 1359 et
1539 1297 1608 1379 ipsa

260 1393 340 1456 circa
362 1392 465 1456 Solem
488 1415 507 1455 a
529 1393 601 1456 Sole
625 1395 775 1476 rapiatur:
810 1398 890 1460 malo
912 1405 1015 1459 tarum
1036 1414 1128 1457 unam
1150 1395 1276 1465 Lunam,
1299 1388 1415 1453 Telluri
1437 1393 1607 1467 cognatam,

259 1482 455 1564 dispositione
479 1485 612 1564 corporis
636 1486 738 1558 (utin
761 1485 879 1566 Opticis
902 1469 1120 1560 demonstravi)
1144 1480 1322 1545 movendam
1343 1477 1517 1560 permittere
1541 1475 1606 1537 vir-

257 1571 315 1634 tuti
338 1571 368 1632 in
391 1572 485 1633 Terra
510 1573 643 1649 sedenti,
676 1582 818 1637 extensae
842 1595 914 1638 vero
941 1572 1048 1637 versus
1070 1573 1187 1648 Solem,
1220 1578 1254 1633 ut
1280 1570 1371 1652 paulo
1397 1573 1469 1647 post
1490 1566 1608 1628 dicetur

260 1660 358 1743 capite
372 1661 541 1736 XXXVII,
561 1682 648 1743 quam
672 1657 768 1730 eidem
791 1666 904 1727 Terrae
927 1665 1018 1727 etiam
1034 1663 1117 1728 Solis
1140 1662 1226 1745 eique
1249 1660 1454 1740 copulatorum
1477 1655 1608 1718 omniurn
1673 1671 1678 1686 ·

257 1749 445 1830 planetarum
468 1759 566 1813 motus
585 1754 812 1816 transscribere.

346 1839 408 1902 Sed
430 1858 590 1921 pergamus
613 1841 644 1903 in
667 1844 920 1925 contemplatione
943 1843 1030 1925 hujus
1052 1842 1083 1904 in
1102 1840 1175 1904 Sole
1197 1835 1358 1900 residentis
1383 1831 1518 1896 motricis
1541 1833 1628 1895 vir--

259 1929 342 2002 tutis,
368 1935 399 1990 et
417 1928 482 2008 jam
496 1949 585 2010 porro
609 1930 764 1995 videamus
788 1933 990 1995 arctissimam
1013 1931 1078 2012 ejus
1102 1949 1168 1993 cum
1182 1929 1250 1991 luce
1273 1925 1493 2005 cognationem.
1526 1922 1607 1985 Nam
1699 1937 1705 1946 ·

259 2017 328 2098 quia
355 2019 517 2097 figurarum
545 2021 727 2100 regularium
760 2023 900 2085 similium
934 2024 1067 2104 adeoque
1091 2029 1123 2081 et
1145 2017 1324 2082 circulorum
1354 2011 1509 2095 perimetri
1537 2020 1610 2073 sunt

260 2108 299 2168 ad
313 2107 449 2182 invicem,
476 2109 519 2170 uti
535 2128 637 2171 earnm
653 2110 886 2187 semidiametri;
910 2131 980 2192 ergo
996 2119 1031 2174 ut
1053 2115 1096 2174 ad
1115 2109 1154 2170 ad
1176 2130 1216 2170 uo
1244 2112 1309 2180 (th.
1328 2108 1386 2174 ⁸5).
1409 2103 1453 2165 Sic
1477 2100 1608 2163 ambitus

259 2195 364 2257 circuli
386 2215 439 2276 per
463 2203 480 2258 d
503 2217 540 2258 ex
564 2223 584 2260 α
607 2200 775 2281 descriptus
800 2202 838 2262 ad
861 2201 1005 2263 ambitum
1029 2199 1133 2262 circuli
1156 2216 1210 2278 per
1229 2218 1243 2258 a
1266 2212 1303 2255 ex
1326 2192 1432 2256 eodem
1447 2213 1467 2252 α
1490 2189 1607 2271 scripti.

259 2285 304 2348 Ut
325 2292 423 2346 autem
447 2293 491 2348 αδ
513 2287 552 2351 ad
575 2310 631 2362 ae,
657 2290 700 2350 sic
729 2290 873 2352 fortitudo
896 2291 1017 2353 virtutis
1040 2293 1071 2350 in
1094 2311 1108 2349 a
1131 2288 1171 2348 ad
1198 2283 1403 2348 fortitudinem
1432 2279 1554 2343 virtutis
1577 2277 1608 2339 iu

260 2371 277 2435 d
299 2374 467 2436 conversim
495 2395 549 2457 per
577 2377 783 2440 demonstrata
811 2379 919 2460 capitis
941 2378 1077 2443 XXXII.
1124 2375 1205 2455 Ergo
1227 2380 1262 2435 ut
1289 2371 1419 2433 circulus
1441 2377 1461 2431 ὕ
1482 2368 1521 2430 ad
1544 2368 1607 2430 cir·
1714 2407 1720 2429 ι

163 2467 167 2476 “
260 2463 388 2526 culuma
410 2466 623 2542 angustiorem,
649 2469 691 2526 ita
715 2467 810 2530 virtus
829 2493 843 2530 a
867 2469 906 2530 ad
928 2469 1103 2531 virtutemd
1125 2464 1310 2526 conversim:
1333 2461 1390 2523 hoc
1413 2468 1470 2535 est,
1495 2465 1608 2540 quanto

260 2552 394 2632 sparsior
418 2554 524 2628 virtuS,
549 2563 632 2615 tanto
656 2556 852 2619 imbecillior:
878 2567 911 2618 et
929 2568 1033 2620 contra
1056 2561 1169 2638 quanto
1193 2551 1359 2626 collectior,
1381 2557 1467 2611 tanto
1491 2546 1607 2609 fortior.

260 2640 339 2702 Hinc
362 2640 568 2722 intelligimus,
593 2645 767 2706 tantundem
790 2647 913 2709 virtutis
938 2667 1006 2709 esse
1029 2646 1060 2706 in
1075 2645 1215 2707 universo
1239 2640 1352 2704 ambitu
1375 2637 1479 2700 circuli
1501 2655 1556 2718 per
1579 2640 1607 2710 t,

262 2731 455 2811 quantumin
480 2725 592 2795 ambitu
620 2735 804 2815 angustioris
831 2736 936 2799 circuli
962 2755 1017 2818 per
1039 2753 1072 2811 ις
1100 2733 1180 2816 qnod
1206 2731 1237 2794 in
1261 2730 1372 2811 Optioa
1393 2723 1608 2790 Astronomiae

262 2827 349 2900 parte
371 2821 471 2901 capite
498 2823 594 2903 primo
622 2823 711 2905 plane
735 2825 765 2886 in
789 2828 916 2889 eundem
944 2826 1062 2889 modum
1086 2832 1118 2885 et
1140 2823 1177 2884 de
1199 2823 1265 2884 lnce
1289 2822 1525 2885 demonstratum
1548 2822 1606 2876 est.

258 2909 340 2988 Ergo
363 2910 553 2992 undiquaque
577 2914 752 2993 conspirant
774 2916 911 2977 omnibus
934 2914 1089 2978 attributis
1104 2914 1155 2975 lux
1175 2919 1213 2974 et·
1224 2910 1320 2972 virtus
1342 2907 1455 2970 motrix
1470 2924 1508 2967 ex
1524 2903 1606 2966 Sole.

346 3000 388 3060 Et
410 3001 546 3081 quamvis
568 3002 644 3063 haec
668 3004 750 3067 Solis
773 3004 825 3066 lux
847 3005 944 3067 virtus
971 3006 1040 3085 ipsa
1066 3021 1191 3065 movens
1214 3018 1282 3062 esse
1305 3004 1450 3079 nequeat,
1482 2994 1608 3055 videant

258 3095 359 3149 tamen
383 3088 452 3164 alii,
485 3098 583 3153 utrum
607 3100 674 3153 sese
697 3090 815 3157 habeat‘
831 3094 883 3156 lux
906 3095 1003 3157 instar
1030 3089 1221 3156 instrumenti
1244 3096 1297 3150 aut
1318 3084 1448 3149 vehiculi
1476 3084 1608 3145 fortasse

260 3176 425 3257 cujusdam,
449 3200 507 3261 quo
530 3180 626 3242 virtus
649 3200 773 3245 movens
795 3190 907 3247 utatur.

351 3267 566 3331 Contradicere
600 3270 718 3353 quidem
750 3273 824 3334 haec
856 3273 1013 3335 videntur:
1049 3269 1175 3351 primum
1210 3266 1262 3328 lux
1293 3264 1396 3345 opacis
1431 3260 1591 3343 impeditur
1598 3281 1609 3337 ;

261 3376 352 3439 quare
376 3356 402 3417 si
425 3358 521 3421 lucem
551 3358 647 3421 virtus
670 3378 794 3423 movens
822 3363 948 3445 haberet
969 3382 1023 3442 pro
1046 3358 1201 3431 vehiculo,
1232 3354 1373 3416 tenebras
1401 3350 1609 3432 insequeretur

262 3446 346 3527 quies
369 3446 538 3509 mobilium:
564 3467 682 3512 rursum
705 3450 757 3511 lux
780 3453 871 3513 rectis
895 3452 987 3513 effluit
1010 3448 1226 3520 orbiculariter,
1250 3444 1346 3505 virtus
1368 3460 1492 3503 movens
1515 3439 1608 3502 rectis

262 3536 388 3616 quidem,
414 3536 467 3598 sed
490 3536 691 3611 circulariter,
713 3538 769 3600 hoc
794 3549 841 3602 est
864 3542 894 3601 in
916 3560 1005 3602 unam
1028 3546 1144 3600 tantum
1167 3534 1289 3619 plagam
1312 3530 1414 3593 mundi
1437 3530 1475 3591 ab
1499 3548 1609 3591 occasu

263 3624 293 3685 iu
317 3632 415 3687 ortum
439 3626 557 3699 nititur,
591 3646 651 3688 non
675 3634 796 3704 contra,
827 3649 887 3691 non
910 3630 949 3691 ad
971 3629 1058 3709 polos
1083 3633 1140 3688 etc.
1186 3624 1248 3687 Sed
1269 3621 1453 3701 respondere
1476 3618 1608 3683 fortasse
1698 3660 1703 3667 -

261 3714 425 3793 poterimus
449 3715 488 3775 ad
511 3716 566 3775 has
590 3716 773 3795 objectiones
795 3719 930 3799 proxime
954 3717 1148 3799 sequentibus
1171 3712 1329 3794 capitibus.

350 3804 485 3885 Denique
519 3821 585 3865 curn
614 3808 789 3869 tantundem
821 3808 943 3869 virtutis
975 3808 1017 3869 sit
1047 3806 1078 3867 in
1110 3804 1209 3885 amplo
1240 3810 1271 3862 et
1302 3796 1455 3863 remotiori
1487 3797 1608 3871 circulo,

264 3899 405 3972 quantum
437 3894 468 3954 in
501 3894 666 3973 angustiori
690 3903 720 3957 et
751 3898 927 3979 propinquo,
958 3896 1033 3959 nihil
1062 3896 1152 3974 igitur
1180 3893 1271 3973 periit
1293 3890 1330 3950 de
1352 3889 1410 3950 hac
1439 3887 1550 3949 virtuts
1577 3886 1611 3949 in

262 3980 369 4041 itinere
394 4000 431 4043 ex
454 3984 535 4045 fonte
560 4002 629 4059 suo,
663 3984 737 4046 nihil
760 3988 839 4048 inter
861 3988 974 4048 fontem
996 3992 1027 4047 et
1048 3982 1157 4046 mobile
1181 3982 1350 4061 dispersum
1372 3984 1428 4040 est.
1474 3976 1610 4038 Effluxus

263 4070 369 4148 igitur,
403 4072 650 4151 quemadmodum
674 4081 705 4135 et
733 4074 823 4150 lucis,
856 4076 1075 4137 immateriatus
1099 4081 1160 4148 est;
1193 4091 1252 4133 non
1275 4068 1373 4151 qualis
1397 4067 1520 4128 odorum
1542 4082 1610 4127 cum
1725 4066 1730 4073 '

265 4157 458 4220 diminutione
483 4161 680 4236 substantiae,
705 4183 763 4226 nou
786 4165 883 4246 qualis
906 4164 1016 4226 caloris
1039 4164 1077 4225 ab
1099 4168 1256 4223 aestuante
1281 4160 1411 4231 fornace,
1434 4163 1467 4216 et
1488 4154 1515 4217 si
1538 4154 1610 4235 quid

264 4256 313 4308 est
335 4247 448 4324 simile,
482 4250 588 4332 quibus
612 4252 710 4313 media
732 4253 901 4335 implentur.
948 4253 1138 4333 Relinquitur
1165 4249 1270 4331 igitur,
1301 4256 1335 4309 ut
1362 4243 1610 4327 quemadmodum

263 4337 316 4399 lux
339 4337 438 4398 omnia
460 4346 580 4401 terrena
603 4340 759 4404 illustrans
783 4345 899 4423 species
923 4352 971 4405 est
992 4342 1194 4404 immateriata
1216 4338 1295 4424 ignis
1318 4336 1410 4411 illius,
1434 4333 1483 4416 qui
1506 4334 1609 4395 estin

264 4444 388 4507 corpore
411 4426 510 4491 Solis:
535 4429 580 4490 ita
601 4430 697 4493 virtus
719 4430 804 4507 haec,
827 4433 1017 4515 planetarum
1041 4449 1167 4510 corpora
1190 4424 1346 4508 complexa
1368 4432 1398 4486 et
1420 4424 1543 4498 vehens,
1567 4424 1610 4484 sit

265 4517 382 4596 species
406 4516 605 4582 immateriata
628 4520 693 4600 ejus
716 4520 856 4596 virtutis,
880 4540 955 4603 quae
978 4522 1008 4583 in
1031 4522 1096 4601 ipso
1120 4520 1191 4583 Sole
1214 4516 1344 4589 residet,
1377 4511 1609 4577 inaestimabilis

264 4606 393 4686 vigoris,
427 4605 559 4686 adeoque
591 4616 676 4671 actus
706 4610 818 4689 primus
842 4611 936 4673 omnis
960 4619 1058 4672 motus
1087 4605 1237 4671 mundani.
1285 4604 1360 4669 Cum
1392 4622 1464 4683 ergo
1492 4601 1609 4682 species

264 4696 339 4758 haec
365 4696 487 4758 virtutis
509 4694 597 4775 plane
620 4706 654 4759 ut
675 4698 801 4778 speeies
833 4699 908 4763 lucis
932 4686 985 4773 (de
1008 4719 1065 4781 quo
1094 4699 1125 4760 in
1147 4694 1361 4759 Astrouomiae
1388 4700 1475 4775 parte
1499 4691 1611 4773 Optioa
1670 4765 1676 4775 ῃ

265 4804 329 4865 cap.
354 4788 394 4859 1.)
417 4804 476 4847 non
500 4786 598 4865 possit
617 4786 798 4849 considerari
817 4794 850 4848 ut
873 4807 925 4868 per
948 4787 1079 4871 spatium
1101 4782 1308 4849 intermedium
1325 4783 1472 4863 dispersa,
1496 4782 1611 4843 fontem

266 4874 344 4937 iuter
366 4883 398 4936 et
425 4893 532 4955 corpus
560 4875 687 4953 mobile,
722 4878 774 4938 sed
797 4884 831 4937 ut
854 4878 983 4939 collecta
1009 4878 1039 4941 in
1067 4871 1186 4950 mobili,
1219 4881 1362 4954 quantum
1389 4873 1426 4932 de
1455 4870 1568 4934 ambitu
1591 4891 1610 4931 a

265 4964 370 5028 mobili
392 4972 567 5046 occupatur:
601 4984 660 5030 uon
684 4964 742 5030 erit
767 4965 859 5045 igitur
880 4966 978 5029 virtus
1006 4966 1082 5028 baec
1104 4967 1174 5038 (seu
1202 4962 1335 5043 species)
1356 4960 1478 5043 aliquod
1500 4978 1610 5043 corpus
