3517 5525
280 331 357 458 saa
858 323 1030 460 ‘mam

279 577 406 642 metrum
430 567 512 632 Solis
537 570 740 651 apparentem,
765 567 943 652 relinquitur
964 569 1189 643 semidiameter
1210 570 1335 634 umbrae
1355 571 1483 648 Terrae,
1506 577 1624 653 quauta

278 681 316 724 ea
339 660 632 724 semidiameterest
655 659 684 721 in
708 659 760 721 illo
784 661 860 734 loeo,
884 679 974 742 quam
998 660 1084 722 Luna
1104 668 1266 748 monqtrat.
1290 707 1294 712 .

794 771 1018 838 Theoroma
1044 773 1101 836 lv.

281 879 319 944 Si
356 881 398 943 ab
430 871 636 969 aggregato
676 877 1042 944 semidiametrorum
1070 880 1178 944 Solis
1216 882 1433 944 et‘umbras
1464 883 1622 944 Terrae

281 971 475 1034 anferatur
503 969 717 1051 parallaxis
740 969 862 1032 Lunae
893 991 912 1030 a
935 969 1024 1032 Sole
1052 977 1191 1053 quanta
1212 979 1361 1052 potest
1384 991 1476 1034 esse
1496 973 1534 1034 in
1556 973 1621 1034 bo-

444 1059 617 1135 rizonte,
649 1059 872 1141 relinquitur
895 1060 1041 1140 duplum
1068 1061 1308 1139 parallaxeos
1332 1059 1450 1124 Solis.

367 1149 445 1212 Nam
469 1166 522 1229 per
545 1149 587 1210 th.
610 1145 668 1211 ΠΙ.
692 1148 857 1228 parallaxis
882 1149 985 1210 Lunae
1004 1157 1071 1210 tota
1092 1157 1123 1210 et
1143 1150 1307 1230 parallaxis
1324 1149 1404 1212 Solis
1420 1149 1624 1212 horizontalea

275 1237 399 1318 junctae
429 1250 560 1319 aequant
583 1237 706 1318 junctas
726 1237 980 1299 'semidiametros
1004 1237 1085 1300 Solis
1115 1248 1147 1300 et
1169 1239 1289 1300 umbrae
1312 1239 1423 1301 Terrae
1445 1238 1622 1320 inponam,

281 1328 359 1408 quod
383 1327 469 1389 Luna
498 1337 648 1388 monstrat
673 1346 726 1388 suo
749 1327 892 1402 transitu,
919 1337 1108 1411 apparentes.
1155 1325 1216 1390 Sed
1239 1335 1305 1390 tota
1327 1327 1432 1391 Lunae
1453 1327 1623 1408 parallaxis

281 1415 426 1484 diminuta
448 1417 596 1496 parallaxi
612 1415 693 1478 Solis
717 1415 887 1497 appellatur
909 1416 1074 1495 parallaxis
1089 1416 1193 1478 Lunae
1208 1437 1227 1478 a
1241 1415 1323 1480 Sole.
1360 1419 1442 1493 Ergo
1455 1417 1626 1497 parallaxis

281 1505 362 1568 Solis
385 1505 441 1581 bis,
465 1514 498 1568 et
519 1504 685 1586 parallaxis
699 1507 801 1567 Lunae
826 1527 845 1566 a
860 1503 931 1567 Sole
955 1515 1085 1585 aequant
1104 1505 1343 1568 semidiametros
1358 1506 1465 1568 dietas.
1507 1507 1626 1568 Ablata

280 1595 370 1675 igitur
384 1595 531 1677 parallaxi
547 1595 651 1670 Lunae
672 1615 691 1654 a
705 1593 776 1656 Sole
799 1593 837 1656 ab
858 1604 1023 1675 angregato
1039 1594 1328 1694 semidiametrorom
1346 1595 1429 1657 Solis
1452 1603 1485 1657 et
1499 1595 1626 1658 umbrae

280 1685 453 1778 relinquitur
476 1686 596 1764 duplum
618 1683 809 1766 parallaxeos
833 1682 928 1760 Solis;
953 1705 985 1766 q.-
1007 1703 1033 1746 e.
1058 1683 1087 1748 d.

818 1799 1024 1862 Theorema
1047 1799 1088 1863 V.

281 1906 440 1980 Quanta
471 1916 531 1968 ast
561 1905 783 1968 differentia
805 1907 1112 1970 aemimuorounm
1139 1905 1289 1968 umbrae
1312 1905 1487 1970 diversis
1510 1903 1625 1970 Solis

281 1994 585 2076 elongationibus
609 2015 628 2056 a
650 1995 788 2057 Terrae
813 1995 1083 2069 formatorum,
1112 1990 1223 2056 tauta
1245 2003 1303 2057 est
1330 1996 1478 2059 etiam
1469 2016 1506 2059 ru
1533 2015 1625 2060 ιιιιο-

280 2086 454 2168 quolibet
498 2086 576 2147 loeo
608 2085 796 2156 transitus
834 2082 956 2146 Lunae
991 2083 1225 2147 differentia
1257 2084 1627 2150 semidiametrorum

279 2174 445 2238 umbrae
468 2173 649 2238 Terraef
641 2195 677 2236 ιι
704 2174 932 2238 horizontem
965 2183 1224 2253 experrectus,
1251 2165 1503 2259 affectionis
1506 2185 1626 2238 tamen

784 2283 788 2289 ·
834 2263 1058 2326 contrariae.

368 2350 403 2416 In
433 2353 586 2414 schemate
617 2351 781 2433 praemisso
813 2352 1030 2453 appropinquet
1055 2351 1110 2416 Sol
1134 2349 1245 2416 Terrae
1277 2360 1369 2432 usque
1401 2352 1431 2414 in
1454 2351 1494 2428 K,
1523 2351 1624 2434 sitque

281 2443 338 2506 KL
362 2442 585 2504 semidiameter
608 2441 775 2520 aequalis
767 2443 824 2542 rpsi
847 2441 907 2504 AD
930 2441 1015 2522 eique
1038 2441 1204 2521 parallela,
1233 2443 1418 2521 duceturque
1440 2462 1521 2508 nova
1542 2443 1626 2505 linea

283 2533 460 2611 contingens
482 2539 636 2611 utrumque
656 2547 763 2608 eorpus
784 2531 812 2592 in
827 2529 855 2590 E
872 2538 906 2592 et
919 2528 955 2602 L,
980 2531 1226 2610 continueturque
1241 2549 1334 2611 usque
1347 2531 1418 2592 dum
1435 2539 1519 2594 seoet
1533 2549 1627 2594 axem

282 2621 404 2685 umbrae
426 2618 554 2681 Telluris
578 2619 606 2681 in
631 2619 668 2694 H,
693 2627 725 2679 ut
746 2619 830 2681 ΕΗΒ
855 2618 896 2680 sit
917 2619 1093 2682 semimuoro
1116 2638 1218 2681 novus.
1269 2618 1429 2682 Seoabitur
1451 2619 1544 2700 igitur
1567 2617 1627 2684 FG

281 2711 363 2773 linea
383 2729 436 2791 per
459 2708 516 2771 Eli
539 2709 665 2782 linearn3
690 2717 777 2771 secet
801 2708 829 2770 iu
854 2709 879 2771 Ι.
926 2705 1006 2779 Quia
1029 2707 1120 2787 igitur
1132 2705 1215 2771 ECB
1239 2709 1415 2776 aemimonto
1433 2709 1581 2791 pristinus
1599 2720 1633 2773 et

281 2801 364 2865 ΕΗΒ
388 2819 492 2874 novus,
515 2797 684 2860 differentia
709 2796 864 2879 utriusque
889 2806 937 2858 est
961 2796 1058 2873 HEC,
1082 2799 1112 2861 b.
1136 2816 1162 2861 e.
1186 2798 1265 2861 IEF.
1307 2802 1352 2862 At
1375 2796 1444 2863 mr
1466 2800 1630 2863 estdiil'e-

280 2888 379 2953 nentia
401 2888 573 2969 angulorum
598 2886 680 2949 GEF
703 2888 876 2966 apparentis
900 2886 1114 2949 semidiametri
1136 2885 1283 2969 pristinae
1306 2898 1338 2949 et
1359 2886 1432 2951 GEI
1454 2908 1571 2964 novae,
1594 2889 1627 2951 in

281 2980 385 3042 eodem
408 2979 511 3041 Lunae
534 2976 664 3040 transitu
688 2974 753 3039 Gr.
800 2976 957 3055 Aequales
979 2975 1071 3054 igitur
1094 2976 1291 3051 differentiae,
1327 2997 1355 3057 q.
1380 2996 1406 3037 e.
1431 2977 1460 3038 d.

367 3068 443 3131 Dico
471 3075 611 3141 autem„
616 3066 645 3127 in
669 3066 853 3127 horizontem
879 3066 1113 3144 exporrectaess‘
1148 3065 1218 3145 quia
1241 3065 1266 3125 si
1289 3066 1377 3127 Luna
1400 3066 1542 3128 deficiens
1558 3086 1626 3170 ..ιι

284 3159 463 3242 propinquet
493 3156 568 3218 coeli
595 3156 711 3229 medio,
747 3163 817 3216 tuno
852 3174 913 3215 una
948 3154 1170 3220 semidiametro
1198 3153 1309 3216 Terrae
1336 3155 1370 3215 fit
1392 3158 1513 3235 propior
1537 3156 1629 3232 visui,

281 3268 370 3331 quam
385 3254 510 3309 oeutro
547 3245 671 3321 Terrae,
718 3254 789 3327 tuno
818 3243 910 3323 igitur
943 3244 1099 3335 tbeorema
1130 3259 1189 3304 non
1224 3241 1385 3305 limitatum
1422 3263 1481 3307 non
1518 3255 1629 3307 exacta

280 3356 382 3437 nemm
404 3344 495 3398 esset.

805 3422 1014 3483 Theorema
1036 3420 1091 3481 vl.

281 3510 319 3593 Si
356 3514 512 3577 auferas
548 3529 568 3571 a
603 3508 823 3572 differentia
859 3509 1241 3571 semidiametrorurn
1276 3508 1382 3571 Solis
1431 3529 1629 3591 apparen-

280 3606 366 3667 tium
398 3621 442 3665 ιιι
473 3599 644 3663 diversis
682 3597 760 3677 ejus
789 3596 1113 3677 elongationibus
1140 3596 1466 3662 differentiolam
1486 3603 1628 3681 paral-

280 3695 420 3759 laxinm
457 3687 556 3753 Solis
587 3686 926 3751 horizontalium
918 3707 951 3748 ιι
979 3687 1113 3748 iisdem
1142 3685 1473 3765 elongationibus,
1506 3690 1628 3753 reliu

282 3785 415 3891 quitur
447 3775 675 3841 differentia
712 3776 1109 3838 semidiametrorum
1140 3776 1291 3839 umbras
1324 3779 1626 3855 apparentium,

282 3876 418 3939 inuno
443 3865 757 3933 eteodemloeo
780 3866 1000 3927 transitus
1026 3865 1167 3939 Lunae,
1199 3865 1543 3944 respondentium
1567 3869 1627 3931 di·

457 4008 463 4021 .
556 3954 693 4017 versis
717 3954 808 4016 illis
832 3954 948 4016 Solis
978 3952 1346 4032 elongationibus.

368 4052 447 4116 Nam
483 4066 536 4128 per
562 4044 604 4107 th.
626 4042 678 4106 V.
716 4042 885 4105 differentia
920 4044 1166 4111 sernimuorooum
1201 4051 1250 4103 ost
1279 4042 1448 4106 differentia
1476 4045 1625 4108 semidia-

281 4149 440 4209 metrorum
469 4137 591 4201 umbrae
614 4132 762 4196 Terrae
755 4152 784 4193 m
808 4134 914 4195 eodem
936 4132 1002 4193 loeo
1026 4131 1171 4193 transitus
1194 4130 1308 4192 Lunae.
1354 4127 1417 4194 Sed
1439 4150 1494 4211 per
1515 4135 1623 4198 auroli.

283 4236 319 4297 ed
353 4233 397 4297 th.
425 4230 451 4293 1.
485 4222 653 4301 differentia
689 4220 935 4283 semimoaronum
967 4230 1016 4282 est
1044 4220 1140 4282 minor
1171 4238 1259 4300 quam
1289 4219 1458 4283 differentia
1481 4224 1627 4286 semidia-

283 4330 443 4387 metrorum
467 4315 548 4379 Solia
581 4296 779 4374 differentiola
807 4310 1005 4391 parallaxium
1029 4308 1110 4371 Solis
1143 4308 1377 4373 horizontaliom.
1423 4310 1504 4391 Ergo
1526 4313 1628 4377 terni-

283 4423 356 4476 nuta
386 4411 482 4472 haee
492 4401 692 4466 differentiola
723 4420 742 4463 a
770 4400 938 4461 differentia
961 4398 1246 4461 semidiametrorom
1269 4397 1350 4460 Solis
1373 4398 1514 4480 relinquit
1536 4403 1628 4465 diffe-

285 4501 411 4565 rentiam
434 4486 718 4557 semidiametrorum
742 4489 863 4551 umbrae
886 4488 1101 4568 apparentium,
1124 4487 1154 4547 h.
1178 4506 1203 4549 e
1229 4487 1293 4567 ejus
1316 4490 1500 4568 angulorum.

373 4583 631 4654 corollarium.
674 4578 749 4641 Cum
773 4577 971 4639 differentiola
989 4576 1187 4657 parallaxium
1200 4574 1283 4643 Solis
1298 4576 1369 4650 illa,
1384 4596 1462 4659 quas
1477 4578 1573 4641 oritur
1586 4596 1627 4643 ex

285 4678 365 4744 Solis
389 4670 621 4744 eoneutrioitate‚
646 4669 686 4730 sit
708 4685 782 4749 pene
811 4665 1007 4740 insensibilis,
1039 4664 1082 4727 nti
1104 4682 1262 4745 possumus
1286 4664 1454 4729 differentia
1477 4668 1625 4731 semidia-
1664 4676 1667 4681 '

281 4774 446 4835 metrorum
468 4759 549 4825 Solis
567 4774 624 4838 pro
648 4752 815 4821 differentia
838 4755 1049 4819 diametrorum
1079 4754 1203 4818 umbrae
1231 4754 1469 4833 singularunm
1497 4756 1628 4837 singulis

285 4857 361 4921 locis
383 4851 530 4918 transitus
552 4846 673 4920 Lunae;
696 4854 730 4907 nt
752 4852 893 4925 qnantum
915 4851 1041 4924 angetur
1061 4842 1147 4907 Solis
1165 4841 1320 4918 diameter,
1343 4847 1466 4909 tanum
1474 4845 1629 4964 diminua-

128 5006 136 5017 ,
220 4994 223 5000 .
284 4954 336 5011 tur
358 4945 504 5013 diametm
525 4936 647 5003 umbrae
670 4935 742 4997 fere
