3517 5525
314 381 395 456 ⁷08²
738 401 741 410 ·
848 379 1120 438 namneum
1257 434 1334 452 ‚‚

314 599 417 667 Nobili
441 608 473 662 et
494 597 651 682 magnifico
680 599 745 662 viro
768 599 807 662 D.
831 597 870 660 D.
900 597 922 660 J
928 598 1034 660 oanni
1065 593 1227 674 Georgia
1254 593 1443 656 Herwarto
1469 591 1504 654 ab
1524 587 1663 654 Hohen-

314 691 413 772 burg,
436 687 623 752 cancellario
646 689 816 764 Bavariae,
846 687 1044 751 illustrissimi
1070 685 1221 748 Bevariae
1249 683 1400 765 Principis
1428 678 1595 744 consiliario
1631 686 1666 740 et

451 777 584 858 praesidi
606 777 742 852 Suebae,
765 778 895 841 Domino
919 785 951 840 et
971 775 1096 840 Pastori
1118 793 1184 837 meo
1206 774 1363 855 plurimum
1386 771 1519 834 colendo.

403 919 437 984 Si
465 939 614 1004 nunquam
640 919 670 981 in
693 903 797 1000 Magn.
830 927 900 984 tuae
931 917 1171 984 familiaritatem
1201 916 1326 980 inissem
1350 921 1510 994 receptus,
1542 917 1669 991 potarat

317 1031 363 1076 me
386 1012 434 1073 rel
458 1011 524 1072 scla
546 1009 599 1072 illa
622 1017 676 1070 tna
698 1009 821 1090 egregia
849 1010 878 1072 in
902 1009 1007 1092 literas
1029 1009 1169 1070 voluntas
1191 1013 1225 1068 et
1247 1023 1331 1068 amor
1353 1005 1508 1066 doctorum
1532 1000 1667 1062 virorum

193 1119 197 1124 ’
317 1100 431 1183 passim
464 1099 671 1161 increbescens
706 1098 834 1161 invitare
865 1099 905 1160 ad
936 1108 967 1162 te
995 1117 1051 1179 pro
1080 1096 1195 1160 viribus
1223 1094 1443 1175 percolendum.
1488 1089 1575 1163 Quia
1594 1107 1667 1150 vero

317 1209 375 1252 non
391 1192 509 1250 tantum
524 1181 712 1270 c‘reberrirnis
729 1187 783 1250 ahs
803 1197 833 1249 te
850 1188 948 1252 literis
962 1189 1025 1269 jam
1040 1205 1095 1269 per
1113 1204 1207 1248 annos
1227 1183 1342 1265 aliquot
1354 1200 1421 1245 aum
1439 1180 1667 1252 cohonestatus,

318 1278 488 1342 sedetiam
516 1295 548 1339 re
577 1276 645 1356 ipsa
673 1295 728 1338 nec
755 1297 813 1339 nno
843 1277 872 1338 in
904 1278 968 1340 loco
1000 1287 1083 1339 tuam
1112 1276 1142 1338 in
1169 1294 1218 1336 me
1246 1271 1487 1336 benevolentiam
1507 1287 1578 1332 cum
1600 1285 1668 1330 meo

319 1367 473 1430 commodo
498 1375 639 1447 expertus
662 1385 748 1442 sum:
772 1366 910 1445 equidem
928 1369 992 1447 jann
1013 1365 1128 1448 pridem
1151 1362 1288 1427 decuisse
1312 1361 1453 1434 arbitror,
1479 1367 1511 1422 nt
1532 1357 1669 1436 gratitu-

318 1457 418 1519 dinem
439 1475 536 1518 meam
559 1455 659 1533 aliquo
678 1473 797 1520 munere
818 1456 953 1520 literaria
968 1455 1163 1526 declararem,
1186 1453 1213 1514 si
1232 1452 1309 1514 mihi
1324 1449 1438 1516 Urania
1461 1455 1513 1510 sat
1533 1447 1669 1528 propitia

319 1547 437 1608 inisset.
484 1542 560 1607 (lum
587 1543 679 1623 igitur
707 1563 801 1624 nuper
829 1545 858 1607 in
886 1545 945 1608 hoc
972 1545 1168 1626 qualicunque
1195 1541 1338 1622 opusculo
1365 1537 1538 1601 tabularum
1560 1536 1670 1598 Luna-

319 1635 396 1698 rium
417 1633 489 1696 mihi
512 1633 662 1696 videretur
690 1633 893 1709 successisse,
924 1642 1014 1714 teque
1040 1635 1175 1713 insuper
1189 1650 1256 1694 cunr
1278 1629 1437 1692 universae
1459 1623 1669 1688 astronomiae

320 1731 382 1786 tum
409 1722 597 1805 potissimum
626 1721 779 1784 doctrinae
807 1724 846 1785 de
873 1722 1035 1806 eclipsibus
1066 1720 1318 1785 studiosissimum
1349 1718 1476 1780 scirem:
1510 1733 1573 1776 non
1603 1723 1670 1776 erat

208 1851 216 1860 -
322 1812 393 1875 mihi
418 1813 574 1893 quisquam
599 1810 675 1874 alius
699 1811 875 1892 deligendus
899 1811 968 1876 hnic
991 1809 1256 1892 occupatiunculae
1278 1815 1439 1889 patronus,
1462 1804 1554 1886 idque
1580 1811 1669 1866 tanto
1733 1865 1736 1873 ,

229 1897 235 1920 ’
319 1902 437 1982 magis,
470 1901 638 1982 quodcum
664 1899 738 1962 nihil
766 1900 814 1963 hic
836 1902 920 1964 aliud
942 1920 1049 1980 agam,
1080 1919 1168 1980 quam
1196 1906 1232 1962 ut
1260 1897 1367 1960 summi
1393 1894 1474 1958 illius
1497 1892 1671 1956 astronomi

320 1990 506 2073 Tychonia
532 1989 651 2051 Brahe
684 1989 799 2070 placita
828 1989 864 2052 de
888 1991 993 2053 Lunae
1020 1989 1168 2061 motibus,
1201 2007 1278 2068 quae
1306 1987 1337 2050 in
1363 1985 1670 2068 Progymnaamatruu

249 2144 253 2154 ,
323 2087 404 2142 tomo
427 2097 521 2160 nuper
544 2086 613 2140 sunt
634 2077 755 2157 publica
787 2080 882 2154 facta,
916 2079 1118 2143 communiora
1145 2087 1177 2140 et
1207 2078 1247 2140 ad
1276 2094 1363 2140 nsum
1394 2071 1672 2136 accommodatiora

323 2169 468 2230 reddam:
498 2167 549 2229 vix
572 2168 709 2248 cuiquam
731 2168 762 2229 id
786 2169 902 2248 gratius
926 2169 1063 2230 accidere
1084 2166 1198 2250 possit,
1229 2185 1318 2248 quam
1341 2163 1415 2238 tibi,
1437 2161 1488 2244 qui
1511 2170 1545 2222 et
1568 2161 1671 2224 virum

233 2259 247 2272 “
323 2257 457 2322 studiose
487 2256 608 2318 coluisti
638 2263 668 2318 et
696 2257 805 2320 mortui
836 2257 1026 2321 monimentis
1053 2256 1197 2320 literariis
1224 2255 1355 2318 sollicite
1383 2253 1478 2314 faves.
1525 2247 1612 2321 Quin
1641 2257 1672 2312 et

230 2399 234 2411 .
323 2347 421 2428 ipsum
442 2345 556 2408 laboris
578 2345 667 2426 hujus
690 2345 858 2408 institutum
883 2355 915 2408 te
941 2347 1128 2428 potissimum
1153 2345 1286 2426 judicem
1314 2352 1347 2406 et
1373 2341 1518 2407 arbitrum
1540 2359 1670 2422 poscere

323 2437 460 2498 videtur:
485 2433 563 2516 quod
586 2433 673 2515 quale
696 2435 738 2496 sit
760 2435 919 2516 diligenter
941 2435 1148 2517 explicandum
1172 2442 1229 2497 est.
1352 2424 1357 2438 ’

411 2524 589 2605 Postquam,
614 2542 689 2604 quae
713 2524 789 2597 dixi,
812 2525 1082 2608 Progymnasmata
1103 2524 1256 2606 Tyohonis
1278 2528 1310 2583 at
1331 2521 1361 2582 in
1383 2521 1422 2584 iis
1444 2518 1585 2582 Tabulae
1609 2516 1670 2582 hu-

254 2637 257 2656 ·
324 2632 413 2678 nares
435 2611 615 2693 prodierunt,
640 2613 760 2677 diversa
773 2613 830 2675 duo
846 2615 1124 2678 mathematicorum
1139 2613 1263 2694 judicia,
1286 2610 1397 2692 partim
1418 2607 1473 2670 abs
1490 2615 1534 2683 te,
1556 2609 1671 2690 partim

325 2702 363 2766 ab
386 2701 454 2764 aliis
478 2701 516 2764 ad
538 2721 587 2765 me
608 2701 777 2783 perscripta
799 2711 882 2777 snut,
910 2703 979 2767 hinc
1007 2703 1111 2767 alteris
1142 2703 1316 2779 intricatam
1346 2706 1503 2781 captuque,
1517 2697 1672 2760 difficilem

324 2790 503 2875 hypothesin
527 2800 559 2853 et
581 2810 600 2853 a
622 2798 731 2855 natura
753 2792 884 2855 alienam
905 2795 1091 2869 notantibus,
1113 2792 1183 2855 inde
1205 2792 1275 2855 aliis
1298 2788 1505 2871 quereremus,
1536 2788 1670 2851 nondum

326 2882 493 2946 tabularum
508 2880 621 2943 muneri
641 2881 832 2945 satisfactum
849 2902 927 2959 esse,
953 2884 1070 2964 qnando
1094 2883 1192 2946 altera
1213 2888 1431 2944 menstruarum
1454 2877 1670 2960 aequationem

326 2970 485 3033 etiamnum
512 2986 565 3050 per
591 2968 758 3033 doctrinam
785 2972 1000 3053 triangulorum
1030 2972 1148 3055 prolixo
1175 2978 1208 3033 ct
1235 2969 1372 3033 taedioso
1392 2966 1497 3029 labore
1520 2967 1671 3029 solvenda

325 3061 377 3123 sit.
422 3054 565 3138 Utrisque
592 3058 651 3121 hoc
677 3060 779 3123 labore
810 3062 966 3124 consulere
995 3080 1061 3125 sum
1090 3069 1224 3123 conatus.
1269 3058 1390 3123 Etenim
1412 3057 1439 3119 si
1465 3072 1543 3137 quos
1565 3064 1671 3119 movet

325 3150 373 3211 vel
397 3148 580 3211 circellorum
602 3148 762 3211 multitudo
785 3150 833 3211 vel
857 3151 952 3213 centri
974 3150 1056 3213 orbis
1077 3150 1109 3213 in
1132 3157 1267 3213 centrum
1286 3149 1397 3209 Terrae
1421 3146 1670 3209 semimensteuns

325 3238 479 3321 ingressus
502 3244 533 3299 et
556 3236 725 3301 discessus:
749 3237 810 3301 illis
829 3247 985 3302 ostensum
999 3248 1048 3301 est
1067 3240 1129 3312 hic,
1154 3238 1391 3319 Ocpemicanum
1409 3234 1493 3298 illum
1516 3235 1671 3317 duplicem

327 3328 491 3408 epicyclnm
522 3326 552 3391 in
583 3326 785 3402 concentrico,
819 3346 907 3409 quem
933 3327 1035 3411 Tycho
1067 3335 1226 3409 tantopere
1257 3324 1427 3400 adamavit,
1459 3330 1495 3385 ut
1525 3344 1545 3385 a
1573 3324 1671 3387 trabes

328 3416 528 3496 superioribus
550 3421 716 3479 mutuatum
738 3418 831 3481 etiam
853 3418 884 3479 in
898 3418 1014 3480 Lunam
1037 3417 1250 3491 introduceret,
1272 3415 1349 3494 nihil
1370 3432 1439 3475 esse
1462 3412 1556 3488 aliud,
1581 3432 1671 3495 quam

327 3524 415 3568 unum
437 3505 652 3567 Ptolemaicum
676 3505 720 3578 (in
745 3506 840 3570 tribus
865 3508 1082 3587 superioribus)
1110 3505 1321 3579 eccentricum,
1352 3503 1437 3583 cujus
1464 3510 1566 3565 motus
1591 3504 1672 3566 ciros

327 3600 467 3675 punctum
500 3594 620 3674 aliquod
653 3596 856 3675 aequaturium
888 3615 979 3678 supra
1009 3605 1144 3659 centrum
1176 3593 1256 3657 orbis
1288 3595 1439 3655 elevatum
1471 3591 1671 3655 circinaretur

328 3682 543 3764 aequabiliter:
571 3702 657 3763 qnam
680 3684 926 3767 inaequalitatem
949 3693 1048 3748 motus
1069 3683 1244 3766 propediem
1265 3683 1295 3745 in
1315 3682 1374 3745 alio
1397 3698 1500 3763 opere,
1525 3681 1576 3743 cui
1600 3682 1669 3745 fun·

327 3774 468 3837 demente
490 3772 519 3833 in
542 3790 608 3835 meo
630 3773 794 3837 Prodromo
818 3793 871 3836 seu
893 3774 1040 3856 Mysterio
1055 3772 1312 3853 cosmographiae
1330 3770 1402 3853 jaci,
1423 3769 1561 3852 physicis
1584 3772 1671 3853 prin·

326 3862 411 3943 cipiis
435 3861 749 3925 convenientissimam
771 3864 981 3926 demonstrabo
1005 3872 1036 3925 et
1060 3862 1219 3944 (lopernici
1242 3861 1460 3943 objectionibus
1481 3859 1514 3921 in
1537 3860 1670 3923 solidum

327 3951 523 4014 satisfaciam.
568 3950 702 4013 Eundem
724 3953 755 4014 in
777 3954 897 4015 modum
919 3954 967 4017 hie
995 3953 1237 4027 demonstratur,
1265 3949 1418 4013 circellum
1444 3949 1550 4022 illum,
1583 3969 1672 4031 quem

327 4042 428 4123 Tycho
450 4058 504 4121 per
526 4046 660 4103 centrum
684 4043 793 4103 Terrae
817 4042 946 4105 transire
970 4042 1054 4116 facit,
1076 4042 1166 4122 plane
1189 4041 1356 4105 coincidere
1379 4058 1445 4101 cunr
1459 4038 1669 4119 Cepernicano

328 4128 457 4192 secundo
481 4128 613 4211 epieyclo
636 4130 767 4205 Lunari;
796 4150 851 4193 nec
873 4132 932 4194 nisi
959 4132 1110 4213 positione
1133 4138 1166 4193 et
1186 4129 1321 4193 nonnssril
1343 4130 1514 4213 quantitate
1538 4128 1669 4206 differre,

328 4216 435 4281 effectu
459 4236 528 4281 vero
550 4226 651 4281 motus
675 4218 885 4302 aequipollere,
909 4222 996 4304 quale
1020 4222 1090 4305 quid
1105 4221 1208 4303 Tycho
1230 4222 1295 4301 ipse
1318 4220 1347 4281 in
1371 4217 1573 4297 explicatione
1599 4237 1670 4282 anae

326 4305 529 4389 hypotheseos
552 4308 672 4371 monuit.
710 4310 816 4390 Itaque
840 4310 869 4372 in
890 4311 1060 4374 universum
1074 4312 1176 4373 Lunae
1200 4308 1327 4385 theoria,
1350 4307 1430 4390 qnod
1451 4306 1670 4385 longitudinem

328 4394 447 4468 attinet,
468 4396 593 4459 totidem
617 4398 768 4459 constabit
791 4399 912 4462 orbibus
935 4409 967 4463 et
988 4401 1109 4475 centris,
1134 4405 1206 4479 quot
1220 4399 1306 4478 ,apud
1328 4396 1536 4459 Ptolemaeum
1559 4397 1669 4479 aliquia

329 4484 484 4548 extribus
506 4486 727 4567 superioribus:
760 4488 818 4550 nisi
841 4489 919 4569 quod
945 4496 1104 4570 praeterea
1130 4487 1223 4549 etiarn
1249 4486 1364 4548 medius
1387 4486 1490 4548 Lunae
1513 4487 1668 4549 motusin

328 4574 585 4657 conjunctionibus
607 4584 639 4638 et
661 4576 899 4657 oppositionibus
920 4595 1080 4659 parumper
1095 4577 1289 4651 acceleratur,
1313 4594 1402 4657 quam
1416 4574 1518 4657 Tycha
1534 4575 1668 4638 Varia-

328 4663 465 4729 tionem
488 4661 581 4739 dixit3
605 4684 692 4747 quae,
713 4674 785 4729 uta
798 4684 892 4727 causa
905 4668 1031 4751 physica
1051 4666 1198 4748 profecta,
1221 4665 1341 4728 circello
1364 4662 1509 4744 peculiari
1533 4664 1572 4726 ad
1596 4682 1668 4746 spe-

330 4754 509 4819 culationem
531 4772 589 4815 non
612 4754 743 4835 indiget,
772 4774 839 4817 cum
861 4756 901 4818 ab
923 4756 1073 4837 ipsissimo
1095 4763 1247 4819 menstruo
1271 4753 1395 4819 circuitu
1421 4760 1575 4817 nascatur.
1622 4754 1669 4817 De

329 4844 388 4907 hac
409 4853 529 4921 muron,
561 4850 594 4905 ut
615 4843 694 4907 infra
715 4844 844 4922 dicetur,
876 4846 1003 4909 nondum
1025 4847 1145 4927 penitus
1167 4845 1270 4925 liquet
1316 4826 1668 4935 Quemadmodufieere

329 4932 506 5014 hypothesis
528 4932 631 4996 Lunae
655 4933 815 4995 conformis
845 4941 893 4997 est
919 4935 1038 4997 reddita
1058 4935 1182 4999 usitatis
1203 4932 1395 4997 Ptolemaicie
1416 4932 1507 4996 trium
1529 4933 1668 5014 superio·
