3517 5525
721 421 860 475 ΜΝ
1403 422 1468 493 657
1546 426 1553 437 ’

207 600 496 661 Gemsuissiissimum
516 610 604 669 esset,
625 603 650 658 si
669 610 703 659 ιιι
722 600 781 659 660
800 608 836 661 sd
859 599 912 669 12,
937 602 977 660 sic
997 598 1030 659 54Ι
1052 606 1081 661 b.
1102 600 1128 661 6.
1150 596 1179 659 9‘
1199 610 1295 661 eueni
1314 608 1349 663 sd
1373 598 1467 674 ‘'⁸lm,

117 688 253 755 quantum
270 683 354 739 Luna
372 686 459 741 currit
477 686 554 739 ultrs
576 678 613 756 12
632 685 818 741 revolutiones
838 686 868 741 iu
888 702 969 741 anuo.
1007 690 1046 741 st
1064 702 1120 741 nun
1140 690 1185 741 est
1204 683 1246 741 ita
1266 680 1319 749 5¹1.
1341 690 1378 743 sd
1401 681 1467 756 “les,

116 762 137 818 i.
160 782 185 818 e.
207 757 252 824 ¹¹1.
273 766 310 819 sd
332 758 389 827 “ln
410 767 457 819 vel
480 759 553 828 ωΙ..
574 768 610 820 sd
634 760 703 828 ”lse-
743 767 815 821 Nam
835 767 887 821 illa
907 767 1025 836 amplius
1046 767 1130 836 duplo
1151 772 1196 821 est
1215 767 1303 836 major
1323 768 1385 825 bec.

206 866 289 949 Ergo
312 888 427 932 summa
449 870 613 951 adjumenti
635 868 752 933 Solaria
775 870 815 933 sd
837 871 1020 934 volutionem
1034 872 1147 933 Terrae
1169 888 1228 933 non
1249 880 1392 935 causatur
1410 890 1466 937 vs-

116 956 258 1019 riationis
281 959 407 1021 effectus
432 978 593 1029 summam,
624 960 678 1021 sed
702 971 773 1021 sunt
793 952 846 1022 isti
861 960 927 1023 duo
958 960 1083 1023 effectus
1111 960 1245 1041 separati
1275 960 1313 1021 ab
1340 959 1468 1025 invicem

116 1044 363 1111 dimensionibus.
408 1049 527 1111 Deinde
549 1056 621 1111 sunt
643 1057 675 1110 et
703 1048 800 1111 modis
827 1048 960 1129 separati
983 1056 1092 1111 motus.
1140 1048 1279 1112 Variatio
1303 1050 1470 1114 intenditur

117 1142 152 1197 et
172 1135 338 1199 remittitur
359 1138 498 1200 totaliter
518 1137 739 1213 menstruatitn,
761 1146 852 1218 prout
869 1138 956 1200 Luna
978 1138 1008 1200 iu
1032 1136 1177 1203 diametro
1201 1138 1345 1203 luminum
1368 1139 1467 1217 luerit,

13 1250 19 1261 ‚
116 1224 280 1305 volutionis
302 1226 439 1289 incitatio
462 1227 605 1291 continua
631 1234 680 1289 est
706 1228 816 1308 magis,
846 1246 902 1289 nee
930 1226 987 1289 nisi
1015 1244 1120 1309 parum
1147 1228 1276 1290 remittit
1303 1229 1466 1293 annuatim.
1555 1268 1558 1277 Δ

116 1314 224 1377 Tertio
246 1322 278 1377 et
299 1315 400 1379 causis
422 1316 655 1396 distinguuntur.
692 1315 845 1388 Virtutum
865 1315 1005 1379 volvendi
1023 1334 1130 1395 corpus
1149 1316 1299 1397 proprium
1316 1316 1370 1381 Sol
1393 1338 1467 1381 con·

115 1404 215 1465 tortat
236 1404 267 1467 in
282 1404 375 1467 Terra
389 1423 445 1485 per
464 1407 644 1469 tenuitatem
666 1406 716 1467 vel
738 1405 919 1468 densitatem
943 1424 1015 1468 auae
1031 1405 1161 1485 speciei:
1186 1412 1220 1467 at
1242 1406 1383 1470 virtutem
1407 1407 1467 1471 cir-

118 1493 298 1575 cumagendi
315 1494 434 1558 Lunam
453 1494 508 1559 Sol
531 1496 682 1557 confortat
704 1493 733 1555 in
760 1497 854 1558 Terra
875 1514 931 1576 per
953 1496 1077 1576 liguram
1100 1493 1326 1557 illuminationis
1347 1497 1468 1573 Terrae,

117 1589 152 1644 et
172 1601 243 1644 vere
266 1601 320 1664 per
342 1585 476 1664 figuram,
500 1604 559 1647 non
582 1602 637 1665 per
652 1585 850 1665 quantitatem
870 1584 984 1658 circuli,
1008 1585 1057 1667 qui
1079 1582 1298 1647 insensibiliter
1315 1587 1466 1649 variatur:

117 1671 174 1733 sed
195 1690 291 1753 neque
314 1689 368 1752 per
390 1674 597 1736 tortitudinem
610 1673 660 1735 vel
676 1674 863 1736 debilitatem
876 1672 1113 1737 illuminationis.
1151 1672 1316 1737 Nemeum
1339 1675 1467 1738 variatio

115 1768 256 1843 praestet
273 1760 386 1842 gradm
407 1759 479 1837 132,
502 1770 673 1843 praestaret
695 1762 787 1843 igitur
809 1763 840 1825 iu
864 1759 885 1826 6
909 1762 1144 1826 revolutionibus
1167 1762 1292 1825 aestivis
1313 1781 1368 1846 per
1391 1761 1468 1829 90⁸·

117 1856 151 1911 et
172 1848 260 1930 bajus
284 1846 362 1913 30·-
382 1854 482 1914 minus
504 1870 593 1933 quam
615 1852 684 1914 dim.
711 1846 768 1927 66,
797 1853 867 1934 qnia
890 1852 1029 1933 aequatio
1053 1852 1183 1915 ecceutri
1205 1852 1337 1914 maxima
1359 1862 1406 1917 est
1431 1847 1469 1918 1ο

121 1935 249 2003 1’53”.
285 1939 453 2004 Eadem'n.
478 1950 526 2003 est
547 1941 701 2022 proportio
725 1941 902 2021 quadrantis
925 1942 963 2002 ad
987 1942 1125 2023 simplam
1148 1941 1366 2023 aequationem,
1390 1962 1466 2027 quas

117 2028 297 2091 semicirculi
320 2029 360 2092 sd
382 2030 523 2111 duplam:
582 2038 641 2098 90:
657 2037 696 2096 66
713 2058 750 2085 ==
769 2034 989 2105 101‘53“:x';
1006 2034 1128 2097 15’22”
1143 2034 1221 2097 blm.
1528 2022 1535 2041 ⁸

586 2196 644 2257 15:
663 2196 697 2259 11
1140 2258 1147 2265 .

116 2278 215 2359 Igitur
236 2276 269 2339 iu
290 2279 431 2344 semestri
454 2282 570 2343 aestivo
586 2300 640 2361 per
653 2276 706 2346 ιδ’
721 2278 786 2347 22”
807 2280 907 2343 minus
931 2280 1138 2361 colligeremus
1160 2279 1191 2343 iu
1214 2279 1392 2345 variatione.
1429 2282 1465 2346 Id

117 2386 190 2429 vero
212 2384 272 2429 uon
299 2379 445 2450 apparet;
476 2371 577 2449 potius
610 2370 689 2433 enim
718 2388 774 2450 per
802 2368 855 2434 10¹
882 2368 951 2451 plue
975 2369 1180 2434 observamus:
1224 2368 1306 2451 Ergo
1328 2388 1388 2433 non
1410 2388 1465 2453 per

117 2453 325 2521 fortitudinem
345 2458 573 2526 illuminationis
597 2458 651 2522 Sol
674 2459 826 2523 confortat
847 2460 970 2521 Terram
994 2457 1195 2522 involvenda
1217 2458 1312 2521 Luna.

207 2543 323 2609 Contra
344 2565 397 2627 per
418 2549 542 2627 figuram
567 2549 730 2611 confortari
752 2556 839 2629 patet
861 2567 899 2609 ex
929 2548 1035 2624 modo,
1068 2546 1137 2630 qnia
1165 2545 1214 2609 ubi
1242 2546 1318 2611 disci
1347 2548 1464 2629 species

117 2652 266 2718 apparens
290 2636 453 2710 evanescit,
477 2636 519 2699 ibi
543 2646 575 2700 et
597 2638 777 2717 confortatio
800 2637 899 2713 nulla,
923 2647 1071 2717 utcunque
1096 2636 1213 2700 fortiter
1237 2633 1330 2698 Terra
1352 2634 1464 2700 illumi-

116 2733 215 2789 netur.
253 2723 401 2805 Superest
422 2726 510 2789 unica
532 2727 669 2808 objectio,
695 2726 721 2791 si
735 2728 831 2792 Terra
848 2735 950 2791 movet
963 2728 1078 2790 Lunam
1101 2744 1155 2807 per
1177 2725 1308 2807 speciem
1331 2726 1465 2808 corporis

116 2814 211 2889 moti,
243 2815 352 2897 quippe
374 2816 404 2878 iu
427 2816 550 2899 plagam
572 2817 716 2890 eandem,
749 2835 848 2879 annon
872 2823 904 2878 et
926 2836 980 2898 per
1002 2815 1132 2897 speciem
1155 2816 1321 2880 celeritatis
1344 2823 1465 2880 moveat

40 2928 56 2950 r
118 2903 258 2968 celeriter
280 2906 328 2966 vel
351 2905 446 2968 tarde.
488 2907 556 2968 Nou
579 2905 637 2968 boc
660 2925 781 2989 quaero,
806 2925 843 2966 sn
867 2906 985 2988 species
1010 2904 1083 2967 haec
1105 2903 1270 2967 celeritatis
1293 2905 1342 2967 vel
1365 2905 1463 2969 tardi-

116 2992 193 3056 tatis
217 2993 378 3074 recipiatur
399 2994 429 3055 in
452 3001 580 3057 mentem
600 2995 745 3069 motoris,
761 3003 796 3056 ut
812 2995 839 3058 is
854 3013 922 3058 eam
941 2995 969 3056 in
984 3000 1066 3057 motu
1080 2992 1183 3054 Lunae
1203 2991 1362 3072 exprimat,
1386 2993 1464 3058 sliss

116 3081 253 3146 vinceret
271 3090 369 3146 totum
387 3102 489 3146 assem
510 3091 564 3146 ant
584 3091 666 3147 certe
684 3102 834 3166 nunqnam
848 3083 964 3146 sineret
974 3083 1090 3147 Lunam
1106 3081 1270 3144 tardiorem
1285 3083 1464 3148 velociorem

115 3171 182 3233 lieri
205 3172 269 3234 suis
291 3171 428 3253 legibus,
459 3173 627 3236 materialis
650 3172 724 3236 mibi
746 3173 863 3254 species
886 3172 915 3234 in
945 3171 1042 3235 animo
1074 3177 1140 3246 est,
1174 3187 1250 3252 quae
1279 3173 1462 3237 necessitate

116 3260 269 3323 materiali
291 3269 373 3342 agat,
398 3279 475 3341 quae
497 3261 566 3344 ipsa
587 3262 629 3324 sit
650 3263 753 3325 Lunae
776 3269 884 3337 motor,
908 3281 983 3342 quae
1007 3259 1180 3322 debilitetur
1202 3261 1408 3324 attenuatione
1432 3263 1461 3325 in

115 3350 222 3424 latum,
246 3369 305 3412 uon
329 3350 503 3413 debilitetur
525 3351 730 3414 attenuatione
744 3351 774 3412 in
793 3351 924 3432 longum,
949 3349 1190 3430 compensatione
1215 3351 1298 3414 lacta
1320 3357 1461 3414 attenua·

115 3437 209 3502 tionis
230 3457 285 3520 per
307 3438 450 3502 laxiorem
472 3441 652 3520 perticulam
676 3441 819 3516 ambitus,
845 3459 938 3520 aeque
962 3439 1098 3500 celerem.

206 3525 292 3599 Quae
313 3528 363 3590 hic
386 3548 480 3590 causa
503 3525 570 3592 esse
592 3531 698 3611 possit,
724 3550 785 3605 cur,
810 3549 876 3592 cum
895 3527 1031 3591 movendi
1053 3546 1159 3590 munus
1182 3527 1328 3610 reliquum
1351 3528 1460 3591 celeri·

114 3623 180 3680 tata
213 3633 269 3679 sua
301 3617 475 3698 dispenset,
507 3638 568 3682 non
599 3620 689 3682 etiam
720 3629 794 3699 agat
819 3639 874 3701 pro
898 3617 1063 3681 celeritatis
1084 3617 1228 3680 hibernae
1251 3626 1284 3680 et
1306 3617 1461 3680 tarditatis

115 3705 252 3769 testium
265 3705 413 3770 modulis?
439 3707 624 3772 Praesertim
638 3727 704 3770 cum
719 3728 757 3770 ex
770 3710 902 3772 numeris
916 3701 1077 3788 appareat,
1094 3707 1259 3786 superfluos
1284 3703 1343 3770 12ο
1356 3705 1460 3768 Lunae

115 3813 232 3857 annuus
255 3795 348 3858 etiarn
370 3816 390 3857 a
412 3793 478 3860 360
500 3797 702 3860 volutionibus
725 3797 834 3860 'letrae
863 3797 1012 3878 pendere,
1047 3815 1105 3858 nou
1137 3805 1236 3857 tamen
1260 3815 1278 3856 a
1302 3794 1460 3876 superfluis

77 3883 82 3893 ’
115 3877 179 3968 5¹1,
203 3885 451 3960 revolutionibus,
474 3905 551 3968 quae
566 3886 740 3968 inaequales
753 3886 923 3966 ponuntur?
950 3884 1165 3960 Dicendumne,
1190 3883 1364 3947 tarditatem
1387 3903 1459 3965 spe-

114 3974 172 4036 ciei
194 3972 382 4054 compensari
404 3983 540 4055 tempore
562 3975 700 4056 longiori,
723 3982 758 4037 nt
780 3983 865 4036 tantu
888 3976 927 4038 sit
946 3974 1091 4036 efficacior
1110 3973 1235 4055 quilibet
1253 3972 1353 4034 radius
1378 3974 1458 4047 (cum
1555 4044 1560 4057 Ι

114 4062 273 4126 latitudine
297 4071 421 4138 sumtus,
446 4071 480 4125 ut
503 4072 602 4127 sector
624 4064 719 4143 globi)
744 4069 853 4144 quanto
875 4063 985 4126 diutius
1000 4071 1110 4137 movet,
1135 4082 1188 4125 seu
1212 4069 1322 4142 quanto
1346 4061 1458 4126 diutius
1513 4141 1520 4148 ,

114 4159 198 4214 tenet
219 4151 354 4216 Lunam:
388 4153 465 4234 quod
488 4172 546 4215 nou
570 4162 669 4229 esset,
701 4153 727 4214 ei
754 4161 850 4215 totum
877 4171 976 4214 assem
1003 4153 1154 4228 vinceret,
1185 4158 1262 4213 tu'nc'
1279 4151 1358 4215 euim
1380 4151 1458 4215 idem

113 4240 217 4304 radius
240 4260 359 4324 semper
381 4249 497 4304 teneret
518 4243 644 4318 Lunam,
668 4244 769 4325 itaque
783 4241 869 4304 Luna
890 4241 1146 4304 necessariorem
1169 4239 1275 4303 celeris
1297 4241 1345 4303 vel
1369 4241 1458 4304 tarda

114 4337 206 4404 esset,
232 4350 320 4412 quam
335 4330 437 4392 Terra.
474 4332 538 4393 Nec
561 4331 659 4412 potuit
681 4333 760 4396 idem
784 4330 842 4393 dici
865 4331 902 4394 de
917 4333 1019 4414 Lernae
1034 4330 1128 4413 ipsius
1143 4330 1287 4392 tarditate
1304 4348 1454 4414 apogaea:

114 4420 186 4504 quia
208 4427 279 4483 tuuc
302 4438 358 4482 nou
383 4426 432 4481 est
452 4420 531 4482 idem
553 4419 671 4500 radius,
703 4421 810 4503 quippe
836 4422 953 4485 tenuior
976 4421 1137 4483 secundum
1160 4419 1368 4498 latitudinem,
1398 4439 1457 4483 uon

112 4509 195 4571 idem
224 4516 259 4572 ut
290 4519 389 4572 sector
417 4507 518 4589 globi,
551 4510 604 4573 sed
632 4519 733 4578 tnmeu
755 4509 835 4573 idem
858 4519 891 4574 ut
914 4519 1013 4582 sector
1036 4509 1156 4572 circuli:
1190 4514 1222 4571 et
1249 4509 1318 4592 quia
1338 4508 1454 4590 pondus

113 4599 219 4663 Lunae
241 4599 374 4679 gravius⁸
398 4604 452 4640 -'

203 4702 262 4766 Ad
284 4705 384 4767 baec
406 4707 643 4787 respondeo
669 4707 719 4771 11.
736 4707 810 4788 Aps.
832 4702 934 4770 162οε
959 4707 1053 4768 Terra
1075 4706 1175 4786 specie
1199 4705 1332 4787 corporis
1354 4711 1456 4768 movet

113 4795 232 4857 Lunam
252 4812 308 4875 per
330 4789 410 4869 349,
440 4795 655 4858 illuminatione
678 4815 731 4874 per
756 4795 805 4860 tt.
852 4797 911 4858 Illa
932 4795 980 4858 vis
1003 4815 1041 4857 ex
1063 4814 1096 4858 ee
1118 4797 1186 4877 ipsa
1209 4803 1257 4858 est
1279 4795 1453 4877 aequabilis,

112 4883 191 4946 baec
214 4883 392 4948 acceleratio
416 4885 457 4946 sit
479 4904 551 4948 sane
575 4885 779 4966 inaequabilis,
805 4884 892 4948 sicuti
916 4887 946 4949 in
968 4885 1035 4964 ipsu
1057 4887 1152 4948 Terra
1175 4893 1223 4949 est
1245 4883 1452 4965 inaequabilis.

115 4972 194 5037 Cum
225 4979 324 5036 autem
356 4973 495 5054 aequatio
525 4973 668 5057 temporis
699 4973 824 5058 physica
853 4973 896 5038 sit
922 4973 1091 5044 adhibenda
1119 4971 1172 5040 21¹
1199 4971 1265 5037 41¹⁴
1297 4993 1350 5056 pro
1380 4973 1453 5040 tutis

184 5077 273 5130 ¹010*
285 5079 365 5130 ⁰²⁸¹·-
383 5079 420 5120 uu
1210 5077 1244 5139 ta
