3517 5525
610 365 735 435 190
1556 355 1638 423 Ῐ)ο’
1674 372 1889 423 Motibus
1925 370 2109 423 Stellae
2144 370 2321 424 Martis

606 551 812 613 rencia
854 550 1080 614 horum
1123 547 1496 631 amulorum
1539 546 1603 612 4‘
1650 547 1801 626 24⁴1,
1849 550 2119 634 απφιῑαε
2161 550 2399 614 scilicet
2442 555 2598 629 υδφ.
2673 547 2875 613 Multo
2919 549 3129 638 mivwvj
3171 547 3294 611 erit

611 645 689 701 σᾶ
702 660 756 714 τ,
805 641 961 721 quia
1008 661 1080 700 στ
1122 639 1328 701 minor
1372 660 1562 720 quam
1606 662 1717 718 υφ,
1765 648 1975 724 utpote
2018 643 2280 704 sectioni
2322 648 2745 704 eccentrorum
2784 639 3066 721 propior.

788 728 981 790 Vides
1046 727 1260 806 igitur,
1310 747 1483 808 quam
1531 729 1856 812 propinque
1917 730 2283 810 relinquatur
2325 729 2497 792 ·visui
2542 730 2599 790 in
2649 734 2684 790 ὅ
2741 748 2851 789 sua
2915 725 3286 810 apparentia,

608 817 725 881 etsi
791 836 1003 878 novum
1068 817 1184 878 iter
1246 818 1530 896 planetae
1580 818 1636 878 in
1686 818 1851 879 coelo
1890 838 2004 899 -per
2062 819 2513 880 translationem
2576 817 2740 878 visus
2785 826 2849 879 et
2902 816 3291 878 mutationem

608 907 1013 989 hypotheseos
1060 915 1448 986 supponatur.
1544 907 1624 967 Et
1673 917 1872 969 tamen
1919 907 2269 987 relinquitur
2325 909 2516 969 adhuc
2564 909 2621 969 in
2669 915 2975 987 potestate
3021 904 3299 978 artificis,

609 1006 676 1057 ut
736 1003 963 1058 motum
1027 996 1283 1057 medium
1332 1005 1394 1057 et
1438 996 1881 1075 proportionem
1945 998 2453 1058 eccentricitat-um
2519 1016 2648 1057 curn
2711 997 2869 1057 inter
2915 1016 2980 1056 se
3040 1005 3165 1055 tum
3214 994 3290 1053 ad

607 1086 839 1148 radium
886 1084 1047 1146 orbis
1096 1083 1358 1145 nonnihil
1408 1086 1628 1157 variet,
1676 1085 1968 1166 siquidem
2015 1087 2070 1146 id
2117 1086 2234 1164 ipsi
2297 1088 2553 1148 futurum
2603 1086 2685 1146 sit
2730 1084 2897 1157 utile,
2946 1083 3021 1145 ad
3069 1083 3290 1145 oblite-

533 1221 541 1227 .
607 1175 858 1236 randam
904 1174 1057 1234 hanc
1107 1173 1569 1254 qualemcunque
1620 1174 1683 1237 5⁴
1731 1176 2218 1255 discrepantiam.
2311 1176 2411 1237 Ita
2463 1175 2610 1236 haec
2668 1172 3130 1256 aequipollentia
3175 1189 3288 1249 po-

523 1328 524 1333 ,
608 1264 901 1325 tissimum
967 1262 1223 1325 refertur
1280 1263 1355 1324 ad
1420 1262 1912 1348 inaequalitatem
1975 1265 2262 1344 primam,
2329 1262 2597 1328 nimirum
2657 1263 2732 1323 ad
2780 1282 2887 1333 ea,
2954 1262 3210 1343 quaein
3258 1266 3293 1322 ὅ

610 1360 904 1433 apparent
966 1370 1148 1433 prope
1213 1361 1481 1413 centrum
1546 1354 1882 1414 eccentrici.
1975 1354 2066 1415 At
2126 1355 2183 1414 in
2250 1353 2512 1413 secunda
2573 1353 3002 1433 inaequalitate
3067 1369 3170 1411 seu
3230 1350 3290 1410 in

608 1440 1245 1522 prosthaphaeresibus
1310 1441 1469 1503 orbis
1527 1441 1704 1502 annui
1767 1442 2010 1503 multum
2075 1444 2259 1504 refert
2306 1444 2400 1514 (ut
2445 1449 2507 1502 et
2554 1456 2734 1521 supra
2793 1442 3014 1502 dictum
3063 1439 3120 1499 in
3171 1438 3292 1499 alia

608 1530 1123 1611 aequipollentia),
1141 1538 1335 1590 utrum
1356 1531 1672 1609 planetain
1695 1528 2115 1603 §acircumeat
2131 1551 2203 1592 an
2228 1531 2284 1592 in
2317 1552 2415 1609 ορ.
2465 1531 2548 1593 Et
2571 1550 2749 1607 supra
2771 1530 3007 1610 quidem
3046 1533 3116 1601 (p.
3161 1531 3289 1596 184)

614 1615 742 1683 246
786 1618 1120 1699 particulas
1168 1619 1593 1690 (differentiam
1642 1621 1798 1682 inter
1826 1619 2257 1682 Ptolemaicam
2299 1629 2362 1681 et
2395 1618 2862 1701 Copernicanam
2901 1618 3290 1701 hypothesin)

481 1767 499 1792 ‚
606 1719 983 1779 contemnere
1031 1729 1144 1770 non
1192 1717 1575 1787 poteramus3
1643 1711 1828 1772 multo
1892 1709 2082 1771 minus
2130 1710 2224 1770 hic
2277 1710 2405 1788 jam
2453 1707 2583 1772 880
2640 1709 2736 1769 vel
2780 1707 2838 1769 in
2888 1708 3008 1768 alia
3054 1708 3286 1771 dimen-

606 1800 771 1860 sione
824 1792 993 1859 1344
1039 1797 1576 1877 praeteriverimus.
1670 1799 1740 1861 Id
1790 1805 1988 1859 autem
2035 1806 2319 1879 quantum
2376 1797 2746 1859 diversitatis
2801 1795 3001 1876 pariat
3046 1798 3106 1857 in
3152 1795 3280 1856 viso

610 1889 738 1950 loco
787 1887 1021 1959 MartiS,
1067 1887 1343 1966 sequenti
1385 1888 1588 1966 capite
1634 1887 1995 1948 videbimus.-

787 1976 1285 2055 Transposuimus
1344 1975 1635 2037 hactenus
1695 1976 1888 2038 visum
1945 1996 2019 2037 ex
2075 1983 2110 2038 δ
2156 1977 2213 2037 in
2261 2000 2320 2036 α.
2422 1976 2881 2037 Demonstretur
2918 1973 3071 2053 jam,
3134 1975 3288 2054 quod

608 2066 819 2126 eadem
867 2065 991 2126 fere
1038 2072 1359 2145 sequantur
1401 2065 1535 2127 visu
1583 2073 1888 2141 manente,
1954 2065 2320 2145 transposito
2368 2083 2507 2126 vero
2551 2073 2772 2145 puncto
2821 2062 3164 2144 aequantia,
3221 2070 3292 2123 ut

609 2162 922 2234 appareat,
981 2155 1135 2215 idem
1193 2155 1303 2214 hoc
1351 2154 1548 2232 capite
1610 2155 1736 2216 fieri
1784 2174 1961 2233 posse
2006 2155 2063 2216 in
2113 2153 2477 2227 eccentricO,
2531 2154 2630 2236 qui
2685 2149 2867 2214 habet
2911 2160 3284 2235 aequantem,

612 2243 778 2325 quod-
829 2262 1013 2323 supra
1069 2243 1128 2304 in
1182 2243 1297 2304 fine
1360 2243 1575 2321 capitis
1639 2244 1804 2304 tertii
1859 2241 1980 2305 fieri
2040 2243 2236 2326 potuit
2293 2242 2350 2303 in
2410 2243 2740 2305 eccentrico
2788 2241 3061 2322 simplici.
3154 2241 3287 2303 Illic

611 2331 784 2406 enim,
837 2352 942 2392 seu
988 2332 1153 2393 visus
1201 2351 1307 2393 seu
1337 2340 1601 2393 centrum
1640 2333 1954 2394 eccentrici
1981 2341 2530 2413 transponerentur,
2581 2331 3011 2411 contingebant
3037 2330 3284 2392 eadem:

612 2422 707 2483 hic
755 2421 1047 2493 similiter,
1098 2440 1203 2483 seu
1248 2420 1413 2481 visus
1462 2440 1565 2481 seu
1612 2430 1880 2483 centrum
1913 2424 2224 2503 aequantia
2251 2429 2742 2502 transponantur,
2781 2419 3134 2498 contingunt
3163 2419 3286 2481 fere

613 2511 841 2573 eadem.
933 2508 1050 2571 Est
1096 2517 1296 2571 autem
1328 2510 1744 2584 necessarium,
1782 2511 2351 2573 demonstrationem
2380 2510 2534 2572 hanc
2563 2511 2697 2572 huic
2716 2509 3012 2571 ⁴varietati
3043 2527 3283 2570 accom-

610 2600 855 2663 modare
901 2606 1145 2678 propter
1191 2618 1469 2678 magnam
1515 2599 1851 2680 opinionum
1880 2600 2445 2675 dissimilitudinem,
2477 2620 2642 2682 quas
2673 2606 2999 2681 sequuntur
3027 2598 3287 2660 artifices

609 2687 669 2749 in
719 2682 1184 2751 demonsffranda
1231 2690 1491 2750 secunda
1534 2690 1910 2770 planetarum
1956 2689 2406 2773 inaequalitate,
2456 2709 2605 2771 quae
2651 2689 2822 2750 nobis
2847 2688 2973 2770 jam
3012 2688 3286 2769 sequenti

613 2778 809 2857 capite
857 2779 1159 2842 facessent
1204 2780 1525 2859 negotium.

1943 2866 2179 2930 Coeant
2223 2891 2278 2940 α,
2312 2872 2348 2927 6
2390 2875 2612 2946 puncta
2666 2872 2797 2940 (Εἰς.
2838 2870 2928 2936 56)
2983 2865 3040 2926 in
3089 2885 3285 2938 unum,

1765 2965 1832 3018 ut
1876 2956 2040 3019 visus
2087 2966 2332 3019 maneat
2395 2958 2523 3018 loco
2585 2957 2826 3017 eodem:
2894 2963 3288 3034 maneantque

1782 3055 1842 3119 r'ij.
1894 3052 1967 3120 3,
2013 3068 2043 3125 y
2086 3047 2276 3125 signa,
2326 3044 2636 3107 aboleatur
2679 3063 2821 3106 vero
2880 3045 3034 3106 linea
3077 3043 3293 3123 prioris

1782 3135 2103 3198 etflwmatis
2148 3137 2305 3214 γβα,
2356 3135 2460 3195 sed
2509 3135 2639 3214 ejus
2699 3135 2828 3196 loco
2875 3153 2949 3195 ex
2994 3141 3211 3213 puncto
3259 3137 3293 3194 ὅ

1786 3227 1870 3283 ιιιΙ
1934 3227 1982 3286 ..4
2034 3230 2162 3298 (rig.
2203 3229 2294 3293 57)
2324 3224 2515 3285 eidem
2546 3223 2865 3303 parallelos
2896 3230 3074 3283 exeat
3103 3224 3291 3296 ΑΒΓ;

1526 3387 1538 3394 ..
1662 3379 1670 3395 .
1782 3317 1914 3371 ‚ima
1926 3334 2016 3391 lue
2062 3315 2366 3393 portiones
2414 3315 2547 3386 AB,
2590 3315 2710 3385 ΑΓ,
2758 3311 3049 3391 prioribus
3096 3312 3194 3388 αβ,
3226 3333 3294 3390 ay

1502 3399 1514 3407 '
1670 3399 1690 3472 ἰ
1778 3427 1842 3459 a·
1854 3427 1938 3479 ι.μι
1933 3405 2094 3465 ῑειίεε
2146 3403 2259 3464 erit
2302 3403 2484 3482 igitur
2520 3407 2633 3480 s?
2654 3401 2971 3463 translatio
3017 3400 3217 3480 puncti
3264 3424 3293 3479 y

1781 3515 1842 3547 ι·ι
1774 3483 2132 3572 μιιιιάῖὴί,
2200 3453 2464 3571 aequalis
2528 3491 2706 3572 priori
2765 3495 2851 3551 αδ
2910 3484 3292 3560 ιταιιεΙωιῖἱ

1566 3576 1734 3650 “T*
1778 3584 1862 3640 ri.
1838 3604 1934 3640 -ιιιιι
1910 3612 1961 3656 ιι,
2022 3580 2290 3647 Rursum
2339 3581 2520 3659 igitur
2564 3600 2639 3641 ex
2683 3581 2739 3642 B
2779 3588 2840 3641 et
2866 3583 2918 3640 θ’
2961 3561 3295 3672 scrihentur

1778 3672 1886 3728 slim
1950 3670 2278 3751 eccentrici
2353 3689 2456 3731 seu
2506 3670 2758 3737 itinera
2829 3669 3110 3756 pspnetae
3185 3686 3294 3769 peg

991 2995 1008 3009 ι,
1063 2921 1169 3006 rig.
1224 2936 1307 2988 57.

1774 3779 1975 3822 auram
2050 3755 2425 3835 aetherflam,
2498 3762 2629 3820 c'um
2667 3757 2914 3839 quibus
2987 3756 3185 3818 omnia
3233 3776 3290 3816 m

1774 3848 2018 3910 cirenitu
2041 3846 2215 3928 signa
2235 3823 2712 3951 transponentur,
2746 3831 3033 3925 eruntqti'e
3057 3845 3289 3917 dimen-

810 3744 1262 4102 Ὢιᾪὶἓ
1374 3952 1506 4044 si
1774 3936 1972 3998 sionis
2019 3937 2337 4023 linearum
2339 3928 2525 4016 plane
2581 3937 2845 3998 eaedem.
2938 3932 3089 4003 Sdla
3143 3934 3291 3996 haec

992 4064 993 4067 =
1190 4045 1373 4084 ,pt-22⁵³·
1774 4048 1834 4084 ι
1814 4040 1866 4084 ι
1914 4025 2267 4100 differentia,
2303 4027 2471 4107 quod
2503 4025 2639 4086 bina
2677 4025 2946 4089 binorum
2993 4025 3297 4084 eccentri-

1770 4119 1972 4177 corum
2037 4123 2291 4209 puncta,
2351 4115 2409 4176 in
2477 4115 2686 4195 quibus
2758 4113 3047 4194 planeta&
3082 4113 3293 4185 eodem

613 4214 911 4269 momento
956 4205 1264 4287 ponendus
1316 4214 1446 4282 est,
1492 4208 1618 4289 jam
1648 4227 1763 4270 non
1813 4205 2066 4284 amplius
2112 4223 2219 4284 per
2264 4224 2439 4266 unam
2491 4205 2722 4277 lineam,
2775 4201 2880 4264 s'ed
2926 4220 3032 4281 per
3082 4191 3289 4282 paral-

613 4297 763 4359 lelos
813 4315 885 4357 ex
930 4300 994 4369 Γ,
1038 4319 1086 4374 y,
1152 4294 1378 4358 duobus
1439 4297 1822 4377 aequantium
1867 4295 2135 4376 punctis,
2199 4295 2256 4356 in
2306 4308 2475 4355 suum
2540 4310 2832 4372 quamque
2898 4292 3291 4353 eccentricum

619 4387 893 4467 ejectam,
943 4384 1429 4446 determinantur.
1514 4386 1696 4449 Verbi
1734 4384 1934 4464 gratia
1963 4385 2196 4464 quando
2243 4382 2608 4444 eccentricus
2634 4386 2729 4442 θιι
2754 4380 2942 4441 habet
2983 4381 3290 4459 planetam

613 4477 671 4537 in
713 4498 760 4548 ιι,
801 4481 940 4536 tunc
979 4474 1342 4536 eccentricus
1380 4476 1479 4537 ΒΙ
1514 4474 1760 4537 habebit
1798 4473 2049 4536 eundem
2094 4473 2152 4534 in
2189 4476 2259 4548 Z,
2299 4470 2520 4533 ubi-921
2558 4478 2622 4531 et
2651 4471 2766 4532 ΒΖ
2803 4476 2945 4531 sunt
2981 4469 3290 4548 paralleli3

616 4573 681 4626 et
727 4563 960 4644 qnando
1008 4563 1105 4625 ille
1153 4563 1457 4641 planetam
1504 4560 1689 4626 habe't
1730 4564 1789 4625 in
1839 4587 1887 4636 s,
1936 4562 2029 4623 hic
2076 4581 2208 4624 eum
2255 4560 2500 4622 habebit
2541 4560 2601 4620 in
2652 4563 2712 4634 1,
2779 4557 2876 4619 ubi
2923 4576 3152 4621 rursum
3198 4563 3288 4620 θε

617 4662 678 4715 et
723 4655 836 4716 BI
873 4659 1012 4714 sunt
1064 4652 1375 4730 paralleli.
1427 4650 1629 4715 cetera
1672 4662 1883 4732 patent
1931 4671 2004 4712 ex
2053 4651 2355 4714 schemate
2403 4650 2555 4710 citra
2600 4647 3189 4738 demonstrationem.

792 4743 983 4821 Igitur
1029 4740 1080 4803 si
1124 4759 1240 4800 non
1288 4741 1468 4804 liceat
1512 4742 1702 4804 ιίειιιιι
1747 4742 2075 4804 transferre
2123 4742 2267 4812 (non
2314 4739 2456 4800 licet
2476 4746 2675 4799 autem
2703 4755 2810 4817 per
2838 4755 2989 4811 eos,
3012 4756 3109 4819 qm
3134 4737 3286 4798 Ter-

622 4851 748 4895 ram
811 4832 1037 4893 faciunt
1083 4837 1348 4891 centrum
1395 4831 1633 4905 mundi,
1695 4839 1764 4894 ut
1818 4811 2088 4912 sequenti
2145 4827 2342 4908 capite
2398 4826 2658 4900 dicetur)
2716 4832 2779 4885 et
2822 4826 3068 4904 planeta
3115 4826 3292 4887 fuerit

618 4922 969 4984 observatus
1031 4920 1089 4981 in
1150 4918 1378 5001 aliquot
1435 4920 1663 4983 zodiaci
1724 4920 1869 4982 locis
1918 4937 2151 5001 semper
2197 4915 2504 4997 oppositus
2554 4915 2746 4978 medio
2796 4916 2925 4977 loco
2973 4913 3170 4988 Solis,
3228 4925 3291 4977 et
