3517 5525
562 404 1158 466 commessationum.

173 581 308 666 junctim
340 587 492 669 aequales.
538 588 585 653 At
611 587 642 650 iu
674 583 810 651 omnibns
841 588 911 651 aliis
933 588 1000 665 ΗΒ,

177 674 243 739 VB
274 694 393 739 summa
420 676 518 740 minor
550 696 640 758 quam
662 677 737 754 HA,
765 676 857 754 AV,
874 678 919 742 sio
948 676 1008 743 GU

176 764 280 917 miAnor
302 784 394 845 quam
418 764 496 842 GA,
519 767 594 842 Au,
627 767 670 830 sic
692 766 746 830 FB
772 766 887 843 minor,
918 787 1008 850 quarn

130 974 134 988 ·
271 943 342 1007 Jam
365 944 493 1008 circulm
516 944 699 1007 extendatur
720 945 750 1007 in
770 945 895 1027 planum
919 945 1005 1028 eique
1102 944 1175 1013 ‘'xr

175 1032 282 1097 lineae
295 1034 335 1096 ad
349 1042 450 1097 rectos
472 1034 704 1110 constituantur,
730 1034 895 1097 distantiae
911 1054 1005 1117 quae·
1069 1064 1072 1077 ·

175 1120 260 1185 libet
281 1142 335 1186 suo
359 1125 440 1200 loco,
471 1130 504 1185 at
534 1124 637 1206 capita
667 1130 891 1188 connectantur·
908 1125 1005 1189 lineis.
1060 1138 1076 1179 Ι

176 1210 252 1275 Erit
274 1230 351 1293 quae
373 1232 429 1295 per
450 1212 531 1275 BBB
551 1220 620 1289 (rig.
639 1219 704 1289 tt),
727 1232 788 1276 nna
814 1222 918 1289 recta,
951 1214 1006 1277 sed

178 1320 261 1384 qnae
288 1321 344 1383 per
374 1300 467 1369 AAA
502 1302 659 1366 conchoidi
694 1302 812 1366 similia.
865 1301 1006 1384 Spatium

177 1409 254 1453 vero
276 1392 525 1473 comprehensum
548 1393 604 1455 enh
628 1390 723 1457 ODO‘
752 1400 784 1455 et
804 1392 859 1456 BB
883 1392 1007 1474 duplum

177 1478 241 1543 erit
264 1480 303 1543 ad
327 1500 430 1545 aream
458 1481 577 1558 circuli,
609 1481 679 1565 quia
708 1480 799 1545 ducta
831 1490 1010 1546 uansversa

177 1590 201 1631 a
221 1568 250 1633 Β
274 1569 304 1633 in
328 1568 367 1634 θ’
391 1571 549 1635 constituit
571 1570 754 1652 triangulum
775 1570 1009 1638 Archimedeum

176 1658 312 1742 aequale
344 1658 465 1722 circulo.
511 1661 593 1741 Ergo
625 1669 858 1723 consentaneum
886 1662 1003 1735 (forsan

177 1756 210 1811 et
235 1748 439 1811 demonstrari
460 1752 578 1830 potest)
602 1750 694 1813 etiam
718 1750 850 1831 epatium
872 1751 928 1815 sub
952 1746 1047 1814 ODG‘
1061 1756 1093 1809 et
1110 1744 1212 1811 AAA‘
1308 1738 1362 1807 ΠΕ·
1382 1734 1424 1791 ²⁹·

175 1837 346 1901 conchoide
384 1858 452 1901 essa
489 1838 610 1921 duplum
646 1840 686 1901 ad
725 1839 892 1919 quaesitam
928 1845 1064 1903 nostram
1100 1853 1211 1899 aream.

175 1926 280 1989 Vides
304 1934 415 2004 antem,
439 1928 539 2009 majus
562 1947 630 1990 eese
653 1929 711 1990 lroc
724 1928 855 2010 spatium
874 1928 936 2005 illo,
961 1928 1031 2011 quia
1047 1924 1213 2015 inponetis
1281 1926 1300 1953 ³·

175 2014 316 2079 Eet0
344 2016 530 2081 intermediis
551 2018 610 2081 EA
641 2018 760 2098 longior
789 2025 838 2080 est
870 2036 958 2099 quam
980 2016 1054 2092 ΕΒ,
1087 2023 1119 2077 et
1141 2012 1212 2078 OA‘
1250 2027 1289 2090 of,

176 2124 271 2187 qnam
295 2103 360 2170 OB.

269 2194 373 2276 Atque
394 2194 471 2259 haec
494 2194 657 2278 descriptio
674 2211 747 2257 eane
760 2200 826 2257 tarn
840 2200 888 2257 est
906 2192 1098 2277 geometrica,
1123 2208 1213 2273 quam
1247 2198 1268 2247 ll

174 2284 234 2347 illa
265 2283 468 2349 Archimedis.
519 2282 589 2347 Etsi
619 2297 692 2347 vero
724 2291 883 2348 contentus
914 2304 979 2347 eum
1010 2280 1212 2347 Archimeden

176 2374 353 2455 epharmosi
376 2373 407 2436 iu
430 2373 511 2437 linea
534 2371 640 2449 ODG‘,
662 2392 721 2435 non
748 2380 850 2436 tamen
879 2382 1038 2437 contentus
1065 2390 1132 2433 eum
1153 2370 1211 2433 hac
1243 2350 1266 2403 Ἡ
1293 2395 1294 2406 ¹

177 2461 381 2525 delineatione
396 2463 494 2527 lineae
512 2463 626 2540 ΛΑΝ,
650 2462 720 2544 quia
742 2461 934 2544 praecipitur,
958 2471 992 2527 ut
1013 2481 1067 2544 per
1089 2459 1212 2523 minima
1252 2508 1266 2564 ι

176 2570 258 2628 eam,
282 2572 361 2633 quaa
383 2559 455 2615 sunt
475 2553 603 2627 infinita
627 2559 659 2615 et
681 2551 753 2633 quia
773 2552 927 2634 proportio
951 2550 1044 2634 spatii
1067 2550 1107 2613 ad
1129 2548 1211 2630 prius

174 2642 237 2705 hoc
259 2648 350 2724 pacto
373 2640 539 2720 ignoratur.
576 2640 674 2723 Cupio
692 2649 726 2703 ut
739 2649 895 2723 geometra
914 2642 1021 2723 aliquis
1039 2660 1087 2703 me
1103 2640 1212 2703 doceat
1257 2701 1260 2704 .

176 2731 437 2813 comparationem
468 2732 641 2814 planorum:
676 2730 782 2794 deinde
805 2737 839 2793 ut
872 2730 983 2808 eciam,
1015 2737 1109 2814 quota
1138 2748 1210 2811 pare

177 2821 270 2902 liujus
306 2821 453 2900 incogniti
489 2821 574 2905 plani
615 2821 828 2902 superinsistat
868 2829 1094 2903 quotaecnoque
1129 2819 1211 2902 parti
1248 2809 1267 2860 ὓ

177 2911 281 2974 lineae
304 2907 408 2976 clic‘.

268 3000 319 3065 An
343 3017 415 3081 ergo
439 2997 502 3072 (din
524 3000 694 3079 geometra)
717 2999 837 3079 planum
859 3000 918 3062 hoc
942 2999 1023 3063 circa
1045 3000 1209 3084 cylindrum

176 3096 328 3172 aptatum,
351 3098 388 3152 ut
409 3089 512 3170 capita
534 3086 601 3165 CA,
627 3087 707 3168 C‘lll
729 3094 853 3166 cedant,
884 3087 995 3152 lineam
1027 3090 1210 3153 conchoidea
1241 3077 1351 3188 vir„
1436 3165 1439 3178 Ι

177 3179 300 3242 ordinat
313 3178 343 3242 in
358 3177 626 3243 circumferentiam
641 3177 825 3259 ellipticam?
843 3178 974 3242 minime.
998 3177 1061 3241 Sed
1075 3177 1208 3260 relinquo
1276 3191 1281 3258 ξ
1439 3183 1442 3196 “

175 3276 354 3350 geometrae
375 3267 577 3332 refutandum.
821 3317 824 3323 ,
1277 3259 1281 3278 “

266 3359 395 3421 Invento
429 3357 508 3440 quod
536 3356 585 3419 hic
616 3355 744 3437 petitor,
776 3354 864 3420 simul
895 3355 1085 3418 inveniuntur
1121 3374 1208 3417 arcus
1277 3365 1280 3420 Ξ

175 3447 339 3529 ellipoidia
367 3448 447 3510 Nam
460 3453 496 3509 ut
511 3446 633 3528 planum
646 3442 714 3509 ΔΨ
731 3443 770 3507 ad
787 3445 909 3525 planum
925 3443 1000 3521 130¹,
1020 3447 1064 3508 sic
1078 3445 1207 3507 circnm-

176 3537 311 3600 ferentia
335 3536 438 3600 circuli
460 3534 526 3600 CO‘
552 3535 592 3597 ad
614 3534 886 3598 circumferentiam
916 3532 1075 3616 ellipoidie.
1121 3532 1209 3606 Quae

177 3627 239 3690 atei
262 3625 381 3689 brevior
403 3631 452 3688 est
479 3643 569 3706 quam
591 3619 676 3688 360⁰
700 3624 818 3700 circuli,
845 3625 1035 3688 nihilominus
1063 3632 1163 3689 mareu
1186 3620 1207 3687 4

176 3724 280 3780 rectos
302 3713 475 3792 tubtendit,
507 3731 567 3776 non
590 3714 687 3777 minus
710 3731 798 3796 quam
827 3715 1065 3778 circumferentia
1087 3713 1205 3778 circuli:

177 3826 216 3869 eo
243 3805 323 3888 quod
345 3812 378 3867 et
404 3803 526 3886 propior
547 3803 582 3866 fit
603 3813 707 3866 centro
733 3822 787 3884 per
817 3812 938 3885 partes,
967 3824 1055 3886 quam
1078 3804 1205 3868 circum-

177 3893 314 3958 ferentia
334 3894 448 3957 circuli.
493 3893 579 3955 Haec
601 3902 701 3955 autern
728 3894 978 3975 appropinquatio
1001 3894 1041 3956 ad
1063 3904 1197 3959 centrum
1226 3915 1343 3962 rursum
1367 3897 1529 3980 quaeritur,

177 3984 328 4066 quomodo
360 3983 541 4065 geometrice
572 3981 749 4060 investigari
775 3983 890 4062 possit,
919 3992 955 4045 ut
977 3983 1102 4064 angulus
1127 3987 1165 4048 ad
1189 3997 1360 4070 susceptum
1387 3996 1528 4070 punctum

176 4075 337 4137 habeatur.
1174 4118 1176 4126 .

269 4162 376 4244 Itaque
398 4159 561 4223 distantiae
584 4167 610 4230 d
632 4180 651 4221 a
675 4157 715 4237 Θ
738 4156 795 4240 per'
822 4168 959 4243 tempora
982 4136 1184 4227 ac'cumulatas
1208 4151 1345 4229 numerat
1367 4165 1488 4246 planum
1511 4187 1530 4230 a

177 4273 228 4318 me
252 4251 434 4332 expeditum,
458 4248 622 4312 dmundae
645 4249 702 4311 liae
724 4249 782 4315 iter
804 4250 947 4329 planetae
961 4251 991 4312 in
1006 4252 1162 4334 ellipoidee
1179 4256 1251 4328 (uon
1271 4263 1437 4330 numerant,
1459 4255 1529 4331 sed)

178 4341 380 4417 constituunt,
412 4339 474 4401 iter
494 4355 567 4399 vero
588 4338 646 4401 hoc
668 4357 735 4401 curn
757 4339 912 4402 distantiis
936 4340 1093 4404 constituit
1119 4345 1260 4424 angulum
1283 4345 1450 4408 anomaliae
1473 4363 1528 4407 co-

178 4439 339 4512 aequatae,
362 4429 593 4510 respondentem
617 4429 744 4509 tempori
768 4429 806 4492 ab
831 4449 966 4511 apogaeo
990 4430 1103 4511 elapso.
1144 4433 1251 4496 Erraui
1275 4435 1365 4514 igitur
1383 4435 1528 4498 hactenus

177 4520 375 4597 existimans,
407 4517 557 4581 numerari
581 4516 742 4580 distantiae
770 4539 824 4580 seu
852 4519 882 4582 in
913 4529 1057 4582 summam
1090 4523 1190 4603 colligi
1214 4526 1345 4605 aplane
1369 4522 1527 4604 ellipoidie,

177 4610 261 4694 quod
282 4610 406 4690 planeta
427 4605 582 4671 describit.
628 4607 751 4670 Minime
779 4607 889 4672 alicubi
917 4609 996 4671 enim
1024 4620 1157 4676 moratur
1179 4613 1278 4695 ibique
1302 4613 1412 4676 multae
1435 4631 1527 4674 accu-

175 4701 277 4764 mulat
299 4697 470 4762 distantias.
507 4705 605 4772 (comp.
625 4703 686 4772 cap.
703 4704 770 4770 xli.)

267 4787 472 4840 Declarationem
490 4789 687 4841 arremarensem
704 4787 908 4840 Matucaium
926 4784 1017 4853 (comp.
1037 4787 1103 4840 Hist.
1123 4789 1190 4843 cosi.
1211 4791 1243 4844 ad
1261 4795 1373 4856 tempora
1389 4785 1526 4854 adscripta)

175 4861 268 4927 qur'bns
286 4875 346 4910 usus
363 4866 403 4912 est
418 4859 551 4926 Ksplerur,
571 4861 604 4912 ad
621 4860 696 4910 finem
712 4859 785 4924 huius
803 4860 922 4924 epistolae
938 4861 1124 4925 reservavimus,
1142 4877 1216 4929 quam
1236 4863 1313 4913 codex
1330 4859 1527 4924 Panopolitanur

176 4933 279 4986 exhibet
296 4931 353 4982 tolio
372 4945 411 4994 eo,
428 4947 476 4996 qno
494 4932 618 4996 Ksplerns
636 4931 690 4982 adit
706 4934 791 4982 literar
808 4933 915 4982 Fabricii
933 4932 957 4980 d.
977 4932 1000 4981 d.
1023 4930 1063 4982 li.
1083 4936 1149 5011 Aug.
1170 4935 1255 5005 (supra
1273 4949 1298 5012 p.
1318 4930 1373 4999 90),
1392 4933 1528 5006 praemissa

176 5017 211 5064 es
228 5003 349 5076 opimius
366 5009 438 5072 parte
457 5001 518 5068 („da
536 5001 713 5070 trohadam)
730 5019 804 5079 quara
821 5005 990 5080 praeustam
1008 5017 1032 5080 p.
1053 5002 1095 5068 13.
1126 5003 1130 5010 ’
