3517 5525
322 415 387 486 398
799 416 1197 476 sentennaco-amm*

319 617 405 664 mane
427 617 482 680 pro
505 599 620 680 regula,
642 603 679 660 ut
698 597 812 661 dictum
834 606 891 672 est,
914 599 1068 679 augendae
1092 597 1174 664 Solis
1197 595 1337 662 diametri
1360 595 1468 678 angulo
1492 591 1661 660 anomaliae

318 695 515 770 coaequatae3
548 687 667 769 atejus
688 707 780 752 sensu
807 687 1008 768 exigunmad
1033 693 1151 769 tempus
1173 688 1309 768 privata,
1341 686 1552 770 quippeteoto
1576 686 1660 765 Sole,

316 785 431 859 posset,
453 777 480 839 si
503 777 562 840 diis
582 776 693 858 placet,
716 795 911 859 compensare
934 778 1013 859 quod
1034 776 1228 858 neglexisset,
1252 777 1325 840 Sole
1347 793 1464 839 rursum
1491 783 1661 856 emergente

318 875 350 930 et
372 865 552 930 anomaliam
573 873 768 948 coaequatam
789 867 951 937 reducente
974 867 1004 928 in
1028 875 1231 948 conspectum:
1250 866 1445 929 'Dominatur
1468 864 1546 928 enim
1567 883 1664 940 mens,

319 957 347 1021 si
369 975 428 1039 qna
450 962 513 1032 est,
544 954 666 1017 animali
688 955 842 1031 facultati,
865 973 959 1037 eaque
982 955 1060 1019 alias
1083 957 1176 1019 etiam
1204 955 1403 1038 inaequaliter
1432 953 1526 1020 utitur
1553 970 1607 1035 pro
1630 973 1665 1016 re

318 1052 401 1108 nata
450 1043 512 1109 Gur
533 1064 593 1107 non
615 1043 706 1125 igitur
729 1053 762 1106 et
782 1045 832 1108 hic
854 1063 893 1107 ea
915 1051 1002 1108 extra
1025 1045 1158 1117 ordinem
1180 1052 1314 1108 uteretur
1336 1044 1375 1106 ad
1398 1043 1562 1106 tollendam
1584 1043 1664 1106 bane

318 1135 551 1214 discrepantiam
573 1152 731 1196 mensurae
747 1133 931 1208 (anomaliae
945 1137 1145 1216 coaequatae)
1160 1142 1191 1196 et
1208 1132 1372 1196 mensurati
1387 1131 1539 1205 (diametri
1553 1131 1663 1208 Solis),

318 1241 394 1306 quae
416 1241 471 1304 per
492 1222 574 1287 Solis
597 1222 723 1303 eclipsin
755 1223 942 1305 irrepserat?
988 1223 1068 1296 Quid
1097 1224 1175 1305 quod
1206 1223 1297 1285 etiam
1325 1222 1377 1284 alii
1400 1221 1567 1302 hujusmodi
1594 1230 1666 1284 snut

320 1313 407 1393 tardi
422 1318 539 1387 motos,
562 1320 597 1373 nt
618 1312 872 1394 aequinoctiorum
894 1313 1085 1393 praecessio,
1108 1321 1176 1375 orta
1198 1331 1235 1374 ex
1259 1311 1326 1374 axis
1347 1311 1479 1373 Telluris
1501 1309 1665 1374 directione

321 1403 359 1464 ad
383 1401 461 1464 alias
484 1409 574 1483 atque
596 1399 674 1464 alias
696 1403 786 1476 tinas,
819 1420 879 1464 non
902 1401 941 1462 ad
963 1401 1087 1465 Solem?
1118 1401 1167 1466 nbi
1190 1401 1264 1464 nihil
1287 1403 1401 1462 officere
1423 1405 1526 1481 potest
1548 1399 1665 1480 Solaria

317 1491 439 1554 luminis
462 1490 590 1566 auersio,
614 1509 681 1553 cum
703 1509 759 1554 neo
782 1491 916 1570 ejusdem
938 1493 1111 1571 praesentia
1133 1491 1217 1552 illam
1240 1491 1357 1554 efficiat.
1460 1507 1462 1514 ’

406 1580 512 1660 Itaque
543 1586 577 1642 nt
599 1578 800 1660 ἀντιφραξοων
820 1580 1054 1660 magneticarum
1082 1579 1257 1660 effugiamus
1289 1578 1478 1642 incommoda
1508 1577 1599 1640 etiam
1631 1577 1662 1641 in

221 1705 225 1717 ι
316 1668 449 1750 propriis
477 1669 665 1748 planetarum
693 1668 919 1744 librationibus,
951 1689 1010 1736 non
1037 1669 1134 1732 minus
1158 1689 1245 1750 quam
1273 1686 1338 1749 cap.
1362 1667 1497 1731 XXXV.
1521 1667 1552 1728 in
1579 1685 1664 1730 com-

317 1758 400 1820 muni
421 1765 511 1837 raptu
535 1777 572 1819 ex
594 1758 683 1833 Sole,
716 1757 874 1820 dicendum
895 1765 958 1834 est,
993 1758 1103 1822 similia
1125 1759 1251 1839 quidem
1266 1777 1334 1820 esse
1363 1775 1453 1836 posse
1475 1756 1664 1836 planetarum

318 1865 447 1925 corpora
469 1865 562 1908 causa
583 1847 771 1927 magneticae
793 1846 1011 1927 dispositionis,
1035 1847 1089 1910 aad
1112 1855 1164 1909 ant
1187 1847 1305 1928 longius
1328 1846 1366 1908 ab
1386 1845 1514 1908 invicem
1536 1853 1662 1920 remam,

317 1954 407 2018 qnam
435 1943 470 1998 ut
492 1935 580 1997 orbes
602 1937 746 1999 virtutum
767 1937 958 2017 planetarum
980 1943 1088 1999 coeant
1108 1945 1226 2012 mutuo,
1259 1944 1312 1998 aut
1338 1929 1493 1997 fortiorem
1522 1935 1664 1997 nauum

317 2044 356 2088 ex
378 2024 449 2087 Sole
472 2032 660 2086 emanantem
683 2027 758 2099 (non
779 2025 878 2088 minus
898 2025 992 2101 illam,
1015 2043 1091 2107 quae
1115 2025 1252 2107 proprias
1274 2026 1461 2106 planetarum
1483 2023 1610 2086 virtutes
1632 2023 1664 2086 in

316 2120 416 2176 acarna
431 2114 522 2189 elicit,
546 2133 636 2194 quam
657 2115 752 2189 illam,
775 2134 852 2195 quae
874 2115 946 2177 illos
968 2116 999 2178 in
1014 2115 1115 2177 orbem
1138 2115 1242 2196 rapit),
1266 2133 1354 2196 quam
1377 2121 1410 2176 ut
1424 2111 1542 2192 objectu
1565 2111 1662 2174 imbe-

315 2201 440 2264 cillioris
463 2202 632 2283 corpusculi
655 2203 793 2283 impediri
816 2203 936 2266 omnino
958 2204 1066 2285 possit,
1095 2204 1148 2266 eed
1170 2203 1311 2278 transire,
1326 2209 1368 2264 ut
1387 2202 1442 2264 lux
1464 2213 1519 2281 per
1540 2201 1662 2280 globum

315 2309 443 2374 aqueum
465 2291 592 2368 transit;
615 2299 670 2354 aut
690 2299 794 2355 tantae
817 2291 966 2356 exilitatis
989 2295 1057 2355 esse
1073 2311 1199 2374 corpora
1220 2293 1419 2373 planetarum,
1444 2298 1477 2353 ut
1499 2289 1575 2352 nihil
1598 2289 1663 2354 effi-

316 2381 413 2456 ciant;
445 2400 501 2443 nec
523 2380 626 2444 Solem
657 2400 786 2463 unquam
814 2382 867 2444 ulli
894 2383 1098 2463 planetarum,
1130 2382 1181 2463 qni
1204 2402 1223 2443 a
1246 2381 1318 2444 Solo
1347 2387 1497 2456 movetur,
1530 2378 1569 2440 ab
1602 2379 1662 2441 alio

313 2470 437 2550 planeta
458 2470 490 2531 in
513 2470 643 2532 solidum
664 2470 817 2552 intercipi,
840 2471 1088 2552 quemadmodum
1109 2471 1224 2534 Telluri
1244 2470 1300 2534 Sol
1317 2471 1438 2534 aLuna
1459 2481 1610 2550 nunquam
1632 2467 1663 2530 iu

314 2557 444 2621 solidum
472 2556 669 2640 intercipitur.
715 2561 795 2623 Nam
817 2560 876 2622 etsi
898 2561 1001 2623 Lunae
1017 2559 1143 2641 quidem
1166 2569 1248 2623 totus
1271 2559 1327 2642 Sol
1349 2559 1465 2641 aliquot
1486 2555 1570 2620 horis
1599 2556 1662 2638 tegi
1737 2613 1742 2622 .

314 2655 428 2728 potest,
458 2655 491 2710 at
503 2648 591 2710 Luna
604 2667 664 2711 non
682 2648 809 2711 libratur
823 2667 930 2712 versus
944 2648 1057 2724 Solem,
1082 2650 1136 2712 sed
1151 2657 1256 2716 versus
1272 2651 1407 2723 Terram,
1430 2647 1519 2728 cujus·
1537 2653 1662 2734 aspectu

313 2737 381 2818 ipsa
408 2737 520 2817 privari
548 2755 697 2821 nunqnam
726 2745 844 2821 potest,
877 2757 944 2802 cum
966 2739 1083 2803 Lunam
1113 2740 1192 2802 inter
1222 2745 1255 2801 et
1276 2739 1429 2801 Tellurem
1457 2755 1565 2819 corpus
1592 2735 1660 2799 nnl-

313 2825 375 2890 lum
396 2825 526 2891 intorsit
1280 2834 1281 2839 ’
1361 2868 1364 2875 1

401 2913 518 2987 Quodsi
538 2924 641 2979 muron
663 2915 754 2978 alicui
775 2916 895 2979 videtur
916 2916 1092 2997 plausibile,
1124 2916 1341 2997 manspositum
1368 2930 1570 2996 apogaeornm
1593 2913 1660 2977 'esse

312 3011 570 3081 momentaneum,
603 3013 635 3067 et
657 3024 695 3066 ex
715 3006 774 3067 hac
802 3025 895 3069 causa
916 3004 1055 3085 eclipsati
1079 3004 1162 3069 Solis
1186 3005 1275 3067 oriri:
1290 3010 1291 3017 ’
1308 3004 1392 3067 dicat
1417 3004 1459 3079 is,
1492 3002 1519 3067 si
1549 3004 1659 3084 placet,

312 3112 351 3155 ne
378 3091 499 3156 libratio
525 3095 582 3157 sub
604 3094 730 3174 eclipsin
757 3095 926 3175 interrupta
948 3095 1031 3167 (dnm
1058 3095 1183 3176 planeta
1211 3093 1330 3156 interim
1353 3114 1373 3155 a
1394 3094 1466 3157 Sole
1494 3092 1660 3159 translatus

312 3190 362 3245 est
383 3182 415 3245 in
428 3182 521 3247 alium
534 3184 675 3264 angulum
688 3182 838 3266 aliamque
854 3184 920 3263 ejus
943 3183 1164 3257 fortitudinem)
1186 3181 1294 3264 eclipsi
1305 3181 1390 3245 finita
1403 3181 1535 3245 subitum
1550 3180 1658 3243 celeri-

312 3271 386 3334 tatis
409 3270 600 3335 intervallnm
622 3272 778 3347 admittat,
811 3272 879 3334 ideo
903 3271 1090 3352 compensari
1113 3271 1191 3335 hunc
1220 3271 1323 3351 anguli
1351 3271 1461 3333 saltum
1490 3290 1509 3331 a
1537 3270 1660 3351 planeta

312 3360 397 3442 ipso,
431 3361 624 3425 inclinatione
647 3362 713 3424 axis
735 3362 791 3423 tali
815 3362 897 3423 iacta
928 3362 968 3423 ad
1000 3362 1104 3424 Solem
1133 3370 1204 3442 post
1233 3359 1374 3442 eclipsin,
1392 3360 1505 3442 'qualis
1532 3367 1599 3421 erat
1630 3359 1661 3421 in

313 3449 461 3532 principio
474 3450 606 3531 eclipsis.
646 3450 698 3513 Sic
721 3450 800 3513 enim
819 3450 1002 3513 obtinebitur
1024 3451 1228 3532 transpositus
1242 3450 1437 3533 apheliomm,
1462 3448 1516 3517 sed
1539 3449 1658 3511 saltua-

314 3540 369 3601 tim
391 3539 501 3615 factus,
525 3546 556 3602 et
578 3539 691 3601 durans
712 3538 848 3618 plurimis
870 3539 958 3601 annis
981 3538 1086 3603 eodem
1108 3540 1176 3603 loco
1199 3538 1254 3603 sub
1276 3538 1358 3613 lixis,
1384 3538 1477 3600 donec
1500 3536 1563 3599 alia
1585 3556 1660 3601 con·

313 3627 418 3708 tingat
433 3628 574 3709 planetae
598 3626 764 3690 offuscatio.
802 3628 862 3690 Illa
884 3646 954 3690 vero
976 3629 1058 3709 prior
1081 3646 1173 3691 causa
1194 3626 1440 3709 transpositionis
1464 3625 1659 3707 apheliornm,

314 3726 382 3779 orta
413 3736 452 3779 ex
483 3718 671 3780 aberratione
702 3716 873 3779 librationis
897 3737 916 3778 a
938 3716 1064 3783 circuitu
1094 3718 1149 3780 snb
1171 3717 1255 3794 lixis,
1289 3724 1410 3797 propter
1442 3716 1661 3795 dysompqcor

314 3806 441 3870 alterius
457 3807 496 3868 ab
511 3807 608 3869 altero
622 3823 740 3880 nexum,
755 3806 852 3886 magis
865 3813 950 3869 esset
963 3826 1017 3888 pro
1032 3806 1182 3889 aequabili
1196 3822 1397 3889 apogaeomm
1411 3802 1657 3885 manspceitiona.

400 3894 537 3977 Denique
555 3902 663 3958 neutm
684 3895 791 3959 barum
808 3914 966 3958 cansarum
988 3895 1119 3969 valente,
1142 3896 1254 3959 babeat
1271 3914 1356 3959 mens
1371 3894 1494 3957 animali
1512 3894 1661 3957 instructa

299 3984 471 4059 ‘facultate
494 4004 569 4067 quae
591 3991 714 4066 praeest
735 3985 887 4047 constanti
902 3984 1060 4048 directioni
1074 3983 1141 4048 axis
1163 3984 1333 4066 magnetici,
1356 3982 1414 4046 boc
1436 3982 1528 4045 etiam
1543 4002 1660 4058 munus,

315 4072 478 4135 inclinandi
497 4075 563 4155 ejus
586 4090 727 4136 successu
750 4074 926 4137 seculomm.
963 4075 1008 4137 At
1029 4092 1084 4136 nec
1106 4076 1170 4137 ulla
1196 4075 1302 4139 harum
1326 4090 1484 4137 causarum
1506 4088 1561 4135 nec
1583 4072 1660 4134 adeo

316 4168 415 4223 mente
437 4162 469 4224 in
497 4164 668 4226 universnm
697 4168 797 4225 stante
830 4163 1055 4245 acquiescamus
1077 4164 1107 4225 in
1130 4170 1254 4226 natura:
1289 4180 1454 4246 quaecum
1477 4160 1661 4225 aliaomnia

316 4250 461 4332 expedita
482 4252 576 4329 dedit,
598 4259 664 4316 tum
682 4250 775 4315 etiam
796 4260 895 4315 motus
910 4252 1095 4332 aphelicrum
1117 4252 1297 4316 luculentam
1313 4252 1500 4317 occationem
1519 4250 1659 4315 ostendit
