3517 5525
702 399 786 468 aeas
802 402 917 462 neae
1403 401 1477 486 :455

140 583 239 653 iecisti
280 583 405 646 idearum
433 579 520 660 igitur
545 589 664 660 partium
691 589 759 654 erit,
781 591 938 647 occasiones
958 592 1028 645 bene
1049 581 1224 648 collocandae
1245 581 1326 666 hujus
1348 593 1478 672 a'lldagn.

139 673 200 726 Tua
230 670 295 725 mibi
325 671 489 742 impetratae
516 670 727 726 benevolentiae
747 671 958 742 circumspicere.
1001 673 1116 742 (Spectat
1139 679 1176 728 bis
1203 680 1236 730 K.
1263 685 1388 734 consilinm
1415 687 1476 736 Hor·

139 762 208 809 omi
228 758 259 808 de
276 757 367 808 odaria
385 773 429 808 sno
446 753 620 822 impetrando).
660 751 760 805 Altera
786 751 907 821 epistola
931 754 957 807 d.
982 748 1025 808 16.
1051 751 1133 821 hiijm
1157 753 1219 822 jam
1248 757 1364 826 scripta,
1386 759 1479 830 Praga

139 833 204 888 mihi
224 821 397 886 Brendisium
416 837 461 884 est
479 831 667 888 transmissa.¹
689 831 749 892 Quo
769 831 856 886 minua
876 831 968 886 mirari
989 833 1071 892 debes
1093 840 1200 902 turpem
1221 839 1392 892 amanuensis
1419 857 1478 892 rus·

140 912 226 968 licani
242 927 364 966 manum.
406 911 542 969 blisiosem
561 927 649 965 meam
668 925 788 975 manum,
810 911 863 965 nisi
883 911 994 966 confuse
1012 914 1157 969 admodum
1176 921 1251 968 esset
1271 917 1403 986 disposita
1423 937 1480 973 res·

123 1025 130 1029 ·-
140 992 246 1065 pensio.
266 1020 307 1056 -ε
325 993 369 1045 De
389 999 450 1045 arte
470 991 619 1063 navigandi
640 990 773 1044 sollicitos
793 992 927 1046 hactenus
949 1007 1003 1046 non
1023 991 1073 1056 fut,
1103 993 1202 1064 quippe
1224 995 1373 1050 latissimae
1395 1001 1478 1052 conti-

141 1073 231 1142 nentis
252 1073 391 1134 alumnum
420 1086 454 1124 ac
474 1089 508 1125 ne
529 1071 644 1125 Nonium
664 1069 770 1141 quidem
799 1071 871 1142 legi,
898 1071 948 1142 qui
973 1072 1078 1143 quidem
1099 1076 1233 1128 exstabat
1257 1075 1285 1129 in
1312 1077 1481 1133 bibliotheca

139 1153 296 1224 'frobenia-
329 1151 426 1206 lncidit
451 1159 558 1214 mmen,
588 1151 721 1221 prodiisse
751 1169 805 1205 non
831 1153 873 1205 ita
902 1151 1005 1222 pridem
1026 1154 1060 1208 H.
1082 1153 1170 1206 Grotii
1199 1155 1477 1218 ,Limenheuresice.'·‘

138 1234 184 1308 De
203 1231 341 1304 magnetis
360 1247 427 1306 vero
447 1237 549 1289 natura
568 1230 752 1286 Gilbertns
772 1231 926 1286 doctissime
947 1232 1064 1302 scripsit.
1106 1233 1150 1286 De
1170 1234 1385 1305 longitudinibus
1407 1241 1479 1292 locc-

141 1331 200 1368 rum
212 1311 351 1367 beneficio
364 1312 501 1384 magnetis
516 1311 544 1366 in
558 1310 651 1366 mediis
665 1311 743 1366 undis
757 1311 926 1366 addiscendis
942 1312 973 1367 G.
995 1313 1212 1368 Nautonnier
1232 1315 1310 1369 Sieur
1324 1320 1357 1370 de
1373 1315 1478 1372 Castel-

141 1395 219 1448 iranc
238 1411 273 1445 en
293 1393 461 1464 Languedoc
481 1383 710 1462 splendidissimas
729 1391 859 1462 proponit
878 1392 1098 1467 speculationes„
1130 1399 1169 1447 At
1197 1412 1231 1448 ne
1260 1395 1338 1450 irrita
1367 1399 1481 1452 consilia

141 1474 197 1528 sint
223 1473 440 1546 gubernaculum
467 1489 549 1526 manu
562 1470 755 1534 ··versantibus,
787 1471 867 1526 valde
896 1489 1000 1538 vereor.
1042 1473 1143 1527 Vocem
1172 1474 1257 1539 enim,
1279 1494 1294 1528 e
1316 1479 1478 1532 continentis

142 1553 292 1609 meditullio
312 1553 471 1624 longissime
485 1553 643 1622 proiectam,
664 1550 784 1621 palinuri
803 1553 903 1606 medios
925 1553 996 1606 inter
1015 1555 1112 1608 lluctus
1127 1545 1221 1608 oceani
1243 1573 1297 1610 non
1317 1556 1397 1610 facile
1418 1575 1479 1628 per-

142 1635 256 1704 cipiunt,
276 1640 309 1687 ut
323 1635 358 1687 ad
378 1649 439 1688 eam
458 1649 520 1687 sese
535 1648 695 1702 componere
714 1631 829 1702 possint.
864 1632 925 1686 Vidi
946 1639 975 1686 et
989 1633 1152 1688 Germanum
1166 1635 1291 1706 aliquem,
1313 1637 1358 1706 qui
1373 1637 1479 1691 infolio

142 1711 243 1786 regali,
264 1713 367 1767 chartis
387 1729 461 1767 mere
474 1713 591 1767 nauticis
612 1711 810 1766 nanticensis
830 1719 973 1776 exornato,
995 1713 1203 1783 descriptionem
1218 1713 1344 1769 exhibuit
1364 1719 1479 1771 omnium

143 1795 254 1849 litorum
278 1794 364 1848 'maris
384 1793 487 1848 Baltici
515 1801 546 1848 et
567 1792 669 1847 'oceani
689 1792 852 1856 Germanici,
879 1793 1049 1863 Aquitanici,
1071 1793 1241 1859 Cantabrici,
1273 1812 1357 1865 usque
1378 1799 1478 1851 Gades.

144 1877 175 1930 ln
196 1892 229 1928 eo
249 1875 340 1928 tluxus
360 1881 391 1928 et
409 1875 531 1928 refluxus
558 1873 646 1928 maris
666 1879 796 1927 accurata
815 1872 970 1927 continetur
990 1873 1139 1944 explicatio
1161 1881 1365 1946 ceterorumque
1386 1876 1481 1932 oceani

143 1962 273 2010 motuum.
312 1955 416 2010 Nomen
436 1953 560 2021 auctoris,
575 1952 685 2008 excidit

232 2043 448 2114 Aliquammulta
472 2045 505 2096 de
525 2043 579 2096 hac
598 2060 628 2097 re
648 2042 676 2096 in
695 2043 740 2096 Fr.
761 2041 917 2096 Patricio
938 2041 1123 2097 inveniuntur:
1151 2044 1272 2114 quamvis
1294 2044 1316 2098 is
1337 2063 1479 2116 perperam

143 2123 250 2178 Lunam
270 2121 308 2192 (si
328 2125 398 2180 bene
418 2118 540 2191 memini)
560 2122 706 2177 excludere
731 2129 847 2177 conamr
876 2139 894 2177 a
924 2120 1139 2176 consideratione
1169 2129 1320 2180 causarum.
1359 2127 1404 2182 Ex
1433 2127 1481 2180 illo

145 2206 282 2258 Germano
296 2210 408 2258 anctore
422 2210 491 2259 nata
515 2203 580 2256 mibi
593 2210 637 2256 est
657 2203 728 2256 haec
741 2202 906 2272 speculatio:
928 2219 946 2256 a
958 2203 1038 2256 Luna
1051 2202 1138 2256 rnaria
1151 2202 1190 2270 sic
1203 2205 1316 2269 attrahi,
1338 2213 1369 2260 ut
1383 2207 1482 2278 grevia

145 2283 235 2338 omnia
255 2284 370 2354 ipsaque
382 2284 472 2338 maria
485 2283 663 2338 attrabuntur
681 2299 700 2337 a
719 2283 813 2337 Terra.
847 2284 933 2338 Terra
947 2282 1053 2352 quidem
1074 2283 1170 2336 fortius
1186 2285 1311 2348 attrabit,
1333 2295 1481 2356 propterea
1576 2275 1583 2282 “

145 2364 233 2418 maria
252 2381 306 2418 non
326 2372 443 2436 surgunt
463 2364 492 2418 in
509 2369 604 2418 aerem
624 2363 780 2418 deserentia
800 2362 925 2426 Terram,
958 2363 1005 2416 sed
1025 2365 1212 2418 tantummodo
1237 2363 1361 2422 teruntur
1381 2367 1482 2422 Terrae

145 2444 331 2498 incumbentia
351 2461 371 2498 a
388 2445 524 2500 lateribus
545 2443 667 2498 omnibus
687 2459 782 2497 versus
811 2443 954 2508 torridam,
985 2449 1016 2496 ut
1036 2442 1074 2496 ibi
1094 2443 1209 2514 ejusque
1229 2460 1265 2499 ea
1284 2453 1380 2514 parte,
1412 2464 1482 2517 quac

144 2525 241 2579 Lunae
270 2525 368 2578 subest
395 2523 674 2598 perpendiculariter,
705 2542 738 2578 eo
757 2530 892 2577 momento
913 2522 1069 2593 superficies
1091 2523 1185 2576 oceani
1214 2525 1265 2579 liat
1292 2525 1382 2583 altior.
1423 2529 1483 2581 Hoc

146 2606 220 2659 lacto
245 2606 382 2658 nudantur
402 2605 549 2675 Europaea
568 2605 665 2668 litora,
695 2605 760 2676 quia
780 2605 814 2674 ad
835 2604 909 2657 latus
931 2603 1029 2673 posita.
1069 2603 1149 2656 Luna
1169 2604 1295 2670 abeunte,
1317 2623 1376 2660 cum
1397 2608 1483 2662 maria

146 2687 181 2740 ob
211 2685 369 2740 tarditatem
389 2693 419 2738 et
438 2683 575 2754 objectum
604 2684 714 2740 litorum
733 2684 876 2738 Americae
896 2684 975 2754 sequi
994 2701 1048 2737 non
1067 2683 1188 2752 possint,
1219 2701 1366 2756 suspensus
1396 2694 1485 2742 tumor

147 2782 278 2838 aquarum
299 2766 364 2821 sidit
383 2767 434 2820 sub
455 2765 558 2821 torrida
577 2773 783 2836 sequanturque
801 2764 959 2835 superficies
980 2764 1107 2827 marium,
1137 2770 1270 2837 teguntur
1289 2775 1318 2820 et
1340 2768 1485 2837 implentur

147 2848 245 2899 iterum
265 2846 395 2917 Europae
416 2846 507 2903 litora.
540 2845 691 2916 Implentur
711 2851 877 2899 autemnon
892 2846 928 2898 ad
948 2842 1138 2914 aequilibrium
1158 2861 1217 2899 cum
1232 2862 1333 2901 oceano
1354 2848 1482 2913 torridae,

147 2928 196 2980 sed
216 2926 298 2980 altius
320 2927 355 2980 ob
375 2925 506 2997 impetum
524 2925 628 2979 ruentis
648 2928 779 2980 undarum
799 2924 877 2979 molis
899 2917 1012 2994 (wegen
1031 2925 1079 2977 des
1099 2921 1281 2996 Schwungs),
1301 2934 1333 2979 ut
1353 2927 1380 2981 in
1401 2928 1485 2982 situla

148 3024 198 3060 sou
218 3003 298 3060 labro
326 3022 400 3077 aqua
423 3006 507 3061 semel
534 3012 624 3068 mota,
654 3005 701 3059 ubi
730 3006 859 3075 impetum
889 3004 997 3074 accepit
1016 3003 1165 3057 diutissime
1194 3005 1348 3075 reciprocat
1376 3009 1481 3071 fluctus,

147 3086 283 3158 paulatim
304 3086 436 3151 minores,
465 3081 552 3140 ¹donec
580 3086 695 3156 denique
722 3086 855 3156 quiescat.
895 3085 991 3155 ltaque
1011 3084 1091 3137 Luna
1120 3083 1273 3149 occidente,
1304 3103 1364 3140 cum
1390 3089 1485 3142 oceani

147 3166 234 3221 moles
254 3166 358 3236 impetu
372 3167 506 3220 subrecta
519 3165 618 3219 nostris
640 3166 779 3219 incumbat
790 3164 926 3227 litoribus,
949 3162 1000 3217 etsi
1017 3163 1078 3232 jam
1098 3163 1177 3217 nulla
1196 3181 1268 3218 nova
1282 3182 1367 3220 causa
1381 3168 1484 3221 coeles·

148 3248 187 3300 tis
205 3252 319 3301 revocat
339 3262 427 3318 aquas
447 3248 498 3301 sub
519 3247 662 3300 torridam:
691 3244 768 3315 ipsae
793 3252 886 3299 tamen
912 3261 941 3297 se
971 3243 1037 3313 ipsis
1058 3248 1087 3296 et
1107 3250 1205 3313 suopte
1226 3247 1358 3314 pondere,
1388 3254 1484 3317 utpote

148 3328 225 3381 ultra
239 3326 430 3397 aequilibrium
450 3327 554 3397 impetu
573 3326 722 3379 subrectae
736 3332 879 3380 recurrunt
899 3324 950 3379 sub
964 3322 1094 3377 torridam
1114 3322 1205 3393 ibique
1226 3342 1324 3379 norum
1345 3334 1484 3393 tumorem,

149 3408 223 3477 apud
243 3424 293 3461 nos
323 3424 387 3461 rere
407 3407 517 3462 litorum
536 3406 702 3461 nuditatem.
718 3406 834 3462 absente
853 3406 934 3459 Luna
954 3410 1114 3467 causantur,
1127 3466 1131 3471 ¹
1145 3405 1301 3475 impetuque
1322 3416 1486 3461 vanescente

146 3503 253 3543 rursum
274 3495 418 3543 recurrunt
439 3503 457 3543 a
477 3487 590 3557 fastigio
611 3486 660 3541 illo
678 3486 847 3558 impleatque
866 3491 963 3539 nostra
981 3481 1078 3548 litora,
1100 3484 1180 3538 Luna
1199 3484 1306 3539 interim
1333 3487 1437 3561 oriente
1458 3496 1487 3542 et

148 3583 247 3621 noram
267 3567 460 3623 attractionem
480 3568 554 3623 horis
575 3562 605 3631 6,
628 3566 723 3638 quibus
751 3567 778 3621 in
797 3567 968 3623 ascendendo
988 3570 1131 3628 versatur,
1153 3572 1293 3621 causante.
1333 3568 1394 3621 Jann
1422 3585 1486 3623 sero

142 3646 233 3701 ¹litora
246 3653 341 3701 nostra
359 3665 414 3701 non
428 3647 518 3703 omnia
531 3648 625 3701 iisdem
638 3647 712 3701 horis
733 3647 888 3717 implentur,
902 3646 957 3699 ,sed
972 3644 1085 3713 subinde
1099 3644 1185 3699 serius
1207 3644 1264 3711 illa,
1287 3662 1357 3716 quae
1376 3646 1485 3720 longius

147 3726 223 3782 intra
242 3726 425 3781 continentem
445 3735 510 3782 sunt
529 3727 675 3788 abditaet
694 3744 747 3798 quo
767 3726 912 3799 angustior
926 3724 1107 3779 estmaribus
1130 3724 1220 3778 aditus
1241 3728 1275 3779 ad
1296 3727 1353 3781 ills.
1388 3728 1484 3799 ltaque

148 3806 310 3861 Britanniae
340 3812 370 3861 et
388 3808 554 3882 Norwegiac
575 3808 711 3863 conbaria
735 3808 819 3861 litora
837 3807 931 3860 iisdem
951 3804 1207 3875 implenturhoris.
1247 3808 1288 3859 Ac
1309 3824 1368 3861 cum
1389 3808 1484 3863 alveus
1559 3832 1562 3839 ·

150 3888 222 3941 inter
243 3887 349 3941 Gallias
370 3894 399 3942 et
419 3887 577 3942 Britannias
599 3888 636 3941 sit
655 3894 805 3959 angustus,
837 3902 954 3941 oceanus
974 3899 1039 3939 rero
1068 3883 1166 3938 circum
1188 3885 1306 3939 Orcades
1326 3886 1484 3952 latissimus,

149 3966 202 4020 etsi
223 3967 332 4038 longior
350 3968 396 4021 hic
415 3968 618 4032 circumductus,
640 3968 719 4022 citius
740 3974 833 4022 minen
845 3966 891 4021 bic
911 3965 1028 4023 sentitur
1048 3971 1142 4018 aestus
1156 3978 1237 4035 quam
1258 3966 1384 4021 orientali
1404 3976 1485 4039 parte

150 4046 231 4102 alvei.
266 4048 336 4101 Hinc
356 4048 439 4103 etiam
454 4065 538 4103 causa
557 4054 638 4118 patet
652 4063 795 4103 arenarum
815 4047 887 4101 inter
900 4045 1027 4117 Belgium
1040 4048 1070 4097 et
1083 4044 1249 4109 Britannias,
1267 4045 1394 4117 ,quicquid
1414 4050 1484 4103 enirn
1498 4110 1502 4129 ἱ

150 4142 294 4182 arenarum
314 4128 458 4183 devehitur
484 4144 590 4183 senex
611 4128 758 4183 Germania
783 4134 814 4181 et
833 4125 933 4181 Galliis
952 4141 1002 4181 seu
1021 4141 1058 4177 ex
1078 4124 1237 4190 Britannia,
1258 4125 1285 4180 id
1304 4127 1342 4181 ibi
1363 4144 1486 4184 accumu-

148 4207 300 4284 latur,subi
315 4215 409 4263 aestus
430 4208 482 4263 sibi
502 4215 595 4263 mutuo
616 4214 767 4273 occumunt,
789 4208 863 4262 alter
883 4207 918 4260 ab
940 4204 1077 4259 occidente
1098 4205 1190 4260 altera
1209 4206 1403 4275 septentrione.

238 4304 339 4359 Verum
353 4305 405 4359 boc
424 4323 478 4361 non
491 4312 535 4361 est
548 4304 840 4378 catalcgnmsc‘ribere
852 4310 953 4366 eorum,
977 4300 1022 4371 qui
1036 4302 1069 4355 de
1089 4317 1119 4355 re
1133 4301 1248 4357 nautica
1258 4304 1432 4373 scripserunt.
1448 4336 1486 4349 -·

149 4384 254 4449 Quales
274 4385 367 4440 lineae
380 4386 477 4457 quibus
497 4385 586 4439 sentis
605 4386 779 4457 navigentur,
799 4384 882 4439 hodie
895 4384 1002 4438 abunde
1016 4382 1114 4434 docent
1127 4398 1218 4436 omnes
1236 4382 1321 4455 globi,
1343 4387 1486 4457 globorum

150 4468 307 4537 fragmenta
320 4470 350 4519 et
363 4466 485 4530 chartae,
506 4465 623 4521 maxime
643 4467 671 4520 Η
678 4465 784 4530 ordii,
806 4464 852 4536 qui
871 4464 910 4517 sic
930 4462 1048 4517 adornat
1067 4476 1130 4515 atras
1146 4462 1266 4527 chartas,
1287 4471 1319 4519 ut
1333 4482 1403 4537 quae
1423 4475 1487 4522 sunt

151 4546 180 4601 in
198 4546 283 4619 globo
304 4545 422 4617 spirales
441 4546 540 4612 lineae,
560 4546 620 4617 ipae
640 4546 722 4600 rectis
743 4543 940 4616 perfectissime
960 4540 1048 4613 possit
1068 4540 1229 4611 exprimere.
1266 4595 1270 4606 ,

238 4644 321 4698 Edita
333 4649 377 4698 est
390 4647 462 4698 anno
479 4643 555 4699 1584
567 4643 745 4713 antwerpiae
760 4641 978 4713 Gosmograpbia
995 4638 1127 4710 Apiani
1148 4654 1207 4693 cum
1227 4640 1378 4697 Geminae
1398 4644 1486 4713 patris

151 4729 184 4777 et
202 4724 252 4798 tllii
271 4722 463 4780 additionibus.
503 4724 543 4778 lbi
572 4723 690 4793 plurima
718 4725 752 4778 ad
773 4723 911 4776 nauticam
940 4719 1120 4792 pertinentia:
1134 4773 1137 4781 ,
1150 4726 1182 4773 nt
1210 4720 1331 4775 inventio
1361 4724 1484 4792 quadrati

150 4803 264 4869 cautim,
283 4804 331 4857 ubi
344 4821 381 4859 ex
400 4813 483 4859 rento
495 4811 526 4859 et
541 4803 734 4858 altitudinibus
754 4803 811 4872 poli
830 4803 942 4856 duorum
962 4803 1081 4863 locorum
1095 4800 1214 4855 habetur
1226 4800 1378 4855 differentia
1398 4804 1485 4875 longi-

150 4883 260 4949 tudinis,
269 4884 341 4938 item
353 4882 424 4937 idern
435 4902 474 4939 cx
487 4884 677 4939 &sanctone
690 4884 794 4939 Lunae.
807 4910 847 4920 -
859 4882 946 4937 Plura
965 4898 1018 4937 non
1038 4879 1152 4944 memini,
1173 4879 1243 4934 liber
1263 4881 1326 4935 mihi
1341 4882 1413 4937 furto
1427 4899 1485 4937 sur-

149 4969 248 5035 reptas
261 4969 313 5036 est.
342 4965 557 5020 accommodabo
570 4972 601 5019 et
613 4980 667 5036 ego
675 4963 736 5018 Deo
749 4964 859 5017 volente
873 4960 1119 5034 „Parallaoticam“
1135 4976 1222 5015 meam
1236 4955 1401 5033 (sc-,tabulam
1413 4984 1485 5037 qoam
