3517 5525
781 381 820 436 De
838 381 946 436 Motibus
967 383 1060 437 Stellae
1077 383 1165 436 Martie

1117 565 1283 626 eocentrico
1295 563 1416 627 circulo.
1436 564 1488 628 Sit
1495 561 1561 646 ejus
1570 585 1646 628 cen-

1114 664 1195 716 trum
1226 655 1264 716 ab
1286 656 1317 717 A
1344 649 1451 717 vers'us
1479 662 1584 736 partes
1606 658 1645 719 Β.

1114 744 1164 806 Sit
1193 751 1293 805 autem
1321 743 1379 806 AL
1414 745 1519 825 regula
1545 746 1646 808 lineae

1114 833 1251 912 apsidum
1268 832 1391 906 Martis,
1414 840 1449 895 ut
1463 834 1544 894 linea
1557 834 1646 913 apsi-

1115 923 1184 984 dum
1201 921 1397 984 circulatione
1418 929 1450 984 et
1471 922 1646 1004 transposi-

1114 1011 1196 1074 tione
1233 1011 1300 1073 sui·
1321 1013 1482 1073 eocentriei
1525 1031 1647 1094 semper

1114 1109 1237 1162 maneat
1274 1099 1441 1182 parallelos
1481 1100 1540 1182 ipsi
1575 1103 1645 1164 AL.

1114 1189 1184 1253 Sint
1205 1197 1305 1252 antem
1324 1188 1423 1251 lineae
1436 1190 1527 1252 medii
1542 1199 1646 1254 motus

1114 1279 1196 1342 Solis
1219 1281 1259 1341 ad
1284 1285 1394 1343 nostra
1425 1285 1553 1360 quotuor
1574 1301 1644 1343 mo-

1113 1376 1214 1430 menta
1235 1367 1306 1442 AB,
1328 1367 1396 1440 AT,
1418 1369 1486 1443 ΑΕ,
1507 1369 1582 1432 AS:
1610 1378 1646 1431 ct

1112 1477 1151 1518 cx
1165 1457 1195 1519 A
1208 1457 1367 1538 ejiciantur
1379 1457 1478 1519 lineae
1492 1459 1645 1522 visionum

1112 1547 1233 1621 Martis,
1255 1555 1347 1627 prout
1365 1565 1457 1628 supra
1471 1547 1645 1629 descriptae

1114 1643 1193 1711 sunt,
1217 1637 1248 1698 in
1261 1637 1340 1697 hunc
1353 1635 1402 1696 vel
1425 1636 1510 1698 illum
1525 1638 1644 1700 zodiaci

1111 1727 1244 1810 gradum
1287 1743 1423 1804 vergere.
1490 1727 1533 1788 Et
1572 1728 1646 1807 qnia

1013 1850 1016 1859 ·
1111 1814 1232 1895 ponitur
1246 1816 1332 1877 Mars
1356 1815 1493 1876 omnibus
1515 1825 1645 1897 quatuor

1111 1903 1228 1966 vicibus
1251 1903 1357 1966 eodem
1378 1904 1446 1965 loco
1464 1905 1643 1968 eocentrici:

1111 2011 1203 2074 quare
1225 1992 1390 2054 distantiae
1409 1992 1475 2072 ejus
1487 2015 1508 2055 a
1521 1995 1644 2074 punctis

1110 2081 1202 2144 medii
1220 2082 1280 2144 loci
1294 2081 1376 2144 Solis
1394 2084 1536 2162 aequales
1553 2092 1646 2146 erunt

1112 2191 1215 2233 omnes
1239 2179 1270 2233 et
1291 2171 1441 2251 paralleli.
1478 2172 1548 2235 Sint
1569 2173 1642 2248 GH,

347 2335 348 2338 Ἴ
746 2273 755 2296 ¹
1109 2263 1171 2336 FT,
1195 2262 1248 2335 IE,
1272 2260 1325 2323 KS
1349 2279 1453 2322 omues
1486 2263 1643 2343 aequales,

297 2365 328 2432 et
349 2355 451 2434 anguli
474 2355 577 2427 LHG,
600 2353 693 2425 LTF,
716 2351 802 2423 Lnr,
826 2347 909 2412 LSK
938 2353 1079 2434 aequales
1107 2351 1200 2432 priori
1222 2353 1314 2414 AAK
1333 2356 1399 2423 (rig.
1418 2355 1474 2420 77.)
1495 2351 1544 2413 vel
1576 2354 1645 2414 λακ

294 2451 361 2519 (rig.
381 2449 437 2511 76),
460 2445 504 2505 sic
527 2450 560 2504 ut
581 2441 667 2503 Mars
690 2441 730 2500 ad
752 2447 856 2501 nostra
878 2448 1033 2503 momenta
1052 2441 1093 2503 sit
1116 2442 1146 2504 in
1169 2441 1208 2516 G,
1230 2442 1265 2511 F,
1292 2441 1316 2514 l,
1339 2441 1379 2503 K.
1425 2441 1468 2503 Et
1488 2448 1522 2502 nt
1544 2440 1645 2504 obiter

295 2553 444 2606 moneam,
467 2534 542 2593 haec
557 2538 683 2612 quatuor
700 2537 812 2609 puncta
830 2529 869 2602 G,
892 2532 927 2605 F,
951 2533 975 2604 Ι,
999 2531 1029 2592 Κ
1051 2531 1162 2592 sacient
1177 2530 1207 2590 in
1226 2531 1269 2590 rei
1291 2529 1420 2590 veritate
1435 2549 1537 2592 arcum
1550 2532 1644 2611 plane

296 2622 452 2705 aequalem
476 2629 508 2683 et
530 2618 696 2700 aequaliter
720 2618 809 2679 situm
832 2639 899 2680 curn
920 2620 1012 2700 priori
1036 2640 1107 2681 arcu
1131 2621 1244 2681 ΘΗΕΖ
1266 2618 1296 2679 in
1319 2620 1417 2680 forma
1434 2620 1642 2684 Ptolemaica:

297 2712 367 2795 qnia
390 2711 474 2775 nulle
490 2710 617 2791 amplius
633 2716 683 2770 est
695 2708 872 2783 differentia,
897 2727 987 2790 qnam
1005 2709 1083 2790 quod
1102 2709 1294 2772 Ptolemaeus
1316 2709 1482 2791 epicyclum
1504 2710 1643 2772 theoriae

293 2804 375 2865 Solis
399 2798 556 2881 aequalem
569 2800 608 2885 ⁸in
631 2797 797 2859 eocentrieo
817 2797 997 2873 circumfert,
1021 2800 1123 2880 Tycho
1142 2798 1338 2860 eocentricum
1362 2800 1392 2860 in
1414 2799 1533 2861 theoria
1546 2800 1643 2876 Solis,

295 2910 348 2953 seu
371 2892 401 2952 in
426 2890 542 2970 aequali
566 2888 677 2951 circulo
701 2886 759 2968 ipsi
783 2887 916 2968 epicyclo
933 2888 1128 2951 Ptolemaico.
1251 2894 1255 2900 '

380 2980 512 3043 Rursum
540 2978 631 3057 igitur
658 2976 846 3039 manentibus
876 2977 982 3038 iisdem
1013 2978 1131 3057 angulis
1159 2985 1190 3038 et
1220 2976 1352 3037 numeris
1375 2976 1643 3055 demonstrabitur,

294 3070 372 3152 quod
395 3069 491 3130 lineae
514 3068 590 3143 ΑΗ,
613 3068 687 3141 ΔΤ,
709 3066 782 3139 ΑΕ,
807 3064 861 3127 As
884 3074 1005 3146 praeter
1028 3068 1196 3147 opinionem
1219 3064 1281 3129 sint
1302 3066 1485 3147 inaequales.
1532 3069 1642 3149 Itaque

293 3165 433 3241 punctum
456 3158 531 3220 illud
544 3154 712 3231 eocentrici‚
736 3155 813 3216 unde
828 3156 984 3235 consurgit
1004 3156 1115 3218 Martis
1129 3165 1162 3218 et
1175 3157 1304 3218 omniurn
1322 3156 1509 3236 planetarum
1528 3176 1641 3219 eccen-

293 3248 411 3311 tricitas
442 3247 535 3328 (quod
560 3246 624 3326 jam
650 3244 771 3326 ponitur
796 3245 828 3306 in
855 3243 937 3305 linea
964 3245 1054 3306 medii
1080 3254 1180 3309 motus
1208 3244 1291 3309 Solis
1320 3246 1482 3307 secundnm
1510 3254 1643 3309 mentem

295 3339 440 3399 artificum
463 3338 620 3417 priorum),
643 3354 701 3397 non
727 3333 915 3395 circumitio
938 3334 990 3396 illo
1014 3336 1125 3398 circulo
1147 3335 1219 3411 Dc,
1243 3335 1324 3397 circa
1345 3336 1430 3415 cujus
1453 3344 1588 3399 centrum
1609 3339 1643 3400 A

296 3426 437 3507 aequales
461 3426 535 3487 lacit
563 3424 690 3505 angulos
713 3421 889 3502 aequalibus
911 3424 1113 3504 temporibus;
1143 3425 1197 3486 sed
1219 3424 1251 3487 in
1273 3424 1384 3487 circulo
1407 3426 1529 3501 HTES,
1555 3427 1643 3507 cujus

295 3523 427 3578 centrum
452 3536 470 3575 a
492 3518 518 3577 B
542 3521 643 3575 centro
661 3510 818 3577 eocentrici
841 3510 925 3573 Solis
947 3512 1046 3593 vergit
1067 3515 1098 3577 in
1119 3515 1413 3594 parteseontrarias,
1438 3523 1472 3577 ut
1493 3503 1642 3579 hactenus

296 3624 400 3668 crasso
422 3602 559 3665 Minerva
581 3622 620 3663 ex
641 3600 716 3683 ipsis
738 3598 827 3662 lineis
851 3601 999 3682 apparuit.

877 3832 1061 3845 ----.-

821 4008 955 4109 'Caput
980 4008 1103 4085 XXV.

301 4174 356 4239 Eo
385 4174 484 4237 tribue
513 4172 674 4237 distantiis
697 4170 827 4235 Solito
849 4178 954 4235 cosdro
983 4161 1110 4244 muudi,
1145 4174 1275 4253 cupidis
1303 4170 1382 4236 locis
1412 4174 1468 4238 set
1496 4176 1640 4254 zodiaco,

462 4265 621 4345 inquirere
644 4281 819 4344 apogaeum
840 4270 870 4324 ct
891 4262 1145 4358 eocentricitatcm
1168 4261 1255 4325 Solio
1275 4258 1323 4324 oei
1346 4263 1475 4327 Terrae.
1571 4272 1576 4279 ’

333 4406 337 4418 “
390 4403 597 4475 Quantitatem
620 4410 718 4465 autern
741 4405 974 4469 eocentricitatis
996 4413 1028 4468 et
1050 4404 1140 4467 situm
1163 4403 1289 4486 apogaei
1311 4404 1444 4484 probabo
1462 4407 1527 4486 jam
1548 4426 1641 4488 porro

255 4546 258 4552 .
303 4492 442 4562 inunico
466 4493 576 4555 circulo
600 4490 734 4556 omnibus
756 4494 852 4557 tribus
875 4494 980 4557 formis
1003 4502 1083 4575 apto.
1119 4495 1221 4557 Facile
1244 4494 1480 4575 enimapparet,
1503 4498 1641 4561 rationes

304 4603 370 4649 esse
393 4583 596 4645 tantummodo
612 4584 782 4663 oppositas:
806 4593 841 4647 ut
862 4584 893 4647 in
917 4585 1013 4646 forma
1027 4583 1232 4663 Gopemicane
1254 4584 1334 4645 linea
1348 4583 1526 4664 longissima
1539 4588 1665 4667 vergit

303 4674 335 4736 in
350 4672 505 4746 Geminos,
527 4671 557 4732 in
578 4672 702 4754 reliquis
724 4673 828 4735 formis
851 4674 948 4754 vergit
970 4673 1000 4734 in
1016 4673 1226 4753 Sagittarium:
1250 4679 1409 4754 propterea
1422 4676 1501 4756 quod
1520 4676 1639 4758 coper-

303 4764 387 4827 nicns
409 4761 506 4825 risum
528 4778 633 4823 versus
656 4770 787 4825 centrum
809 4762 922 4843 dirigit,
945 4763 1051 4845 reliqui
1073 4784 1092 4825 a
1114 4771 1226 4825 centro.
1273 4762 1375 4835 Quare
1404 4762 1496 4827 etiam
1519 4766 1639 4848 (lepor.

306 4853 389 4917 nicus
412 4861 497 4915 trans
520 4857 651 4913 centmm
674 4852 704 4914 in
726 4859 828 4933 partes
851 4852 967 4914 zodiaci
989 4854 1110 4915 easdem
1131 4853 1228 4916 visum
1252 4853 1355 4934 dirigit
1376 4872 1443 4916 cnm
1465 4858 1582 4919 ceteris.

396 4941 573 5029 Exponatur
595 4939 720 5005 circulus
734 4938 826 5019 θηιζ
847 4947 913 5018 (rig.
933 4946 978 5012 79)
1000 4952 1104 5006 centro
1119 4944 1148 5021 β,
1171 4942 1200 5006 in
1220 4961 1277 5028 qno
1296 4963 1315 5008 a
1333 4951 1473 5032 suscepto
1495 4954 1605 5035 puncto
1619 4974 1644 5023 α
