3517 5525
323 384 367 453 82
742 386 844 438 Litana
861 368 967 451 Keplsri
982 384 1132 450 altorumque
1148 388 1250 435 mutuae
1356 367 1358 376 ’

324 584 415 649 super
437 584 539 631 arcum
562 564 607 630 10
630 583 684 627 sen
707 564 774 645 ejus
796 563 937 646 angulum
965 564 1124 647 genuinum
1147 561 1217 627 lPO
1241 582 1294 625 reu
1316 562 1438 647 planum
1462 558 1549 632 1Ρο,
1573 560 1618 625 sic
1641 568 1679 625 ut

324 656 493 719 anomaliae
517 654 655 738 simplici,
678 673 756 735 quae
774 660 1020 734 repraesentatur
1036 655 1126 736 plano
1142 651 1224 729 ΙΗΟ,
1249 654 1432 735 respondeat
1447 654 1484 715 de
1505 653 1679 715 eocentrico
1722 648 1726 654 “

325 745 370 810 ΙΟ
394 765 483 808 arcus
505 764 558 806 sen
580 740 651 807 IPO
675 744 818 822 angulus,
851 743 888 806 de
912 752 1036 824 aspectu
1064 762 1135 805 vero
1159 740 1234 805 [HO
1268 743 1403 821 angulus.
1449 744 1535 804 Haec
1558 740 1586 802 si
1601 740 1679 821 'quis

328 835 489 913 diligenter
512 835 552 896 ad
574 832 721 897 calculum
742 842 876 907 revocat,
901 833 928 894 is
947 833 1086 906 inveniet,
1113 833 1191 893 sicut
1213 852 1246 895 se
1269 832 1362 893 habet
1384 832 1512 913 angulus
1526 828 1613 893 POH
1637 830 1681 891 ad

327 918 410 989 360⁰
431 924 476 987 sic
498 943 532 985 se
555 924 666 986 babere
688 922 934 1003 quamproxime
957 941 1059 984 aream
1073 920 1143 985 1Ρο
1163 920 1203 983 ed
1225 919 1378 993 circulum,
1402 923 1451 1003 qui
1467 927 1683 1002 repraesentat

327 1013 434 1076 itemm
464 1014 645 1075 anomaliam
677 1007 768 1075 360⁰.
816 1010 917 1082 Quare
946 1012 974 1073 iu
1007 1011 1064 1073 bac
1095 1010 1257 1093 hypothesi
1286 1010 1413 1091 physica
1442 1028 1508 1073 cum
1539 1008 1681 1091 perfecto

329 1102 440 1165 circulo
464 1103 591 1183 angulus
614 1100 803 1182 aequationis
826 1109 858 1162 et
871 1118 945 1162 area
967 1100 1109 1181 trianguli
1134 1100 1179 1162 sui
1198 1099 1228 1161 in
1247 1098 1305 1161 bac
1329 1100 1425 1161 forma
1447 1099 1574 1182 physica
1588 1116 1681 1179 quam

326 1190 462 1273 proxime
493 1192 609 1254 faciunt
637 1191 776 1272 aequalia
806 1189 941 1269 adeoque
973 1188 1167 1264 tantundem,
1200 1196 1329 1270 quantus
1359 1196 1408 1249 est
1438 1189 1565 1269 angulus
1588 1186 1683 1251 BDA

329 1288 397 1357 (rig.
416 1287 463 1351 ²1)
490 1282 562 1355 fere,
587 1279 637 1341 ubi
659 1280 718 1342 BA
740 1280 862 1359 duplum
886 1286 935 1341 est
957 1279 996 1341 ad
1019 1279 1084 1343 PH.
1129 1279 1211 1359 Ergo
1234 1277 1303 1339 binc
1330 1278 1365 1339 fit
1387 1277 1558 1359 argumenti
1581 1276 1684 1339 forma

328 1368 419 1431 talis:
449 1368 657 1433 eocentricitas
684 1370 817 1431 maxima
842 1369 978 1431 serviens
1007 1367 1241 1449 longitudinibus
1270 1368 1378 1429 mediis
1400 1368 1430 1429 in
1454 1366 1563 1429 sitibus
1587 1384 1682 1428 acro-

328 1457 444 1541 uycbiis
467 1466 516 1521 est
537 1458 723 1521 dimidiauda
738 1459 806 1538 (pro
821 1457 928 1520 annuis
947 1457 1161 1538 parallaxibns,
1188 1455 1316 1519 testibus
1332 1455 1520 1529 artificibus).
1557 1456 1682 1518 Eccen-

329 1548 446 1611 trinitas
469 1548 609 1624 maxima,
634 1547 661 1609 si
683 1548 736 1611 liat
759 1566 853 1610 causa
879 1547 1069 1627 aequationis
1102 1544 1260 1628 physicae,
1294 1546 1386 1608 etiam
1416 1544 1602 1608 dimidiando
1631 1552 1684 1606 est

330 1639 397 1716 (pro
420 1636 581 1700 reddendis
604 1636 840 1717 longitudinibus
863 1636 971 1699 mediis
995 1635 1133 1717 aequatis
1158 1636 1187 1695 in
1202 1635 1309 1697 sitibus
1332 1634 1548 1718 acronycbiis).
1595 1632 1683 1715 Ergo

326 1726 453 1809 physica
476 1726 610 1789 serviens
633 1726 821 1809 ecronyobiis
848 1726 944 1788 servit
974 1726 1065 1788 etiam
1087 1722 1293 1805 parallaxibus
1318 1734 1349 1787 et
1369 1724 1495 1805 proinde
1519 1742 1594 1786 vera
1608 1730 1681 1786 «esc.

325 1815 407 1878 Nam
430 1815 587 1878 dimidiata
609 1814 782 1889 (dimidiata
803 1816 834 1877 id
857 1824 907 1878 est
928 1815 1068 1878 bilariam
1090 1814 1251 1896 dispertita
1272 1814 1352 1875 inter
1379 1821 1492 1895 puncta
1516 1812 1682 1895 aequantis

326 1904 457 1987 eccentri
481 1912 512 1967 st
535 1904 629 1967 centri
660 1904 776 1979 mnndi)
800 1906 879 1967 sicut
901 1906 932 1967 in
960 1904 1058 1985 priore
1089 1900 1260 1985 praemissa
1282 1922 1340 1965 non
1364 1902 1459 1966 servit
1488 1901 1682 1987 acronycbiis

328 1992 474 2069 omnibns,
499 1994 640 2077 Tycboue
665 1994 845 2057 observante
869 1994 898 2055 in
922 1994 1022 2056 Marte
1044 1992 1214 2075 praecipue.

415 2083 516 2166 Atque
546 2084 622 2147 haec
650 2083 769 2167 quidem
801 2102 909 2163 magno
931 2102 999 2145 cum
1021 2082 1131 2163 gaudio
1155 2081 1199 2143 sio
1223 2082 1404 2156 inveneram,
1427 2078 1682 2161 persuasissimus

326 2171 399 2234 nibil
423 2172 528 2235 deesse
552 2173 620 2235 huic
643 2172 885 2236 considerationi.
923 2172 968 2233 At
991 2191 1048 2233 non
1064 2180 1200 2253 poteram
1216 2170 1395 2253 acronycbia
1415 2171 1483 2232 loca
1505 2170 1536 2231 in
1560 2169 1682 2233 octavis

327 2260 430 2323 circuli
453 2261 534 2324 intra
557 2260 577 2323 t
600 2260 704 2325 ve18‘
727 2262 904 2334 conciliare,
928 2261 955 2322 si
986 2262 1035 2323 vel
1058 2260 1172 2323 centies
1195 2268 1373 2341 repeterem.
1418 2260 1564 2341 Adeoque
1588 2257 1682 2339 plane

328 2349 432 2413 destiti
465 2351 655 2427 existimans,
689 2350 795 2413 vitium
827 2368 895 2412 esse
926 2350 1177 2413 observationum.
1223 2348 1387 2411 Duodecim
1412 2357 1512 2411 tamen
1537 2355 1625 2409 erant
1649 2348 1682 2409 iu

325 2447 443 2519 promtu
467 2441 534 2502 loca
558 2442 734 2515 observata;
768 2457 858 2521 saepe
883 2440 922 2501 ad
945 2438 1089 2501 vicariam
1118 2438 1206 2514 redii,
1239 2439 1307 2500 dnm
1330 2438 1514 2517 cogitarem,
1537 2437 1622 2499 illam
1642 2456 1684 2499 ex

326 2537 454 2608 quatuor
476 2529 736 2593 observationibus
759 2536 946 2591 exstructam
969 2528 1105 2591 omnibus
1139 2528 1295 2590 duodecim
1324 2534 1464 2589 accurate
1489 2526 1682 2589 satisfacere.

325 2617 450 2680 Interim
473 2618 638 2681 obstabant
660 2620 703 2681 illi
727 2618 899 2699 parallares
923 2636 1049 2681 annuae.
1088 2618 1259 2699 Desperata
1281 2636 1331 2679 res
1355 2626 1431 2681 erat.
1470 2619 1542 2697 Ipsa
1564 2616 1681 2697 despe-

327 2706 405 2769 ratio
437 2725 522 2788 spem
554 2708 697 2772 ostendit.
733 2710 857 2772 Manum
872 2706 1001 2771 enimde
1016 2707 1120 2770 tabula
1136 2708 1245 2770 tollens
1262 2707 1358 2787 adque
1374 2706 1547 2788 parallaxes
1562 2725 1682 2770 annuas

327 2795 530 2866 transferens,
563 2799 633 2860 dnm
665 2792 895 2878 investigarem*
911 2797 1134 2877 proportionem
1165 2798 1316 2859 radiorum
1348 2805 1374 2867 ό
1410 2805 1442 2859 et
1470 2793 1510 2874 Θ
1545 2796 1609 2870 (vel
1635 2799 1682 2873 ὅ)

328 2884 517 2968 deprehendi,
542 2886 677 2950 mirabile
701 2887 794 2961 dictu,
818 2887 865 2950 IK
888 2893 952 2962 (rig.
974 2891 1019 2956 22)
1043 2894 1107 2950 tam
1129 2886 1249 2966 longam
1269 2905 1345 2960 esse,
1370 2894 1404 2948 ut
1418 2885 1571 2968 descripto
1588 2905 1684 2966 super

326 2975 374 3036 IK
401 2975 588 3039 semicirculo
618 2977 695 3039 INK
726 2977 813 3040 nimis
845 2975 945 3038 brevis
979 2983 1061 3038 esset
1088 2977 1145 3039 hoc
1178 2975 1248 3038 situ.
1301 2975 1452 3037 Inciderat
1482 2981 1599 3048 autem,
1631 2993 1682 3036 ms

326 3063 372 3126 IK
402 3083 458 3144 per
489 3083 596 3146 corpus
620 3062 660 3144 Θ
686 3065 868 3129 descendere
901 3065 1026 3140 fecisse,
1060 3085 1119 3128 non
1142 3083 1196 3146 per
1219 3064 1348 3127 medium
1380 3065 1477 3127 locum
1502 3061 1542 3142 Θ
1550 3082 1560 3138 ;
1584 3083 1683 3146 quare

327 3153 458 3234 suspicio
482 3154 595 3232 incidit,
619 3154 827 3236 quantolLK
850 3155 970 3217 deficiat
993 3175 1012 3218 a
1035 3153 1220 3218 semicirculo
1244 3161 1361 3217 tantum
1377 3153 1453 3218 IOK
1470 3172 1682 3216 excessurum:

325 3242 429 3325 itaque
457 3244 563 3322 pedem
594 3245 795 3308 revocandum
819 3264 873 3306 nec
897 3244 1083 3325 alligandum
1105 3252 1261 3314 motum&
1284 3245 1323 3306 ad
1346 3261 1448 3306 verum
1473 3239 1523 3320 Θ.
1565 3241 1686 3306 Statim

327 3331 429 3414 itaque
452 3333 575 3413 probavi
599 3333 757 3414 iuvenique
781 3335 887 3396 eadem
910 3341 941 3395 et
972 3335 1002 3396 in
1030 3335 1126 3397 altero
1158 3333 1357 3409 semicirculo,
1386 3340 1420 3395 ut
1449 3351 1546 3394 vanus
1578 3339 1683 3396 metus

329 3421 420 3506 fuerit
441 3441 570 3502 vereque
592 3424 743 3503 patuerit,
774 3432 800 3494 d
832 3424 871 3484 ad
903 3424 1001 3486 latera
1032 3423 1147 3501 ingredi
1170 3423 1317 3504 utrinque.
1362 3420 1473 3484 Incidit
1506 3421 1607 3502 itaque
1642 3422 1683 3484 de

329 3510 480 3574 anomalia
494 3511 556 3573 alia
569 3511 748 3593 longitudini
758 3512 814 3574 LH
829 3512 1026 3586 concilianda,
1050 3513 1164 3592 fecique
1179 3509 1255 3574 RHI
1269 3511 1409 3592 angulum
1423 3518 1550 3582 tautum,
1567 3521 1686 3592 quauta

330 3606 397 3663 erat
420 3601 570 3663 anomalia
591 3602 700 3676 media,
725 3619 796 3664 usus
819 3602 876 3663 bac
899 3601 1034 3664 fictione:
1064 3601 1091 3663 si
1113 3599 1188 3672 LQI
1212 3609 1294 3663 esset
1316 3600 1519 3681 transpositus
1542 3600 1572 3663 in
1596 3599 1684 3674 LHI,

328 3695 392 3750 tum
415 3687 475 3750 RH
499 3697 530 3751 et
548 3690 606 3752 LH
628 3690 690 3753 sint
713 3691 804 3753 futuri
828 3690 969 3771 aequales
993 3691 1123 3770 (lingens
1137 3691 1278 3760 Martem,
1301 3689 1466 3753 numeratis
1491 3689 1575 3771 quasi
1599 3690 1685 3752 circa

328 3777 358 3838 H
381 3776 488 3840 Solem
506 3779 649 3858 gradibus
672 3780 849 3861 aequalibus
872 3779 1040 3844 anomaliae
1064 3777 1226 3861 simplicis,
1257 3779 1433 3842 tantundem
1457 3779 1582 3862 epicycli
1611 3779 1684 3859 lege

328 3865 386 3928 LH
418 3865 528 3929 lineam
557 3876 674 3931 curtare
703 3889 756 3931 seu
784 3870 824 3931 ed
856 3869 886 3930 H
916 3869 1124 3943 descendere).
1170 3867 1236 3930 Hoc
1260 3869 1341 3930 lacto
1365 3876 1490 3952 utroque
1519 3869 1551 3930 in
1584 3870 1683 3931 semi-

329 3955 456 4025 circulo,
489 3956 578 4038 plane
608 3966 711 4021 tantus
737 3959 803 4038 jam
832 3958 973 4039 apperuit
996 3978 1152 4034 excessus,
1184 3967 1312 4040 quantus
1336 3957 1418 4037 prius
1441 3966 1507 4020 erat
1530 3957 1683 4025 defectus.
1735 4027 1744 4048 ⁸

328 4043 377 4106 Ex
400 4063 457 4126 quo
480 4046 589 4126 patuit,
612 4067 671 4110 nou
694 4047 754 4110 HR
777 4049 831 4110 sed
848 4047 903 4110 HS
927 4056 959 4109 et
972 4047 1030 4110 HL
1053 4067 1120 4110 esse
1144 4042 1304 4130 aequales,¹
1324 4047 1382 4109 hoc
1405 4055 1453 4110 est
1466 4048 1597 4110 Martem
1619 4067 1684 4110 non

329 4134 491 4196 secundum
504 4135 578 4198 RHl
597 4137 715 4200 variare
738 4137 914 4200 distantiam
937 4156 1020 4200 suam
1036 4137 1102 4211 LH,
1126 4136 1180 4199 sed
1203 4138 1366 4200 secundum
1381 4135 1467 4200 SHI:
1492 4136 1536 4198 sic
1552 4143 1683 4200 ‘curtare

329 4222 396 4297 LH,
421 4223 504 4286 acsi
526 4226 623 4289 adhuc
656 4225 780 4288 dimidia
808 4227 986 4308 aequatione
1009 4225 1131 4290 inferior
1144 4235 1332 4306 spectaretur
1355 4246 1393 4288 ex
1407 4224 1479 4290 Sole
1502 4244 1556 4306 per
1569 4226 1684 4290 lineam

329 4311 394 4383 HS,
417 4311 490 4374 item
505 4334 540 4377 sc
556 4315 582 4377 si
597 4315 722 4377 lecisset
739 4316 807 4396 plus
824 4335 910 4396 quam
926 4316 996 4378 LPI
1009 4315 1149 4396 angulum
1170 4315 1200 4378 in
1222 4315 1399 4391 eocentrico,
1423 4333 1531 4397 nempe
1555 4315 1684 4380 dimidia

330 4401 509 4483 aequatione
532 4403 610 4467 LPS
634 4405 790 4485 majorem,
824 4425 867 4467 so.
892 4403 971 4481 SPI,
997 4404 1045 4485 qui
1070 4413 1117 4466 est
1141 4405 1275 4486 aequalis
1298 4403 1388 4480 LQI,
1423 4423 1509 4486 quern
1532 4405 1682 4468 hactenus

325 4489 474 4571 jussimus
507 4493 686 4556 anomalianr
718 4494 845 4556 mediam
877 4503 1116 4576 repraesentare.
1168 4493 1220 4558 Sic
1254 4511 1324 4573 ergo
1358 4501 1384 4564 0¹
1418 4495 1575 4575 dispensat
1606 4515 1681 4557 suas

329 4579 493 4642 distantias
510 4581 564 4656 IH,
584 4582 650 4659 LH,
664 4583 726 4646 KH
743 4584 823 4645 circa
838 4579 877 4660 Θ
895 4603 930 4646 ac
953 4583 980 4645 si
1004 4583 1153 4665 aequabili
1175 4589 1258 4646 motu
1272 4583 1392 4646 eircaP
1409 4592 1544 4647 centrum
1568 4603 1680 4648 eccen-

328 4669 398 4731 trici
422 4668 564 4732 ferretur:
590 4679 621 4734 et
633 4690 688 4752 per
702 4673 966 4756 aequipollentiam
980 4681 1006 4744 ο*
1018 4673 1049 4734 in
1063 4672 1207 4755 epicyclio
1223 4673 1332 4754 aliquo,
1357 4671 1442 4752 cujus
1457 4675 1681 4738 semidiameter

330 4756 394 4832 ΡΗ,
421 4757 596 4840 aequalibus
619 4762 801 4842 temporibus
822 4763 963 4842 aequales
977 4763 1129 4843 portiones
1144 4761 1282 4837 conficit;
1307 4763 1420 4842 etjam
1443 4762 1548 4825 statim
1572 4771 1681 4845 aperta

328 4845 400 4910 mihi
414 4845 464 4910 via
477 4847 535 4910 fuit
549 4848 588 4910 ad
603 4868 640 4910 ea
654 4868 729 4930 quae
745 4870 836 4932 supra
849 4852 992 4932 praemisi
1007 4860 1039 4914 et
1053 4872 1155 4915 carcer
1170 4851 1388 4914 dubitationum
1401 4853 1555 4916 reclusus:
1572 4854 1679 4932 itaque

330 4935 510 5002 continuabo
534 4936 615 5020 jam,
644 4941 721 5020 quod
751 4960 843 5024 supra
869 4959 1048 5028 suspensum
1078 4949 1153 5009 erat.
1199 4939 1232 5004 Si
1262 4942 1413 5026 perlectus
1443 4951 1527 5006 esset
1549 4937 1700 5017 circulus,
