3517 5525
598 329 723 400 192
1550 331 1632 387 ne
1675 297 1907 387 Motibus·
1929 333 2115 389 stenae
2148 332 2326 387 Manis

591 515 798 579 thesin
840 533 982 577 vero
1030 533 1109 577 ex
1154 536 1215 591 α,
1270 512 1495 577 incidit
1546 516 1618 580 in
1662 534 1777 590 vv3
1840 515 1950 577 ubi
2005 515 2207 588 vides,
2254 513 2425 596 quod
2462 521 2699 596 puncta
2742 538 2806 589 μ,
2852 538 2908 588 v,
2966 515 3114 580 item
3158 537 3209 594 τ,
3258 539 3292 580 r

582 623 823 688 parum
867 602 1183 685 differant,
1234 602 1352 665 illa
1397 623 1477 666 ecc
1521 609 1556 666 δ
1599 606 1753 668 haec
1799 625 1878 667 ex
1922 627 1962 665 α
2005 606 2300 687 inspecta,
2351 605 2604 684 quando
2644 600 2904 687 planeta
2949 607 3120 668 circa
3164 628 3287 690 ap-

590 694 774 757 sidas
815 701 1120 756 versatus·-
1213 693 1303 754 At
1344 712 1561 757 versus
1605 694 2033 777 lonyitudines
2074 692 2320 755 medias
2362 694 2516 756 haec
2552 701 2792 774 puncta
2849 701 3092 759 tantam
3135 716 3178 758 a
3221 718 3291 759 se

591 782 853 847 invicem
899 781 1312 856 dissidebant,
1360 792 1661 889 quantam
1704 786 1776 848 in
1811 784 2027 866 priori
2067 785 2376 847 schemate
2420 805 2457 846 v.
2502 790 2559 845 et
2590 783 2647 844 Φ
2678 783 3013 859 dissident,
3067 794 3288 851 erunt-

592 893 712 953 que
757 874 970 934 omnia
1028 892 1216 955 quam
1268 874 1561 953 proxime
1619 873 1921 957 aequalia
1964 880 2022 935 et
2085 872 2644 936 demonstrationes
2702 874 2951 936 omnino
3015 875 3285 938 eaedem.

595 960 995 1025 continuatis
1039 964 1209 1025 enim
1251 965 1349 1035 θι,
1399 983 1473 1024 εκ
1518 962 1607 1025 ad
1653 982 2027 1027 concursum
2069 985 2130 1034 π,
2175 969 2235 1024 et
2281 957 2374 1035 ζλ,
2419 962 2502 1037 βο
2559 962 2648 1023 ad
2702 982 3074 1026 concursum
3118 968 3188 1028 in
3227 988 3288 1044 ρ,

592 1058 777 1115 erunt
833 1054 1006 1125 cna,
1068 1046 1225 1130 ζρβ,
1292 1050 1620 1137 ivianyula
1681 1051 1982 1136 aequalia
2058 1042 2284 1135 ubique
2357 1049 2679 1136 trianqulo
2740 1052 2889 1131 ὅγὰ,
2967 1060 3044 1117 ει·
3081 1052 3292 1119 latera

591 1136 899 1203 lateribus
938 1135 1273 1241 parallela.

768 1229 858 1291 At
923 1229 1061 1309 quia
1122 1228 1663 1292 demonstrationes
1725 1231 1841 1292 hae
1904 1249 2011 1311 per
2058 1249 2121 1293 se
2169 1228 2320 1291 satis
2359 1235 2533 1289 erunt
2557 1201 2880 1310 perplexae
2911 1249 3102 1310 neque
3136 1250 3288 1293 con-

596 1318 852 1393 sultam,
927 1326 994 1378 ut
1058 1318 1513 1381 coacervatione
1572 1319 1971 1402 epicyclorum
2017 1327 2080 1380 et
2125 1317 2540 1400 epicy'cliorum
2589 1316 3132 1398 Copernicanorum
3180 1340 3289 1383 seu

596 1407 1048 1472 Braheanorum
1094 1408 1288 1489 magis
1336 1407 1744 1486 involvantur,
1807 1410 1942 1471 ideo
2001 1408 2064 1471 in
2110 1406 2499 1488 sequentibus
2529 1414 2610 1489 ‘et
2655 1407 2809 1469 hanc
2857 1409 3109 1470 formam
3158 1409 3288 1473 Go-

592 1498 971 1577 pernicanam
1031 1518 1138 1561 seu
1186 1496 1588 1581 Tychonicam
1636 1500 1863 1580 primae
1909 1495 2326 1577 inaequalitati
2359 1496 2644 1558 tributam
2680 1497 2878 1573 valere
2898 1498 3287 1578 jubebimus:

594 1605 729 1648 nam
777 1587 914 1666 ipsa
959 1587 1260 1649 secundae
1310 1586 1757 1667 inaequalitatis
1804 1587 1958 1651 ratio
2007 1586 2424 1668 hypothesium
2472 1585 2793 1665 trigemina
2833 1587 3051 1669 ubique
3084 1588 3289 1651 futura

595 1675 828 1738 abunde
876 1675 1030 1739 satis
1076 1678 1250 1740 nobis
1299 1677 1605 1740 exhibebit
1647 1678 2039 1759 negotiorum.
2133 1674 2433 1757 Quicquid
2471 1685 2674 1737 autem
2698 1694 2807 1759 per
2844 1675 3283 1741 Ptolemaicum

596 1773 954 1846 aequantem
1020 1784 1150 1853 cum
1206 1767 1546 1829 eccentrico
1607 1765 2238 1841 demonstraverimuS,
2298 1765 2428 1847 jam
2490 1766 2702 1828 statim
2765 1767 3004 1846 postulo
3061 1774 3128 1829 ut
3171 1787 3280 1848 pro

595 1854 1024 1917 demonstratis
1100 1856 1160 1915 in
1225 1857 1338 1918 hoc
1412 1876 1641 1938 quoque
1708 1855 2122 1937 Copernicano
2187 1874 2292 1917 seu
2353 1853 2705 1918 Braheano.
2719 1855 3095 1920 concentrico
3143 1876 3277 1919 cum

595 1943 823 2006 duobus
913 1944 1199 2025 epicyclis
1273 1946 1371 2007 vel
1442 1948 1949 2029 eccentrepicyclo
2027 1946 2383 2054 accipiatur.
2450 1962 2588 2006 nam
2648 1944 2977 2026 perexigua
3036 1946 3287 2008 iuventa

598 2041 695 2093 est
742 2032 1082 2096 differentia
1127 2054 1311 2115 supra
1357 2054 1491 2118 cap.
1540 2036 1654 2098 IV.

1730 2443 1970 2542 Caput
2022 2442 2145 2516 VI.

599 2601 713 2666 De
759 2602 1249 2687 aequipollentia
1311 2595 1739 2687 hypothesium
1797 2601 2168 2677 Ptolemaei,
2234 2600 2567 2685 G‘opernici
2625 2610 2683 2666 et
2727 2601 3007 2677 Braliei,
3067 2608 3294 2687 quibus

600 2691 1117 2776 inaequalitatem
1154 2691 1558 2777 planetarum
1600 2692 1943 2756 secundam
2005 2693 2538 2768 demonstrarunt,
2599 2697 2659 2754 et
2703 2694 2859 2776 qaid
2914 2694 3203 2779 sinyulae
3247 2717 3296 2758 a

602 2793 671 2846 'se
730 2786 892 2866 ipsis
937 2785 1259 2867 differant,
1324 2785 1576 2866 quando
1624 2784 1714 2845 ad
1757 2791 2167 2867 apparentem
2212 2791 2270 2846 et
2327 2783 2578 2863 quando
2637 2783 2727 2846 ad
2785 2786 3060 2848 medium
3116 2784 3296 2849 Solis

1512 2880 1743 2935 motum
1789 2874 2359 2936 accomodantur.

777 3014 1014 3075 Dis-tum
1070 3021 1161 3075 est
1207 3015 1493 3079 hactenus
1542 3015 1615 3075 de
1644 3013 2082 3095 hypothesibus
2126 3015 2353 3094 primae
2395 3013 2769 3094 planetarum
2813 3013 3288 3096 inaequalitatis,

609 3127 753 3183 qnae
809 3107 1157 3178 :llu-fllritur,
1210 3106 1441 3184 quoties
1486 3103 1732 3184 planeta
1771 3106 1849 3166 ad
1886 3104 2046 3167 idem
2084 3104 2317 3182 signum
2354 3103 2583 3165 zodiaci
2623 3104 2795 3166 redit.
2856 3105 3028 3166 Nunc
3056 3100 3286 3167 tra'nsi—

613 3219 733 3255 ιιιιμ·
789 3199 860 3255 all
914 3195 1162 3254 :alta—ram
1211 3194 1730 3274 inaequalitatem,
1781 3214 1933 3276 quae
1980 3213 2097 3255 non
2144 3193 2205 3254 in
2251 3192 2551 3254 constanti
2599 3193 2796 3275 aliquo
2845 3201 2910 3254 et
2952 3213 3067 3256 uno
3115 3188 3318 3274 signo=

605 3287 854 3355 audiani,
906 3283 1006 3343 stul
1078 3283 1129 3342 in
1198 3283 1611 3363 conjunctione
1673 3285 1768 3346 vel
1825 3281 2202 3364 oppositione
2252 3280 2412 3359 Solis
2461 3301 2589 3343 cum
2635 3283 2882 3362 planeta
2928 3282 3284 3347 absolvitur.

608 3375 769 3431 lianc:
821 3371 1002 3451 igitur
1054 3370 1432 3435 vehementer
1478 3372 1676 3433 mirati
1724 3381 1864 3435 sunt
1908 3372 2212 3434 homines:
2263 3390 2620 3451 causamque
2660 3371 2814 3434 alius
2845 3372 3026 3435 aliam
3055 3374 3280 3450 attulit,

605 3484 717 3544 qua
765 3464 950 3532 flers-t,
1006 3476 1058 3520 nt
1114 3461 1360 3539 planeta
1399 3463 1639 3540 junctus
1687 3460 1814 3522 Soli
1860 3462 2206 3522 redderetur
2250 3461 2446 3535 velox,
2497 3460 2777 3535 directae,
2828 3460 2986 3523 altus
3033 3471 3094 3523 et
3125 3482 3272 3543 par-

601 3572 725 3616 rus,
781 3564 842 3610 ar
894 3578 922 3608 e
974 3549 1213 3624 regione
1262 3549 1423 3611 Solis
1472 3551 1894 3628 retrogradus,
1971 3550 2209 3612 humilis
2258 3559 2318 3612 et
2365 3568 2642 3630 magnus,
2693 3550 3059 3614 intermediis
3109 3561 3272 3614 tem-

601 3640 842 3720 poribus
894 3637 1281 3698 mamarius
1332 3646 1391 3698 et
1436 3638 1771 3702 mediocris·
1812 3649 1819 3658 '

781 3728 974 3788 Latin]
1046 3735 1321 3788 auctores
1386 3727 1506 3790 vim
1566 3729 1765 3790 inesse
1825 3748 2106 3791 censuere
2155 3726 2315 3790 Solis
2373 3727 2715 3808 aspectibus
2765 3737 2827 3790 et
2871 3726 3094 3804 radiis,
3165 3750 3286 3812 qua

595 3824 874 3900 planatae
946 3815 1130 3876 ceteri
1195 3815 1252 3876 in
1322 3817 1408 3878 rei
1469 3818 1728 3880 veritate
1795 3819 2271 3880 attraherentur:
2349 3837 2592 3900 quorum
2649 3818 2954 3880 sententia
3014 3820 3279 3881 numeris

571 3906 804 3988 ·nequit
852 3905 1272 3974 demonstrari,
1323 3926 1503 3987 quare
1551 3927 1668 3969 non
1715 3915 1812 3969 est
1840 3906 2272 3969 astronomica:
2323 3908 2429 3970 sed
2461 3926 2568 3968 nec
2606 3907 2965 3982 verisimilia,
3014 3907 3278 3970 inventis

597 3997 755 4058 veris
806 3994 1039 4058 causis:
1090 4002 1153 4055 et
1196 3996 1513 4058 manifeste
1563 3997 1739 4071 falsa,
1790 4016 1922 4059 cum
1967 3994 2262 4058 Saturnus
2310 3997 2560 4077 incipiat
2605 3997 2978 4059 retrocedere
3025 3997 3084 4058 iu
3126 4018 3280 4079 qua-

607 4087 777 4148 drato
809 4083 971 4146 Solis
1013 4083 1109 4144 vel
1151 4082 1326 4159 ultra,
1373 4083 1608 4165 Jupiter
1634 4088 1693 4150 in
1725 4087 1902 4157 triac,
1950 4087 2117 4148 Mars
2147 4085 2204 4147 in
2233 4085 2529 4169 biquintili
2566 4087 2664 4148 vel
2693 4093 2832 4148 ante
2864 4087 3277 4168 sesquadrum,

603 4171 971 4238 inconstanti
1018 4171 1334 4234 intervallo
1383 4170 1605 4239 omne's.

776 4262 1162 4324 Ptolemaeus
1211 4261 1392 4339 dixit,
1457 4265 1590 4327 loco
1636 4272 1801 4328 certo
1849 4264 2054 4327 circuli
2100 4265 2451 4345 planetarii,
2499 4263 2596 4344 qui
2643 4263 2863 4325 sufficit
2907 4263 3133 4343 primae
3181 4264 3279 4327 in-

603 4351 979 4435 aequalitati,
1028 4350 1207 4412 fixum
1255 4371 1386 4413 esse
1434 4372 1551 4416 non
1597 4356 1907 4435 planetam
1954 4355 2165 4436 ipsum,
2214 4355 2322 4417 sed
2368 4362 2634 4417 centrum
2681 4352 2933 4435 epicycli
2969 4352 3281 4432 planetam

479 4495 485 4505 .
595 4445 654 4507 in
722 4461 833 4505 sua
905 4440 1386 4504 circumferentia
1444 4443 1623 4505 fixum
1686 4442 1992 4519 vehentis,
2057 4444 2154 4524 qui
2216 4443 2482 4505 vicissim
2528 4440 2782 4504 vehatur
2828 4462 2866 4503 a
2911 4441 3128 4504 circulo
3176 4444 3277 4504 illo

597 4535 882 4615 planetae
931 4526 1215 4608 capitali:
1268 4533 1516 4594 sormam
1563 4541 1760 4596 motus
1806 4534 1959 4596 hanc
2005 4552 2160 4604 esse,
2207 4541 2274 4597 ut
2319 4532 2371 4593 si
2414 4540 2682 4593 centrum
2726 4531 2974 4615 epicycli
3017 4531 3101 4593 sit
3146 4551 3278 4595 cum

598 4624 764 4697 Sole,
833 4619 1083 4700 planeta
1144 4638 1371 4701 quoque
1428 4621 1509 4683 sit
1553 4623 1610 4684 in
1658 4623 1906 4706 epicycli
1953 4642 2180 4689 summo
2227 4630 2652 4702 moveaturque
2701 4640 2828 4682 cum
2877 4619 3019 4684 Sole
3065 4639 3277 4684 versus

602 4714 843 4794 plagam
891 4706 1161 4783 eandem,
1213 4708 1356 4771 Sole
1403 4732 1441 4773 a
1486 4718 1688 4773 centro
1739 4713 1914 4793 hujus
1961 4711 2209 4795 epicycli
2254 4711 2571 4774 recedente
2635 4710 2924 4784 (velocior
2980 4710 3135 4772 enim
3181 4719 3280 4773 est

603 4802 765 4875 illo),
841 4798 1147 4880 planetam
1194 4797 1370 4862 simul
1428 4800 1789 4866 descendere
1836 4802 1895 4863 in
1944 4802 2252 4884 epicyclo:
2317 4819 2445 4862 cum
2511 4806 2711 4861 autem
2774 4806 2970 4862 motus
3026 4799 3277 4883 epicycli

597 4890 680 4955 sit
725 4889 985 4954 velocior
1031 4887 1193 4950 circa
1237 4908 1407 4953 suum
1453 4898 1722 4955 centrum
1769 4909 1946 4974 quam
1990 4898 2190 4958 motus
2229 4890 2419 4957 centri
2456 4888 2616 4954 circa
2650 4889 2917 4964 Terram,
2965 4888 3100 4953 hinc
3129 4889 3273 4965 fieri,
