3517 5525
291 400 335 471 66
652 439 655 445 ‚
708 399 808 455 literas
825 402 929 467 Ksplerl
947 401 1099 467 aliorumque
1115 404 1219 452 mutuae

290 604 418 669 sequens
441 585 567 647 multum
590 582 673 645 lacit.
720 581 788 653 Quo
810 578 841 642 in
864 580 930 641 loco
953 580 1111 661 planetam
1130 580 1276 654 videmus,
1300 598 1339 642 ex
1361 599 1397 641 eo
1419 580 1448 663 iq
1472 578 1646 661 eclipticam

231 680 234 691 '
291 684 376 740 recta
399 674 524 749 ducitur,
550 670 751 734 determinans
775 672 871 732 locum
889 670 955 749 ejus
971 670 1140 749 eclipticum
1147 688 1157 745 ;
1180 670 1256 731 haec
1279 677 1329 731 est
1350 670 1484 733 reductio
1507 670 1566 731 visi
1585 672 1646 735 loci

293 767 333 829 ad
357 764 539 845 eclipticam.
585 762 654 824 Jam
679 760 749 842 quia
771 759 896 841 planeta
918 779 973 821 nec
995 758 1026 820 in
1049 779 1103 821 suo
1127 760 1193 821 loco
1207 759 1346 839 ecliptico
1362 778 1416 821 nec
1430 779 1501 823 vero
1515 760 1647 838 ridetur,

184 870 187 877 ’
291 856 345 917 sed
369 855 435 916 loco
458 852 635 915 intermedio
660 850 756 924 (visus
785 848 864 909 enim
888 849 971 911 locus
994 848 1144 929 parallaxi
1166 848 1248 911 orbis
1277 868 1393 911 annuae
1416 850 1447 912 in
1478 850 1573 912 latum
1596 859 1650 914 est

292 944 465 1024 implicatus
489 944 649 1003 etiamnum
673 940 729 1001 sub
751 939 848 1019 ipsein
872 938 1083 1021 aoronyebiam
1111 936 1284 1015 visionem),
1308 957 1425 1001 rursum
1444 958 1515 1020 ergo
1538 942 1648 1003 eadem

291 1032 407 1097 illaad
432 1032 603 1111 eclipticam
627 1036 719 1104 recta,
745 1048 820 1109 quae
842 1038 928 1088 secat
948 1026 1078 1089 orbitam
1099 1028 1251 1107 planetae,
1277 1028 1373 1089 locum
1397 1028 1441 1090 illi
1464 1030 1651 1093 determinat

244 1144 249 1149 ·
293 1125 324 1186 in
348 1142 402 1185 sua
426 1121 535 1183 orbita.
580 1120 719 1199 Angulns
742 1124 843 1179 rectus
867 1116 906 1177 ab
930 1116 1071 1196 ecliptica
1093 1125 1125 1177 et
1154 1136 1225 1177 arcu
1255 1117 1424 1179 latitudinis
1456 1119 1650 1183 subtenditur

292 1231 364 1275 arcu
386 1211 502 1273 orbitae
517 1210 626 1271 Martis
650 1228 669 1269 a
691 1208 779 1295 nodo·
794 1207 831 1267 ad
855 1206 933 1267 hunc
956 1206 1063 1281 locum,
1088 1214 1136 1267 εει
1154 1224 1226 1285 ergo
1249 1206 1307 1267 iste
1322 1226 1409 1268 arcus
1426 1208 1543 1287 longior
1555 1229 1647 1290 quarn

294 1324 313 1363 a
335 1301 413 1363 nodo
437 1302 475 1361 ad
498 1307 640 1379 punctum
665 1296 832 1377 eclipticas.
880 1293 973 1356 Certe
997 1296 1135 1375 nuspiam
1149 1296 1234 1357 Mars
1258 1296 1315 1359 nisi
1335 1296 1365 1358 in
1380 1296 1480 1359 orbita
1501 1318 1557 1360 sna
1574 1318 1650 1360 ver-

293 1400 392 1465 satur,
416 1388 536 1451 minime
560 1388 589 1449 in
614 1386 774 1449 latitudine
798 1384 919 1469 visibili,
944 1404 999 1446 nee
1019 1385 1129 1446 attinet
1143 1386 1181 1446 ad
1194 1386 1330 1466 proprios
1345 1386 1410 1465 ejns
1424 1394 1533 1461 motus,
1558 1406 1651 1468 quam

292 1482 374 1544 viam
397 1476 482 1541 nobis
506 1478 645 1539 videatur
668 1475 723 1537 sub
746 1475 813 1535 fixis
837 1472 1016 1535 describere.
1062 1474 1142 1535 Nam
1165 1476 1220 1537 sub
1239 1474 1307 1536 fixis
1322 1494 1376 1537 nec
1390 1486 1439 1537 est
1456 1476 1650 1539 intermixtus

292 1570 353 1633 illis
377 1586 431 1630 nec
454 1574 622 1629 tortuosam
646 1565 726 1626 viam
750 1562 894 1625 describit
921 1582 976 1624 nec
1005 1563 1187 1641 regreditur,
1222 1583 1299 1644 qnae
1330 1565 1430 1626 omnia
1461 1566 1563 1628 videre
1589 1586 1650 1629 nos

292 1668 442 1740 putamus.
482 1656 606 1717 Videris
625 1654 746 1716 tandem
759 1670 924 1733 provocare
940 1653 978 1713 ad
993 1652 1220 1715 observationes
1234 1654 1347 1732 rejecto
1358 1654 1471 1734 jndicio
1486 1656 1648 1720 rationum.

293 1750 338 1813 At
361 1747 493 1827 iniquum
522 1752 570 1806 est
596 1744 791 1824 postulatum.
839 1740 942 1811 Quid?
974 1742 1097 1802 Nihilne
1125 1743 1156 1804 in
1187 1743 1371 1804 astronomia
1402 1764 1561 1825 sequamur
1587 1744 1652 1809 nisi

296 1838 374 1919 quod
403 1834 631 1897 observationes
661 1831 889 1917 monstrarunt?
935 1828 1022 1900 Quae
1053 1849 1124 1911 ergo
1154 1831 1307 1893 subtilitas
1336 1833 1517 1895 observandi
1545 1834 1652 1896 docuit

296 1924 507 2008 aequationem
530 1930 698 2002 ternpornur
720 1921 808 2001 idque
829 1921 969 1982 veteres?
993 1920 1029 1981 de
1043 1920 1216 2001 Tyehonica
1238 1940 1297 1982 non
1321 1921 1435 2002 loquor.
1473 1923 1557 1986 Haec
1578 1924 1652 2004 ipsa

295 2034 411 2097 quoquo
434 2012 569 2075 reductio
594 2013 671 2073 unde
687 2011 820 2090 primurn
842 2009 930 2071 orta?
974 2010 1025 2071 Ab
1048 2010 1261 2073 observatione
1284 2030 1322 2071 an
1346 2031 1366 2071 a
1388 2011 1524 2073 ratione?
1567 2014 1650 2075 Puto

295 2105 463 2167 aratione.
510 2104 577 2182 Ego
602 2102 694 2162 doceo
717 2100 879 2172 rationem,
904 2117 1007 2160 veram
1031 2118 1178 2161 essenon
1204 2100 1311 2173 doceo,
1342 2118 1431 2180 qnam
1453 2102 1557 2163 eodem
1579 2122 1652 2164 curn

295 2194 449 2257 veteribus
468 2192 537 2271 jure
562 2208 684 2270 sequor3
717 2189 945 2251 observationes
976 2207 1030 2268 per
1059 2189 1263 2251 reductionem
1286 2192 1494 2266 accommodo,
1525 2212 1562 2253 ne
1591 2211 1651 2271 pro

296 2284 376 2345 veris
409 2282 536 2343 vitiosas
569 2279 738 2342 adhibeam.
785 2276 855 2348 Qua
884 2294 940 2353 ego
970 2297 1024 2339 cen
1056 2278 1142 2339 clave
1174 2280 1377 2341 astronomiae
1408 2288 1538 2360 reperta·
1560 2282 1651 2343 unice

297 2369 419 2455 gloriari
441 2388 577 2451 possum,
610 2367 834 2430 eccentricitats
859 2365 941 2428 Solis
966 2366 1139 2442 dimidiata,
1169 2367 1200 2429 id
1222 2387 1318 2447 negas
1341 2376 1372 2429 te
1394 2371 1522 2448 probare
1545 2390 1651 2450 posse.

296 2464 366 2527 Non
382 2469 493 2531 tamen,
518 2458 572 2533 ais,
599 2458 653 2519 abs
671 2476 719 2519 me
734 2456 909 2519 constitutis
933 2455 1156 2517 discedendum.
1193 2458 1260 2519 Non
1281 2457 1359 2519 facio
1377 2466 1501 2533 temere,
1525 2468 1652 2523 auctore

296 2551 437 2633 Tyebone
462 2549 540 2610 facio
565 2567 617 2609 sen
641 2546 772 2609 conscio.
809 2544 895 2607 Nihil
917 2564 1018 2606 eornm
1041 2545 1125 2620 tollo,
1150 2565 1227 2625 quae
1250 2567 1288 2607 ex
1302 2547 1463 2628 hypothesi
1478 2548 1654 2629 Tychonica

297 2648 474 2721 sequnntur,
502 2648 533 2699 ct
561 2636 616 2700 ch.
647 2634 781 2698 Severini
806 2640 1032 2709 (Logomcntanus)
1058 2634 1127 2695 vivo
1160 2636 1300 2716 Tychone
1329 2637 1359 2696 in
1389 2637 1558 2700 Lunaribus
1590 2640 1652 2701 boc

299 2749 397 2793 mcum
422 2728 536 2808 reecpit
559 2734 590 2790 et
613 2726 748 2788 inritatus
772 2732 830 2786 est.
878 2723 981 2804 Tycho
1005 2720 1092 2787 3600
1116 2724 1192 2786 dixit
1214 2724 1417 2808 hypotheseos
1440 2726 1556 2806 gratia,
1589 2748 1654 2790 non

298 2823 376 2900 quod
401 2819 456 2879 hoe
476 2818 539 2898 jam
563 2821 788 2878 sacrosanctum
807 2813 894 2875 nobis
919 2832 988 2874 esse
1011 2814 1135 2888 debeat,
1164 2821 1199 2876 nt
1227 2824 1297 2877 sunt
1327 2816 1563 2879 observationes.
1613 2821 1653 2880 In

299 2910 428 2972 alienum
451 2925 499 2968 me
523 2925 625 2986 agrurn
649 2905 792 2966 invadere
816 2903 927 2982 arguis.
975 2901 1096 2974 Quaero
1119 2921 1202 2982 ergo,
1226 2924 1313 2985 quem
1335 2924 1441 2984 agmm
1464 2905 1654 2986 Oopernieus

296 2997 452 3071 invaserit,
476 2997 544 3057 dum
568 2993 669 3057 Solern
692 2993 813 3073 penitus
832 2992 922 3072 jubet
944 2993 1118 3071 quiescere?
1158 2994 1309 3075 Numquid
1330 2995 1520 3074 planetarum
1543 2998 1654 3076 paral-

296 3087 403 3151 lures?
441 3086 566 3170 Eodem
574 3086 640 3165 jure
665 3103 720 3164 ego
744 3083 773 3144 in
798 3102 870 3144 casu
893 3083 982 3161 plane
1006 3081 1110 3143 eodem
1133 3090 1211 3144 ntor.
1249 3085 1328 3146 Nam
1343 3085 1488 3163 quomodo
1503 3105 1540 3147 ex
1555 3085 1652 3147 Sola-

295 3178 379 3240 ribus
402 3169 663 3238 observationibus
693 3173 754 3235 ista
784 3171 1014 3246 deducerentur,
1044 3191 1130 3252 quae,
1161 3172 1220 3233 etsi
1248 3173 1396 3234 concedas
1427 3193 1504 3248 esse,
1539 3195 1577 3236 ex
1607 3175 1651 3236 iis

297 3265 427 3330 derivari
450 3283 508 3326 non
530 3263 676 3344 possunt?
721 3261 808 3323 Adeo
832 3280 878 3322 me
903 3260 1080 3323 destitutum
1104 3261 1249 3340 exemplis
1272 3262 1382 3342 putas?
1419 3260 1499 3334 Quid
1523 3283 1595 3343 ergo
1619 3264 1653 3325 in

300 3353 486 3418 astronomia
509 3361 565 3428 est,
590 3371 755 3434 apogaeum
780 3349 862 3412 Solis
885 3369 940 3429 per
963 3351 1090 3429 eclipses
1113 3351 1263 3430 probare?
1308 3351 1373 3413 Ant
1399 3353 1465 3432 quis
1496 3353 1526 3414 id
1555 3353 1654 3415 lecit?

299 3446 381 3508 Male
407 3450 516 3524 agatur
539 3461 605 3504 eum
628 3439 825 3506 astronomis,
858 3439 885 3500 si
908 3440 990 3500 circa
1013 3440 1166 3520 quodlibet
1198 3440 1281 3501 sidus
1313 3441 1343 3502 in
1365 3440 1517 3520 proprium
1545 3459 1656 3520 εςεεει

297 3545 440 3616 tanquam
463 3533 494 3593 in
519 3529 651 3592 ordinem
676 3529 787 3590 fuerint
809 3527 935 3589 redacti.

387 3621 454 3696 Ais,
479 3619 677 3682 variationem
699 3618 783 3680 illam
806 3635 935 3678 annnam
959 3617 1037 3677 forte
1060 3616 1138 3678 alias
1163 3616 1274 3679 habere
1297 3635 1421 3692 cansas;
1450 3619 1495 3682 ito
1524 3637 1595 3699 ergo
1620 3627 1657 3682 et

301 3709 320 3776 5
345 3709 496 3792 epinyclos
518 3709 595 3771 infer
617 3709 647 3768 in
669 3709 820 3788 planetas,
845 3704 951 3787 quibus
974 3713 1079 3766 centra
1100 3706 1256 3768 librentur.
1295 3707 1330 3767 Id
1348 3707 1468 3787 quidem
1483 3709 1513 3770 in
1528 3708 1654 3771 Venere

301 3807 333 3863 et
346 3799 494 3863 Mercurio
510 3799 701 3860 Ptolemaeus
718 3795 960 3876 Gopernicusqne
974 3794 1072 3857 coacti
1095 3805 1166 3858 sunt
1187 3796 1226 3858 ob
1249 3795 1326 3858 banc
1342 3815 1463 3858 cansam
1482 3797 1656 3877 ignoratam

302 3891 420 3960 iacere,
452 3891 481 3952 in
505 3885 636 3950 Saturno
666 3893 698 3948 et
719 3885 796 3948 Jove
819 3884 1007 3964 negligentes
1031 3885 1069 3946 0b
1097 3884 1376 3959 insensibilitatem
1406 3885 1438 3948 iu
1461 3887 1656 3949 Martanum

303 3981 403 4042 lacere
428 3976 642 4057 neglexissent,
671 3974 891 4038 inobservabile
915 3973 999 4036 sidus
1022 3973 1170 4038 dixerunt.
1218 3974 1330 4036 Vemm
1360 3983 1394 4037 tu
1420 3975 1537 4037 usitata
1557 3975 1656 4038 uteris

303 4066 471 4150 sophistica
495 4067 573 4139 (scic
598 4085 657 4146 qna
679 4073 779 4126 mente
804 4073 835 4126 et
858 4064 947 4129 credo
978 4063 1158 4142 praelationi
1180 4071 1251 4125 tuae
1275 4084 1310 4126 ac
1333 4082 1437 4142 spero,
1467 4074 1498 4126 te
1525 4065 1653 4128 voculas

304 4159 419 4238 aliquas
434 4155 601 4236 hujusmodi
615 4174 673 4218 non
689 4172 779 4232 aegre
795 4154 957 4228 laturum);
973 4153 1102 4233 exempli
1117 4173 1217 4229 causa,
1242 4153 1268 4215 si
1283 4153 1367 4215 dicat
1379 4153 1498 4234 aliquis,
1513 4155 1655 4234 phasium

304 4249 408 4309 Lunae
432 4263 554 4308 causam
577 4252 690 4308 motum
714 4243 779 4323 ejus
802 4262 870 4304 esse
894 4243 975 4306 circa
997 4242 1131 4319 Terram,
1155 4242 1294 4323 sophista
1317 4243 1435 4317 dixerit,
1460 4245 1537 4306 forte
1560 4243 1657 4307 aliam

305 4355 372 4399 esse
397 4353 518 4396 cansam
541 4334 688 4414 phasium.
1534 4369 1540 4386 .

393 4424 441 4486 Ex
463 4423 586 4485 incertis
609 4429 699 4502 putas
718 4421 849 4502 judicari
872 4419 909 4482 de
931 4419 1033 4482 certis.
1070 4420 1121 4482 An
1139 4419 1231 4500 igitur
1244 4418 1404 4501 quidquam
1421 4421 1451 4484 in
1467 4422 1658 4485 astrmomia

305 4516 417 4577 rectius
441 4511 702 4574 observationibus
733 4529 786 4573 sen
810 4509 891 4573 Solis
922 4530 975 4573 seu
997 4509 1129 4572 Martis?
1172 4508 1221 4570 Ex
1248 4509 1295 4571 his
1324 4507 1403 4572 enim
1429 4511 1543 4591 judico.
1590 4511 1656 4575 Sed

307 4606 384 4668 forte
407 4604 464 4666 hoe
486 4603 633 4663 incertum
656 4601 733 4683 qood
758 4607 875 4669 statuo,
900 4599 1031 4662 Martem
1053 4606 1124 4679 post
1146 4600 1294 4679 integram
1317 4598 1472 4676 periodum
1493 4601 1523 4662 in
1547 4602 1657 4664 eadem

206 4693 209 4698 '
308 4711 426 4774 semper
449 4690 609 4754 altitudine
633 4711 653 4752 a
674 4690 769 4752 Terra
792 4696 823 4751 et
846 4690 951 4750 eodem
975 4690 1040 4750 loeo
1063 4689 1119 4750 sub
1141 4688 1209 4750 fixis
1232 4707 1315 4762 esse,
1340 4688 1420 4750 linea
1443 4709 1481 4751 ex
1503 4688 1576 4752 Sole
1599 4708 1659 4769 per

271 4828 275 4837 ,
306 4783 390 4846 illum
413 4781 531 4862 ejecta?
566 4780 644 4842 Num
663 4787 696 4841 tu
712 4777 907 4860 Gopernicum
923 4787 976 4841 aut
990 4779 1193 4840 Ptolemaeum
1216 4777 1363 4858 sequaris,
1387 4786 1421 4840 ut
1436 4779 1537 4858 potins
1560 4780 1656 4842 libres

309 4881 443 4936 centrum
466 4868 623 4932 eccentrici
646 4870 754 4932 Martis
778 4875 860 4930 motu
882 4887 941 4930 non
964 4868 1058 4929 Marti
1080 4869 1134 4928 sed
1157 4865 1222 4928 Soli
1254 4866 1474 4946 respondente?
1520 4869 1569 4930 lta
1587 4868 1658 4948 jam

309 4983 366 5024 non
391 4961 447 5024 hoc
469 4965 588 5023 tantum
619 4959 730 5021 referet
760 4957 963 5033 considerare,
993 4976 1050 5038 qno
1079 4957 1145 5021 loco
1174 4955 1221 5018 sni
1243 4956 1324 5018 orbis
1347 4957 1449 5034 <rsit3
1484 4957 1542 5022 nisi
1574 4958 1658 5022 enirn
