3517 5525
564 383 733 438 Pera'Tertia.
771 387 978 453 (lepusxxxix.
1325 339 1329 344 ‘
1377 385 1440 458 317

100 559 178 624 riter
200 560 240 637 id,
265 562 345 644 quod
360 569 503 626 extranea
526 571 557 628 et
579 565 668 628 bruta
691 584 729 628 ox
742 563 814 630 Sole
836 565 933 631 virtus
952 576 1034 632 esset
1056 569 1206 634 effectura.
1245 568 1330 642 Quae
1344 570 1443 632 omnia

98 659 174 714 suut
195 651 337 719 absurda.
383 652 565 717 Praesertim
588 675 668 730 cum,
692 655 857 719 Aristotele
881 664 975 734 teste,
998 659 1106 723 infiniti
1128 660 1210 723 nulla
1232 661 1273 722 sit
1295 658 1442 736 seientia3

101 739 252 804 inlinitum
277 747 376 803 autem
400 742 560 807 misceatur
582 745 648 808 huic
671 745 830 808 intensioni
853 752 886 808 et
907 748 1084 812 remissioni.
1435 752 1440 758 '

191 827 256 892 Sed
269 831 345 892 bene
369 831 470 907 habet,
495 834 572 914 quod
594 834 677 916 ipsae
693 835 784 898 etiam
797 833 1022 901 obseruationes
1044 838 1210 920 perlectum
1224 831 1443 904 circulum'GD

99 920 182 982 iufra
214 936 281 1001 cap.
309 919 426 982 XLIV.
456 940 513 984 uon
543 931 612 985 sunt
641 943 802 1007 passurae:
838 944 893 988 uec
922 926 1086 990 imbecilles
1115 929 1193 990 istae
1216 932 1265 1004 (ut
1285 930 1444 1009 putantur)

99 1008 326 1088 speculationes
349 1009 502 1074 solitariae
525 1013 707 1089 consistunt,
732 1021 874 1096 tantoque
898 1016 993 1078 minus
1016 1017 1170 1080 calumniis
1193 1027 1263 1082 sunt
1285 1016 1443 1080 obnoxiae.

98 1096 161 1160 Est
184 1097 289 1178 itaque
310 1100 407 1177 magis
430 1109 677 1178 consentaneum,
710 1104 850 1183 planetae
872 1103 932 1184 ipsi
955 1105 1027 1168 nihil
1050 1126 1118 1170 esso
1142 1127 1230 1171 curae
1259 1127 1354 1188 neque
1378 1105 1443 1186 epi-

99 1187 220 1270 oyclum
243 1205 339 1268 neque
362 1189 573 1266 samniticum,
605 1193 658 1254 sed
681 1210 769 1272 opus,
803 1193 881 1274 quod
909 1193 972 1274 ipsa
995 1197 1110 1276 perficit
1140 1199 1253 1260 autad
1277 1197 1355 1278 quod
1377 1195 1443 1257 effi-

99 1276 242 1342 ciendum
256 1277 413 1354 concurrit,
438 1297 510 1342 esse·
521 1279 578 1342 iter
593 1279 777 1350 libratorium
795 1281 826 1344 in
842 1280 988 1346 diametro
1010 1281 1108 1368 mad
1131 1311 1151 1349 α
1173 1286 1275 1351 Solem
1293 1286 1444 1350 tendente.

193 1364 355 1437 Quaeritur
373 1367 439 1446 jam
455 1385 603 1445 mensura,
627 1389 686 1452 qua
1360 1380 1364 1396 '

99 1456 229 1538 planeta
255 1455 357 1534 justas
389 1457 521 1538 quolibet
551 1464 685 1538 tempore

102 1545 269 1608 distantias
282 1544 446 1608 metiatur?
458 1545 554 1609 Nobis
569 1549 686 1629 quidem

100 1653 245 1698 mensura
280 1637 367 1714 patet
395 1654 432 1696 ex
464 1637 628 1716 geometria
657 1646 690 1702 et
787 1631 788 1634 ¹

102 1725 269 1787 schemate.
316 1720 443 1793 Quoties
463 1725 541 1788 enim
563 1727 687 1806 planeta

102 1835 121 1876 a
145 1812 249 1876 Solari
277 1810 388 1874 virtute
410 1823 564 1894 promotus
588 1817 687 1879 estin
716 1831 736 1872 r

101 1902 217 1965 lineam
239 1900 313 1977 DA,
335 1921 392 1964 nos
414 1910 484 1966 tuno
512 1904 686 1986 inquirimus

103 1989 248 2072 angulum
280 1988 379 2066 CBD,
416 1993 501 2075 eique
531 1996 687 2076 aequalem

105 2080 234 2144 iacimus
256 2081 340 2160 γβλς
373 2088 406 2143 et
435 2081 479 2144 sic
509 2088 553 2146 ab
581 2086 629 2147 vel
658 2085 686 2146 ei
779 2160 784 2165 ,

103 2170 262 2252 aequalem
284 2192 320 2231 αι
341 2169 467 2233 dicimus
485 2191 551 2234 esse
571 2173 686 2253 justam

103 2261 248 2342 planetes
263 2258 331 2322 inD
345 2261 496 2324 versantis
511 2263 686 2325 distantiam

104 2349 144 2412 ab
180 2349 220 2411 A.
281 2345 343 2411 Sed
378 2349 456 2412 hanc
499 2352 685 2432 propositam
752 2367 758 2391 ¹

105 2455 277 2501 mensuram
299 2438 466 2503 hominibus
485 2439 549 2519 jam
573 2441 685 2523 eripui-

107 2547 173 2591 mus
195 2526 349 2608 plauetae,
372 2527 442 2590 dum
464 2529 560 2610 ipsum
577 2550 615 2592 ex
628 2531 753 2615 epioycli
777 2531 973 2614 amplitudine
991 2531 1070 2593 intra
1084 2529 1219 2592 diametri
1238 2525 1276 2607 γζ
1294 2529 1448 2610 angustias

108 2617 288 2697 redegimus.
519 2635 548 2682 ·.

194 2705 342 2786 Equidem
367 2705 398 2767 iu
427 2705 484 2769 hac
510 2707 700 2788 inquisitione
729 2709 846 2773 facilius
871 2709 979 2771 dicitur
1002 2707 1072 2789 quid
1100 2725 1158 2769 uon
1187 2708 1242 2780 sit,
1266 2727 1353 2790 quam
1377 2706 1448 2789 quid

107 2798 155 2861 sit
192 2796 272 2859 Nam
296 2795 366 2875 quia
386 2796 509 2875 planeta
531 2800 686 2861 momentis
709 2800 757 2875 iis,
782 2800 887 2879 quibus
905 2819 924 2859 a
940 2796 1010 2861 Sole
1034 2796 1090 2860 fuit
1112 2798 1277 2861 collocatus
1301 2797 1330 2859 iu
1353 2797 1449 2872 lineas

113 2906 150 2950 ex
172 2886 202 2948 A
224 2903 278 2965 per
301 2882 336 2960 Ο,
360 2884 399 2959 D,
421 2884 458 2961 Ε,
482 2887 516 2962 F,
542 2885 581 2958 G,
604 2888 633 2949 H
656 2889 772 2962 ductas,
796 2889 862 2969 ipse
885 2887 1005 2967 ponitur
1019 2887 1154 2948 effecisse
1169 2887 1332 2949 distantias
1347 2886 1449 2949 ordine

108 2978 178 3039 has:
211 2994 271 3054 γα,
302 2996 351 3047 ιιι,
381 2976 435 3043 λιι,
459 2970 512 3050 ζα,
544 2978 599 3050 λα,
632 3002 677 3039 ια.
725 2972 840 3047 Quodsi
865 2976 958 3055 igitur
984 2975 1036 3037 via
1056 2974 1196 3057 planetae
1221 2982 1269 3037 est
1296 2976 1450 3057 perfectus

110 3063 250 3138 aucuns,
273 3070 344 3125 tuuc
361 3063 533 3143 aequalibus
556 3066 692 3144 partibus
708 3066 865 3127 ecoeutrici
889 3065 959 3141 cl),
983 3063 1053 3138 DE,
1076 3064 1137 3126 EF
1159 3065 1340 3145 respondent
1363 3064 1449 3125 inae-

109 3154 215 3236 quales
240 3152 401 3215 descensus
420 3154 560 3233 planetae
582 3154 611 3214 in
636 3154 795 3229 diametro,
819 3173 925 3235 nempe
947 3177 984 3234 γι,
1004 3156 1046 3228 ιλ,
1066 3149 1114 3225 λζ,
1137 3160 1168 3215 et
1191 3155 1308 3234 quidem
1330 3153 1450 3215 turbato

110 3242 229 3317 ordine,
262 3241 305 3303 sic
335 3247 368 3303 ut
398 3260 456 3305 uon
486 3242 614 3324 supremi
638 3242 700 3305 siut
723 3243 850 3318 minimi,
883 3244 934 3305 imi
968 3241 1103 3317 maximi,
1136 3243 1191 3304 ssd
1213 3250 1246 3303 ut
1277 3242 1366 3304 medii
1390 3241 1452 3303 sint

109 3330 230 3395 maximi
255 3333 295 3407 ιλ,
321 3330 445 3395 extremi
468 3354 505 3411 γι,
527 3327 570 3404 λζ
588 3332 724 3410 minores,
749 3340 781 3394 et
803 3334 908 3395 summi
929 3356 958 3412 ys
979 3333 1068 3413 paulo
1096 3330 1224 3394 minores
1251 3330 1319 3393 imis
1339 3326 1383 3403 λζ
1400 3350 1451 3393 re-

111 3420 336 3583 spondentlibus.
361 3416 439 3484 Sunt
454 3422 530 3483 cuim
546 3422 686 3503 aequales
701 3445 736 3502 ys
751 3428 782 3484 et
795 3418 844 3499 μζ,
862 3429 893 3484 et
906 3444 936 3502 ys
953 3421 1048 3484 minor
1063 3422 1149 3502 quam
1164 3443 1207 3500 yn,
1223 3416 1264 3493 λζ
1275 3440 1344 3483 vero
1358 3421 1453 3501 maJ'or

131 3528 201 3575 uam
224 3534 276 3588 μ.

113 3532 130 3594 q
200 3598 302 3679 Atque
326 3597 400 3659 huet
423 3598 527 3661 eadem
542 3617 633 3662 causa
655 3599 788 3680 impedit,
814 3619 871 3683 quo
894 3599 990 3663 miuus
1013 3623 1050 3680 γι,
1070 3602 1110 3668 ιλ,
1134 3594 1175 3671 λζ
1192 3597 1454 3679 proportionentur

110 3690 162 3753 vel
191 3686 375 3769 temporibus
398 3687 599 3751 coniectorum
627 3689 793 3771 aequalium
825 3709 944 3752 arcuum
967 3689 1040 3764 OD,
1065 3686 1140 3761 DE,
1164 3688 1233 3764 EF,
1263 3688 1311 3749 vel
1334 3686 1451 3767 angulis

112 3782 152 3843 ad
175 3776 278 3841 Solem
302 3774 407 3853 OAD,
431 3775 537 3850 DAE,
559 3778 661 3841 EAF.
707 3778 836 3859 Tempus
856 3778 934 3841 enirn
955 3796 1008 3839 seu
1030 3794 1114 3841 mora
1136 3778 1277 3857 planetae
1300 3776 1331 3837 in
1353 3776 1451 3857 parti-

111 3872 168 3933 bus
184 3865 343 3931 ecoentrioi
358 3862 542 3947 aequalibus,
567 3865 636 3942 OD,
660 3865 732 3941 DE,
750 3867 781 3927 Ἐ
789 3869 823 3942 F,
849 3888 868 3929 a
890 3886 1003 3930 summo
1018 3867 1057 3928 ad
1079 3866 1168 3929 imum
1182 3866 1320 3929 continue
1342 3865 1452 3929 minui-

113 3964 186 4033 tur;¹
202 3954 313 4037 auguli
336 3956 375 4017 ad
397 3954 499 4019 Solem
522 3956 660 4019 contiuuo
682 3964 844 4038 augentur3
876 3956 1051 4019 libratioues
1083 3975 1153 4019 vero
1184 3979 1214 4035 γι
1246 3962 1390 4035 augentur
1421 3956 1453 4017 in

113 4046 222 4121 medio,
243 4054 279 4108 ut
300 4047 339 4109 ιλ
702 4064 703 4069 ’
1310 4045 1312 4054 '

202 4135 297 4217 Igitur
320 4133 346 4195 si
375 4133 433 4196 iter
454 4135 594 4214 planetae
617 4142 666 4196 est
687 4134 838 4213 perfectus
862 4134 1007 4210 circulus,
1040 4152 1179 4197 mensura
1201 4134 1361 4195 descensus
1382 4135 1453 4214 pla-

115 4232 205 4289 netae
228 4225 259 4287 iu
275 4222 420 4287 diametro
443 4220 481 4303 γζ
501 4242 595 4304 neque
618 4226 735 4303 tempus
751 4231 808 4296 est,
831 4242 925 4304 neque
950 4224 1080 4305 spatium
1104 4222 1263 4285 eceeutrici
1278 4222 1453 4299 confestum,

116 4333 211 4396 neque
236 4313 361 4394 angulus
385 4312 424 4374 ad
446 4310 557 4375 Solem.
593 4312 635 4376 Et
656 4312 712 4375 has
737 4312 853 4394 quidem
876 4331 1033 4376 mansuras
1057 4311 1148 4375 etiam
1171 4311 1313 4394 physicae
1338 4332 1454 4394 speon-

117 4404 248 4468 lationes
269 4400 436 4482 repudiant.
1178 4429 1181 4433 “
1475 4415 1480 4421 ’

206 4489 316 4564 Quidsi
330 4490 422 4573 igitur
435 4491 491 4555 hoo
505 4490 653 4553 dicamus:
675 4491 733 4552 etsi
751 4497 850 4552 motus
865 4491 1004 4570 planetae
1024 4492 1055 4553 in
1069 4488 1200 4572 epicyclo
1218 4507 1276 4552 non
1290 4489 1454 4571 contingat,

119 4582 161 4647 sio
184 4589 286 4645 tamen
310 4580 477 4663 dispensari
499 4581 575 4659 hano
598 4578 797 4654 librationem,
819 4588 852 4641 ut
867 4578 1029 4643 (dstantiae
1052 4600 1071 4642 a
1093 4577 1164 4642 Sole
1188 4579 1354 4643 efficiantur
1371 4578 1454 4642 simi-

121 4672 166 4735 les
189 4671 237 4748 iis‚
262 4688 337 4751 quaa
361 4670 493 4733 existunt
515 4668 647 4751 epicyclo
670 4687 740 4731 vere
763 4668 907 4731 decurso?

208 4760 340 4824 Primum
361 4758 502 4823 tribuitur
523 4756 639 4833 virtuti,
667 4776 743 4838 quae
772 4758 911 4838 planetae
939 4757 1059 4842 propria
1081 4763 1146 4831 est,
1173 4756 1303 4839 cognitio
1331 4754 1457 4838 epicycli

123 4848 290 4933 imaginarii
317 4850 437 4931 ejusque
465 4849 621 4912 effectuum
649 4846 679 4908 iu
710 4847 882 4910 ordinandis
908 4847 1062 4912 distantiis
1089 4867 1108 4909 a
1136 4844 1225 4910 Sola:
1258 4844 1397 4908 tribuitur
1425 4852 1457 4907 et

122 4941 253 5025 cognitio
285 4936 402 5009 futurae
425 4936 591 5005 celeritatis
613 4944 645 5001 et
673 4936 840 5016 tarditatis,
870 4956 958 5021 quam
979 4944 1157 5004 causaturus
1186 4937 1228 5001 sit
1253 4942 1350 4997 motos
1372 4952 1456 4997 coru-
