3517 5525
667 425 728 479 rm
746 426 850 491 cuma
873 427 1064 511 ⁴capua-urus
1459 429 1537 500 337
1645 496 1650 507 Ι

195 603 295 668 subito
310 605 435 686 planeta
447 623 567 687 proram
580 613 754 670 convertere
768 585 934 683 diceretur3
951 589 1157 691 quodquidam
1171 606 1302 688 diximus
1312 628 1378 690 cap.
1385 589 1540 675 xxxix.

196 695 288 758 etiem
312 695 524 776 experimentis
551 695 794 762 observationum
819 715 988 781 ¹repugnare
1016 697 1191 764 clarissime.
1239 697 1314 764 Cum
1338 698 1429 781 igitur
1451 717 1537 777 meu-

197 803 268 846 surs
290 782 460 847 librationis
482 784 571 864 hujus
594 785 720 866 digitum
743 785 902 848 admodum
930 787 1097 852 naturalem
1129 788 1282 865 intendat,
1304 807 1399 852 causa
1422 807 1538 868 quoque

194 873 342 937 naturalis
366 874 442 948 erit3
466 883 653 956 nempe-non
676 893 760 938 mens
783 869 933 954 planetae,
959 878 1014 939 sed
1036 875 1181 940 naturalis
1205 885 1257 940 aut
1276 877 1351 940 forte
1375 873 1539 958 corporalis

173 961 295 1045 ‚aliqua
316 960 459 1025 facultas.
580 1031 589 1044 ,
911 977 926 1032 “,
973 1030 977 1036 ,
1012 1037 1015 1042 1
1139 987 1144 995 ’
1490 1039 1491 1046 ¹

281 1052 330 1114 Ac
352 1071 418 1114 oum
441 1051 483 1113 eit
504 1049 591 1114 nobis
614 1067 679 1132 cap.
703 1051 857 1116 XXXIX.
883 1067 920 1115 ex
950 1053 1071 1135 optimis
1088 1052 1270 1126 rationibus
1294 1054 1324 1117 in
1350 1068 1539 1138 praesuppo·
1580 1111 1583 1118 .

178 1139 271 1214 sitis,
294 1160 354 1204 non
376 1159 466 1223 posse
488 1141 641 1222 planetam
664 1140 874 1206 transitionem
908 1141 1017 1204 facere·
1030 1143 1067 1205 dc
1090 1145 1155 1207 loco
1179 1143 1210 1207 in
1233 1144 1339 1220 locum,
1362 1143 1443 1206 nuda
1465 1161 1543 1205 oon--

193 1230 327 1293 tentione
345 1229 452 1294 virium
466 1229 633 1305 insitarum,
657 1229 714 1293 nisi
730 1231 909 1310 adjuventur
931 1239 984 1294 aut
1002 1230 1198 1297 informentur
1211 1231 1282 1296 illae
1299 1231 1361 1296 avi
1376 1239 1535 1295 extranca:

135 1392 138 1398 ¹
195 1319 388 1400 cogitandum
420 1318 528 1400 igitur,
559 1319 585 1381 si
608 1323 665 1398 quo
692 1326 782 1400 pacto
811 1318 871 1399 ipsi
903 1319 995 1384 etiam
1025 1322 1130 1386 virtuti
1153 1321 1256 1386 Solari
1285 1319 1537 1386 transscribamus

193 1408 269 1470 banc
300 1406 555 1471 librationemtex
586 1414 681 1487 parte.
736 1408 773 1470 Id
808 1408 968 1472 molientes
1001 1411 1040 1472 ad
1068 1413 1166 1474 remos
1198 1419 1318 1474 nostros
1350 1411 1415 1492 jan
1446 1429 1538 1491 supra

193 1516 259 1577 cap.
282 1495 435 1561 XXXIX.
460 1496 648 1560 introductos
669 1496 878 1577 relegabimur.
926 1497 984 1561 Sit
998 1499 1075 1563 enim
1105 1493 1214 1566 flumen
1241 1499 1362 1584 aliquod
1391 1499 1536 1562 circulare

193 1583 382 1661 ODEFGH,
405 1584 436 1651 iu
459 1605 495 1648 eo
518 1585 560 1648 sit
581 1591 692 1662 nauta,
724 1585 775 1668 qui
803 1606 917 1649 remum
944 1589 1034 1669 duplo
1240 1579 1258 1655 .'
1274 1579 1275 1584 ¹
1293 1637 1343 1690 11³
1443 1579 1446 1586 ’

193 1665 338 1756 temporis
360 1675 503 1756 periodici
535 1675 675 1764 planetae
708 1675 810 1743 semel
824 1675 983 1764 convertat
1003 1677 1035 1739 vi
1219 1641 1272 1708 h*
1345 1676 1352 1690 '
1398 1729 1425 1738 ..

99 1774 103 1781 '
154 1790 157 1798 ’
195 1763 290 1825 insita
312 1771 344 1825 et
366 1762 619 1847 aequabilissima,
644 1764 687 1826 sic
701 1772 735 1827 nt
755 1765 787 1826 in
811 1762 836 1827 G
859 1765 936 1827 remi
957 1765 1047 1838 linea]
1123 1800 1129 1811 =
1402 1773 1405 1782 ’

191 1852 231 1914 ad
252 1852 363 1916 lineam
379 1872 417 1917 ex
430 1853 502 1916 Sole
522 1852 563 1914 sit
576 1859 670 1928 reeta,
692 1851 818 1915 alternis
841 1853 1038 1940 reditionibus

190 1960 268 2005 uuuc
308 1947 564 2023 proram,1nudc
601 1942 724 2021 puppim
755 1941 786 2003 iu
821 1943 1037 2024 consequentia
1090 1969 1096 1984 .
1174 1996 1213 2027 s

191 2030 345 2110 dirigens3
361 2024 398 2094 ‘in
420 2031 447 2094 F
468 2049 540 2093 vero
565 2029 606 2111 sit
629 2031 709 2094 linea
738 2031 812 2094 remi
842 2050 924 2113 pars*
938 2031 1036 2096 lineae
1089 2035 1106 2065 ·'
1144 2029 1181 2048 '⁷

184 2139 228 2181 ex
243 2116 326 2196 Sole,
350 2121 382 2182 in
405 2119 479 2182 locis
494 2120 603 2182 ceteris
618 2119 680 2182 sint
697 2119 923 2183 inclinationum
937 2119 1035 2184 inter-

173 2209 297 2271 ·media.
342 2209 469 2273 Flumen
500 2208 592 2288 igitur
624 2209 654 2269 in
677 2207 770 2284 D,E
801 2227 891 2290 super
923 2229 1037 2272 remum
1200 2284 1204 2289 Ι

193 2299 320 2360 influens
344 2297 493 2378 deprimet
515 2316 621 2360 navem
645 2316 753 2380 uersus
774 2298 815 2374 A,
840 2292 908 2362 a'O
932 2318 1064 2381 parum
1099 2374 1100 2379 γ
1134 2336 1138 2339 Α

68 2384 71 2389 ’
192 2386 360 2461 admodum,
385 2379 456 2467 quia
477 2405 584 2470 parum
608 2395 639 2448 et
659 2385 820 2450 inclinatur
841 2387 914 2464 illa3
938 2388 983 2451 sio
1005 2395 1038 2451 et
1276 2390 1283 2414 ³

191 2475 222 2537 iu
244 2476 288 2550 F,
319 2475 389 2557 quia
410 2477 441 2537 in
474 2475 531 2537 hoc
561 2475 689 2538 articulo
721 2477 831 2540 flumen
862 2475 893 2538 in
923 2475 1036 2541 remum

193 2563 306 2628 directe
329 2562 487 2646 impingit:
511 2565 542 2626 in
564 2565 644 2640 D,E
667 2584 738 2628 vero
754 2564 871 2641 fortine,
897 2566 966 2646 quia
988 2566 1036 2629 bic
1082 2603 1084 2610 <

167 2662 178 2700 '-
189 2672 290 2738 remus
313 2655 437 2722 multum
460 2653 599 2717 adhunc
623 2673 776 2717 accessum
800 2655 965 2736 dispositus
988 2664 1038 2718 est·
1240 2719 1244 2730 ,

193 2743 384 2814 inclinatione
414 2762 478 2807 sua.
534 2742 724 2819 Contrarium
754 2743 854 2808 evenit
885 2743 915 2807 in
950 2743 1136 2809 semicirculo
1167 2741 1357 2807 ascendente.
1411 2742 1538 2821 Flumen

167 2832 269 2895 ‘enim
300 2832 356 2895 sub
387 2852 501 2895 remum
531 2832 649 2895 illatum
671 2833 703 2895 in
727 2830 774 2909 G,
799 2831 829 2895 H
858 2834 991 2915 expellet
1022 2835 1106 2897 illum
1128 2854 1147 2895 a
1169 2833 1265 2898 Sola
1303 2833 1399 2897 Simul
1428 2839 1459 2894 et
1481 2832 1538 2894 hoc

191 2922 258 2997 erit,
280 2929 315 2984 ut
328 2914 438 2983 ceteris
457 2922 581 3001 ‘paribus
595 2921 675 2985 'inc
698 2922 806 2993 lentior
829 2922 871 2985 sit
888 2923 1035 3003 impulsus
1058 2942 1147 3005 quam
1170 2922 1201 2984 in
1215 2922 1249 2999 F,
1274 2922 1404 3004 eoquod
1426 2922 1536 2984 flumen

165 3013 328 3073 >nostrum
349 3011 379 3072 in
404 3010 430 3074 G
453 3018 502 3073 est
525 3009 632 3084 debile,
656 3010 685 3072 in
708 3012 734 3073 F
757 3012 843 3073 forte.
889 3013 991 3091 Atque
1014 3012 1044 3074 id
1075 3011 1227 3074 etiamad
1254 3019 1358 3093 ¹votum
1389 3016 1548 3081 nostrum·

180 3098 262 3182 -quia
283 3099 403 3161 libratio
428 3106 532 3162 nostra
562 3095 693 3161 eceeutri
716 3100 863 3182 ‘aequalia
887 3100 986 3180 spatia
1013 3100 1209 3184 sequebatur,
1243 3119 1367 3187 quorum
1389 3098 1419 3162 in
1443 3117 1536 3180 supe-

182 3187 319 3251 rioribus
345 3189 469 3269 planeta
491 3195 628 3249 versatur
651 3186 762 3251 diutius
786 3207 874 3269 quam
897 3186 927 3249 iu
952 3189 1150 3252 inferioribus.

167 3336 171 3343 .
277 3276 456 3358 Exemplum
488 3276 546 3338 hoc
576 3275 672 3338 solam
702 3277 746 3339 rei
781 3277 1015 3357 possibilitatem
1049 3279 1146 3341 docet.
1207 3274 1248 3339 Se
1281 3276 1347 3355 ipso
1380 3274 1458 3339 enim
1481 3282 1539 3339 est

190 3363 335 3428 alienius:
366 3367 435 3447 quia
461 3365 667 3431 restitutiones
694 3366 766 3429 remi
797 3374 829 3428 et
851 3367 980 3429 fluminis
1003 3388 1062 3429 non
1085 3366 1190 3430 eodem
1214 3364 1268 3428 sed
1291 3364 1379 3445 duplo
1402 3372 1555 3446 tempore·

191 3455 324 3535 perficit3
354 3464 386 3518 et
408 3456 479 3538 quia
501 3454 594 3517 facies
617 3455 806 3535 planetarum
830 3475 866 3518 ex
891 3458 985 3519 Terra
1008 3454 1244 3539 adspicientibus
1266 3454 1405 3516 videntur
1427 3454 1538 3517 mutari

191 3544 320 3619 debere;
343 3544 447 3607 Lunae
472 3562 542 3606 vero
567 3542 670 3620 facies,
693 3553 727 3607 ut
750 3562 826 3628 quae
849 3564 915 3609 cum
937 3544 1067 3628 planetis
1090 3546 1121 3607 in
1144 3564 1179 3606 eo
1201 3548 1285 3607 motu
1302 3542 1473 3623 participat,
1499 3543 1536 3606 de

191 3651 248 3713 quo
271 3632 320 3696 hic
343 3634 548 3715 disputamus,
573 3652 632 3696 non
654 3642 787 3696 mutatur
810 3634 935 3698 circuitu
958 3642 1127 3710 menstruo,
1158 3634 1211 3695 sed
1234 3633 1435 3708 adferrem,
1459 3633 1537 3695 unde

191 3731 381 3803 computatur
408 3724 472 3803 ejus
502 3722 730 3799 eecentricitas,
758 3734 903 3804 perpetuo
926 3724 1119 3787 convertitur.
1165 3722 1271 3798 Adde,
1300 3719 1379 3804 quod
1402 3721 1538 3787 cumnis

161 3839 165 3844 ·
189 3810 318 3877 fluminis
347 3813 388 3883 sit
418 3810 583 3874 materialis
612 3812 705 3893 (aqua
735 3813 814 3875 enim
843 3813 884 3875 ibi
914 3815 977 3893 agit
1004 3814 1134 3895 pondere
1163 3820 1194 3875 et
1217 3813 1328 3891 impetu
1351 3811 1538 3885 materiato),

188 3900 236 3962 vis
259 3898 341 3963 Solis
364 3900 576 3964 immateriata.
622 3901 724 3964 Aliter
742 3900 834 3981 igitur
856 3922 922 3965 curn
944 3902 1076 3983 planetis
1096 3907 1300 3985 comparatum
1319 3920 1386 3963 esse
1407 3906 1537 3981 oportet,
1643 3940 1649 3959 .

167 4008 244 4075 ⁴nec
273 4007 363 4065 remo,
400 3990 598 4053 instrumento
629 3989 795 4071 corporali,
821 3990 999 4071 indigebunt
1021 3992 1061 4053 ad
1083 3992 1143 4053 vim
1165 3989 1328 4072 ponderum
1360 3990 1409 4064 (ut
1432 3988 1538 4070 quibus

191 4085 274 4142 caret
297 4077 379 4142 Solis
408 4079 463 4141 illa
491 4078 608 4160 species
630 4080 757 4154 motrix)
785 4080 1001 4159 excipiendam.
1052 4078 1133 4143 Sane
1160 4096 1257 4159 neque
1281 4078 1429 4160 corporali
1452 4098 1537 4142 remo

190 4168 347 4249 dignamur
370 4167 485 4243 sidera,
517 4169 691 4249 quantisper
712 4168 766 4230 illa
790 4168 948 4231 statuimus
971 4171 1108 4233 rotunda.
1141 4166 1217 4244 ‘Sed
1249 4160 1383 4231 nascitur
1413 4187 1450 4231 ex
1478 4169 1537 4232 hac

189 4258 257 4339 ipsa
279 4257 461 4320 refutatione
484 4256 651 4338 exemplum
674 4256 772 4334 aliud,
796 4258 876 4338 quod
898 4258 1038 4321 fortassis
1062 4258 1120 4322 erit
1141 4256 1404 4321 accommodatius.
1440 4257 1537 4332 Quale
1635 4261 1637 4270 “

190 4348 307 4421 flumen,
332 4345 407 4415 telis,
427 4365 537 4409 remus.
583 4346 706 4409 Flumen
726 4354 774 4409 est
794 4348 910 4427 species
925 4348 1127 4411 immateriata
1139 4344 1260 4410 virtutis
1274 4344 1305 4409 in
1319 4344 1391 4410 Sole
1410 4366 1536 4429 magne-

188 4436 278 4499 ticae.
324 4433 403 4506 Quin
436 4435 529 4515 igitur
552 4442 585 4499 et
605 4454 706 4500 remus
728 4438 766 4499 de
789 4443 929 4518 magnete
958 4437 1111 4520 quippiam
1138 4436 1270 4499 babeat?
1292 4412 1394 4509 ffiuid
1411 4436 1439 4499 si
1461 4455 1534 4515 ergo

189 4542 314 4607 corpora
344 4524 534 4606 planetamm
566 4523 665 4588 omnia
694 4533 765 4589 sunt
792 4526 931 4607 ingentes
963 4526 1085 4607 quidam
1114 4525 1233 4589 rotundi
1265 4526 1444 4607 magnetes?
1487 4525 1535 4588 De

189 4616 307 4677 Terra
342 4614 415 4688 (uno
457 4632 494 4676 er
531 4613 676 4695 planetis,
723 4613 906 4697 Gopernico)
943 4636 1003 4680 non
1043 4624 1092 4680 est
1123 4614 1252 4679 dubium.
1321 4613 1467 4679 Probarit
1502 4613 1534 4676 id

190 4702 400 4769 Guilelmus
424 4698 658 4790 Gilbertusj
1564 4680 1590 4765 'l

276 4791 340 4857 Sed
366 4793 564 4858 describenda
592 4793 667 4855 haec
693 4791 789 4854 virtus
818 4795 968 4873 pressius3
1004 4813 1108 4875 nempe
1147 4799 1181 4856 ut
1212 4793 1287 4857 duos
1308 4791 1420 4857 hebeat
1445 4790 1533 4873 polos
1587 4793 1594 4805 “
1688 4791 1722 4829 “f
1738 4796 1754 4835 7¹*

188 4882 328 4963 planetae
356 4880 482 4962 globus,
512 4902 636 4965 quorum
668 4882 763 4945 altero
793 4880 895 4947 Solem
926 4891 1137 4967 persequetur,
1170 4882 1267 4946 altero
1290 4902 1310 4944 e.
1332 4878 1404 4943 Sole
1427 4880 1531 4961 fugiet.
1569 4934 1583 4970 Α,
1684 4845 1724 4974 ρῑ
1753 4918 1758 4929 ι

189 4970 238 5037 sit
260 4976 361 5035 autem
382 4971 449 5037 axis
470 4969 640 5053 hujusmodi
661 4971 747 5036 nobis
770 4970 906 5053 depictus
929 4973 1043 5059 lingula
1064 4974 1251 5055 magnetica,
1284 4970 1407 5055 ejusque
1429 4988 1531 5035 mucro
1573 4973 1584 5055 ζ
1665 4964 1695 5009 ”
1750 4975 1756 4984 “

154 5080 158 5086 ’
1162 5110 1168 5124 ·
1260 5072 1321 5132 fb*
