3517 5525
320 412 363 491 54
680 468 685 477 .
736 414 836 473 mmm
854 414 957 487 Kepleri
975 414 1125 488 aliorumque
1143 424 1246 476 mutuae

321 601 442 683 duplex.
481 597 558 665 Cum
582 620 611 666 u.
630 602 657 673 h
678 588 809 675 1ηέῘᾶ
831 597 945 661 haheat
960 598 1169 679 aequationem
1187 598 1349 665 maximam
1368 594 1408 663 cll
1420 591 1528 681 58¹),ss
1552 596 1668 661 dimidii

320 691 404 753 sinus
426 684 513 753 4336
539 698 621 753 esset
644 688 863 753 eceeutricitas.
888 687 947 748 -Ec
963 687 1028 767 jam
1051 687 1082 749 iu
1102 691 1139 760 00,
1159 690 1197 764 ό,
1222 696 1256 751 nt
1277 688 1441 751 distantiae
1464 689 1508 751 eie
1530 695 1668 768 tempora

319 780 349 843 iu
373 778 518 860 gradibus
542 780 718 861 aequalibus
741 776 872 841 ecceutri
896 779 1044 853 confecta,
1068 785 1102 839 at
1124 778 1156 839 iu
1173 770 1209 843 U
1231 786 1265 839 ut
1287 774 1451 839 distantiae
1470 776 1667 853 adinvicem,

318 869 410 950 dupla
428 878 510 931 esset
530 870 686 950 proportio
705 875 882 947 temporum.
919 864 997 928 Nam
1021 866 1257 929 ecceutricitatis
1280 866 1423 947 aequatio
1441 875 1525 930 esset
1547 884 1667 947 semper

199 962 207 981 ¹
317 954 356 1021 2ο
379 955 443 1033 30’,
468 958 625 1040 aequantia
651 959 682 1021 in
707 958 790 1035 Μ
814 956 907 1017 etiam
929 950 968 1019 2ο
987 953 1050 1019 301.
1088 956 1135 1019 At
1156 956 1187 1017 in
1210 949 1246 1021 [J
1269 950 1471 1032 etiamad,
1494 976 1538 1021 sc.
1563 951 1612 1030 5⁰,
1636 963 1669 1019 et

317 1055 384 1109 tota
408 1043 446 1109 7⁰
469 1044 533 1111 30‘.
581 1046 781 1111 Consentiunt
811 1043 1003 1125 parallaxes,
1034 1064 1109 1125 quas
1137 1043 1329 1109 Christianus
1362 1036 1452 1109 ini]
1479 1064 1539 1110 non
1568 1044 1669 1126 potuit

318 1137 407 1200 aliter
429 1136 576 1211 invenire,
609 1156 698 1219 qnam
722 1130 852 1199 tat—59
876 1133 982 1196 semid.
1012 1134 1124 1196 Terrae
1152 1135 1343 1209 exhibentes,
1372 1135 1511 1216 quamvis
1533 1154 1587 1197 eas
1610 1152 1665 1197 eo-

319 1227 417 1307 egerit
438 1227 478 1289 ad
500 1226 678 1308 hypothesin
703 1244 787 1287 suam
810 1223 1010 1285 accomodans
1033 1224 1196 1304 feceritque
1219 1221 1348 1289 52-61
1373 1216 1473 1289 1ῃῦ
1508 1222 1572 1287 Sed
1595 1222 1664 1300 scis,

316 1316 348 1380 iu
371 1323 418 1377 tot
440 1315 570 1397 implexo
594 1334 751 1379 causarum
775 1332 864 1393 quam
878 1311 967 1373 facile
991 1314 1162 1393 scrupulum
1185 1334 1274 1376 uuum
1299 1334 1337 1376 ex
1358 1335 1419 1377 uua
1445 1333 1539 1378 eausa
1560 1322 1666 1375 traus-

317 1406 450 1467 leramus
474 1406 503 1468 iu
526 1406 632 1483 aliam,
666 1424 731 1467 cum
759 1402 880 1485 singula
911 1402 1046 1481 singulae
1078 1403 1320 1467 semidiametros
1351 1404 1476 1468 faciant
1523 1401 1668 1482 Cogitavi

316 1513 387 1575 ergo
412 1495 448 1557 de
473 1496 650 1575 aequatione
675 1492 936 1575 quadraturarum,
960 1511 1000 1553 au
1023 1490 1077 1553 illa
1099 1492 1141 1555 sit
1163 1492 1356 1569 dimidiando,
1380 1501 1414 1555 et
1436 1494 1506 1569 siut,
1530 1494 1557 1565 2)
1577 1492 1609 1557 in
1631 1483 1668 1555 [l

318 1592 469 1659 versante,
494 1592 527 1646 ut
543 1582 706 1649 distantiae
731 1581 775 1643 sic
796 1589 940 1664 tempora,
965 1590 999 1641 at
1013 1580 1044 1641 in
1068 1582 1256 1662 oppositione
1279 1591 1314 1643 ut
1330 1582 1515 1657 distantiaet
1536 1599 1667 1663 propor—
1690 1591 1697 1607 ⁸

319 1673 410 1735 tionis
440 1671 528 1753 hujus
565 1666 597 1757 ²1,
634 1674 733 1737 inesse
766 1670 908 1733 motibus.
953 1669 1068 1731 Iterum
1099 1680 1236 1735 maneret
1266 1670 1395 1735 circulus
1424 1671 1533 1737 sedin
1558 1669 1668 1750 majori

320 1761 555 1825 ecceutricitate.
603 1762 705 1825 Tertio
730 1759 849 1843 quidsi
874 1767 1000 1839 utraque
1023 1760 1163 1839 aequatio
1193 1760 1379 1826 dimidiando
1401 1770 1434 1825 et
1455 1760 1668 1825 eceeutricitas

317 1872 388 1914 vere
412 1859 529 1915 crescat
551 1852 582 1913 iu
605 1842 661 1917 U?
704 1848 784 1911 Nam
807 1847 843 1910 de
868 1847 1039 1910 octantibus
1063 1868 1111 1911 res
1135 1857 1184 1913 est
1210 1850 1397 1926 certissima,
1431 1869 1566 1915 creseere
1589 1850 1668 1911 banc

317 1940 571 2015 retardationem,
605 1952 640 2001 ut
663 1946 803 2002 crescunt
835 1936 919 1998 sinus
949 1936 1146 2017 digressionis
1169 1940 1275 2003 Lunae
1298 1962 1318 2001 a
1340 1940 1486 2003 diametro
1508 1938 1592 2002 Solis
1614 1958 1667 2017 per

316 2030 440 2093 Terram
464 2039 563 2095 eunte.
611 2027 728 2101 Quodsi
750 2026 896 2100 metiaris,
920 2025 1056 2088 iuvenies
1079 2028 1126 2089 hic
1150 2047 1266 2110 quoque
1289 2030 1352 2092 fere
1376 2029 1560 2109 superiorem
1580 2046 1665 2089 men-

317 2139 427 2194 suram,
453 2120 551 2183 divisa
568 2127 636 2181 tota
658 2118 780 2199 periodo
795 2116 900 2179 Lunae
918 2135 972 2177 seu
995 2126 1129 2196 tempore
1149 2118 1215 2197 ejus
1229 2118 1259 2179 iu
1274 2114 1349 2196 360.
1388 2119 1424 2182 Si
1438 2119 1525 2181 Luua
1546 2136 1667 2197 semper

317 2216 451 2273 curreret
472 2208 503 2271 in
525 2209 636 2271 virtute
660 2204 813 2279 diametri,
839 2214 976 2285 tempora
1000 2201 1065 2267 350
1094 2207 1263 2269 conticeret.
1309 2208 1420 2288 Itaque
1441 2207 1510 2271 bine
1533 2204 1589 2273 ⁴15¹
1612 2224 1668 2267 er-

317 2306 457 2363 crescuut
470 2298 501 2361 iu
516 2305 664 2360 notantes.
704 2296 753 2370 (Iu
778 2293 961 2376 quadrantes
981 2289 1020 2355 2θ
1033 2291 1097 2365 30,
1121 2296 1177 2357 sed
1197 2295 1273 2359 nihil
1296 2297 1417 2361 vadant
1435 2298 1484 2359 bic
1503 2296 1668 2370 locuntur.)

317 2388 432 2469 Estque
457 2406 549 2449 causa
572 2406 652 2451 mere
675 2384 811 2468 physice.
859 2380 1027 2445 Considera
1050 2403 1162 2465 quaeso
1185 2385 1327 2467 quidnam
1348 2405 1388 2447 ex
1410 2385 1614 2466 superioribus
1635 2392 1668 2446 et

319 2497 357 2539 au
381 2476 463 2539 aliud
485 2475 637 2559 quippiam
660 2475 702 2537 sit
720 2474 817 2555 magis
840 2468 1083 2536 cousentaneum.

408 2566 461 2627 De
494 2565 720 2648 obliquitate
758 2560 959 2643 eclipticas
992 2580 1042 2623 res
1075 2568 1123 2625 est
1160 2563 1244 2625 mira.
1300 2564 1402 2645 Tycbo
1434 2564 1523 2627 hodie
1554 2562 1670 2625 invenit

322 2652 383 2719 23⁰
406 2652 460 2717 31¹
484 2652 559 2719 30¹⁴.
605 2654 690 2719 Idem
720 2651 835 2715 invenit
866 2659 936 2711 ante
970 2670 1063 2713 anuos
1090 2648 1153 2715 100
1180 2670 1218 2713 er
1240 2651 1496 2733 Regiomoutauo,
1519 2653 1668 2726 Walters,

320 2744 486 2821 wernero,
517 2745 592 2808 bene
616 2742 777 2825 applicatis
810 2739 1081 2804 observationibus.
1126 2741 1212 2805 Idem
1242 2750 1313 2806 ante
1342 2764 1437 2806 annos
1460 2740 1526 2808 200
1548 2742 1669 2825 quidam

321 2833 438 2898 Doctor
461 2833 602 2916 Spud'el
631 2833 679 2896 bic
702 2833 831 2912 Progne,
855 2829 1030 2892 observavit
1056 2831 1112 2894 alt.
1141 2851 1213 2894 mer.
1245 2831 1328 2895 Solis
1357 2833 1388 2896 in
1419 2831 1609 2913 aequinoctio
1639 2840 1671 2894 et

323 2923 455 2986 solstitio
482 2923 616 2998 aestivo;
641 2942 678 2985 ex
702 2921 807 3002 quibus
831 2920 933 3002 prodit
957 2920 1118 2993 (subducto
1141 2921 1256 2984 calculo
1280 2922 1338 2985 loci
1358 2922 1441 3000 Solis
1462 2922 1670 3004 exTycboue)

321 3015 362 3076 A.
387 3013 423 3076 Ρ.
449 3009 509 3077 50⁰
531 3011 564 3077 4⁴
588 3009 670 3086 20”;
694 3009 853 3090 eclipticas
878 3009 1039 3090 obliquitas
1063 3004 1125 3072 23⁰
1147 3007 1302 3086 31¹‹32⁴‘,
1326 3022 1481 3093 utromque
1509 3012 1669 3074 hodiedum

321 3101 365 3165 ita
398 3101 557 3167 invenitur.
604 3103 688 3166 Idem
710 3099 897 3184 Prophacius
919 3099 1053 3162 Judaeus
1081 3100 1197 3162 invenit
1225 3108 1296 3162 ante
1329 3121 1425 3164 annos
1451 3097 1527 3165 300.
1572 3100 1669 3164 Paulo

320 3190 389 3274 plus
421 3192 555 3272 prodidit
583 3190 786 3271 Albategnins
820 3198 891 3250 aute
921 3209 1016 3252 anuos
1049 3187 1123 3254 700.
1177 3191 1220 3252 Et
1251 3191 1425 3266 credemus,
1461 3191 1669 3254 Ptolemaeum

321 3279 501 3344 observasse
526 3276 587 3346 23⁰
610 3279 663 3346 51¹
687 3277 774 3344 20”ῗ1
807 3277 910 3362 Tycha
934 3279 1092 3342 dubitavit
1138 3278 1244 3344 Scribe
1268 3280 1338 3362 quid
1361 3281 1486 3344 sentias.
1531 3280 1669 3362 Denique

321 3389 396 3452 quas
421 3378 453 3432 et
476 3379 548 3452 quot
572 3371 701 3452 eclipses
726 3367 775 3430 vel
797 3367 948 3432 inveneris
971 3369 1001 3430 io
1015 3369 1167 3432 veteribus
1190 3368 1241 3431 vel
1259 3369 1489 3450 computaveris,
1512 3388 1550 3430 ue
1567 3378 1669 3432 actum
1740 3412 1741 3415 κ

320 3478 440 3540 semper
464 3467 582 3542 agatur.
628 3458 810 3538 catalogum
835 3458 923 3518 modo
948 3456 1095 3531 desidero,
1119 3459 1182 3520 seio
1205 3457 1387 3520 laboriosum
1406 3479 1475 3524 esse
1498 3459 1669 3522 describere

323 3549 479 3612 calculum.
516 3549 582 3628 Ego
607 3549 632 3609 si
656 3545 789 3609 vicissim
809 3545 847 3606 Η.
866 3545 901 3611 Τ.
925 3545 956 3608 in
980 3563 1154 3626 quecunque
1167 3566 1199 3608 re
1217 3547 1380 3626 gratificari
1402 3557 1517 3630 potero,
1540 3549 1669 3614 libenter

321 3637 442 3702 faciam.
480 3635 523 3700 Et
546 3655 634 3718 spero
650 3637 713 3698 sore
735 3635 783 3696 hic
802 3633 953 3707 nonnulla,
978 3653 1053 3714 quae
1078 3635 1232 3698 desideres
1254 3636 1401 3717 inspicere
1424 3647 1458 3700 et
1474 3655 1667 3718 cognoscere.

324 3723 460 3788 Obsecro
484 3732 585 3789 autem
608 3745 661 3807 per
679 3733 801 3787 nostras
825 3730 918 3795 artes,
941 3741 979 3784 ne
994 3723 1038 3784 ita
1059 3725 1150 3804 plane
1174 3725 1373 3790 obmutescas.
1410 3727 1477 3808 Ego
1500 3728 1528 3790 si
1550 3724 1667 3807 scripsi,
1740 3766 1741 3803 ,

262 3823 265 3832 '
322 3834 369 3878 me
399 3815 619 3896 publicaturum
651 3822 719 3878 tuas
752 3813 898 3896 epistolas
930 3812 1025 3894 (quod
1056 3814 1227 3878 meminisse
1258 3817 1388 3879 noudum
1419 3818 1558 3898 pomum)
1585 3824 1667 3883 certe

316 3905 460 3986 poenitet,
485 3906 574 3968 iidem
597 3905 644 3980 do,
670 3904 700 3967 id
723 3917 780 3966 uon
805 3903 946 3967 futurum.

408 3993 488 4058 Vale
512 3995 571 4069 diu,
595 3993 778 4072 Praeceptor
802 3989 979 4054 Clarissima
1002 4000 1034 4054 et
1064 3991 1143 4072 quod
1165 4009 1213 4055 me
1243 3993 1405 4056 etiamnum
1435 4013 1535 4070 ames,
1568 3993 1665 4058 literis

318 4082 439 4164 scriptis
472 4090 596 4148 testare.
654 4081 762 4147 Saluto
794 4101 897 4144 omues
930 4090 1143 4162 praeceptores
1178 4102 1263 4146 meos
1295 4091 1327 4146 et
1357 4085 1446 4146 mitto
1482 4084 1666 4164 exemplaria
1740 4134 1741 4167 q

318 4171 463 4236 orationis
487 4173 630 4244 funebris,
657 4172 709 4236 ubi
731 4189 828 4234 meum
852 4189 972 4234 carmen
995 4179 1052 4234 est.
1099 4170 1211 4236 Errata
1234 4180 1305 4235 suot
1333 4174 1452 4255 aliqua,
1474 4183 1511 4236 ut
1530 4174 1665 4238 multos

316 4261 403 4324 miles
426 4280 480 4342 pro
502 4262 634 4326 multus.
680 4261 723 4323 Et
744 4261 775 4322 in
799 4259 916 4322 uomiue
940 4279 1006 4322 meo
1030 4278 1067 4322 ex
1090 4261 1205 4325 incuria
1226 4261 1270 4326 Μ.
1301 4271 1351 4324 est
1381 4263 1542 4340 omissum,
1573 4280 1610 4327 ue
1633 4261 1664 4324 id
1740 4312 1741 4347 ,

316 4351 431 4434 putetis
455 4351 554 4414 studio
578 4359 610 4414 et
634 4350 807 4414 contemtim
830 4351 952 4414 lactum.
968 4346 995 4425 ⁹)

407 4434 512 4525 10120.
536 4427 611 4505 Dec.
635 4459 714 4505 auno
741 4435 834 4504 1601.
857 4439 986 4520 Pregae.

874 4527 990 4592 Excell.
1016 4527 1097 4593 Tuae

1003 4615 1136 4682 Gratias.
1161 4618 1335 4700 Discipulos

1300 4709 1343 4772 M.
1366 4706 1421 4772 Jo.
1444 4709 1572 4794 nepe«.
1695 4738 1697 4743 ¹

403 4847 549 4906 heriman,
575 4857 639 4912 quse
655 4845 701 4898 hae
720 4847 867 4898 subsecutae
885 4853 959 4906 suut,
983 4845 1085 4912 Kepleri
1109 4849 1196 4898 literae
1224 4848 1300 4900 dacae
1322 4855 1382 4901 suut
1399 4851 1424 4902 d.
1443 4850 1486 4900 20.
1504 4851 1563 4901 lau.
1584 4844 1660 4898 1604.
1740 4858 1742 4901 i

318 4919 409 4986 (comp.
429 4920 485 4970 Vol
504 4919 538 4981 11,
557 4933 581 4985 p.
603 4914 649 4980 1⁴)
667 4925 693 4970 ot
711 4933 768 4970 cum
785 4909 933 4970 Maestliuus
951 4935 1001 4971 nou
1018 4921 1192 4984 responderet,
1214 4919 1255 4970 bis
1273 4924 1361 4973 iterum
1384 4923 1446 4973 adiit
1463 4923 1587 4987 Keplerus
1604 4935 1661 4985 sep·
1740 4910 1741 4979 J

314 4994 407 5046 uiemrn
426 4991 459 5044 ad
475 4990 671 5060 respondendum
690 4998 890 5058 praeceptorem:
1740 5044 1741 5051 ἵ
