3517 5525
283 375 348 450 344
757 381 798 434 De
816 380 927 434 Motibus
944 381 1039 434 Stellas
1056 379 1145 437 ΗΒΕ·

281 562 342 638 los,
374 568 405 623 et
433 559 598 642 sectionum
627 559 746 640 punctis
774 559 942 640 intelligere
970 560 1172 625 determinata
1199 559 1269 621 locs
1295 566 1327 622 et
1356 559 1433 622 siuns
1462 559 1630 624 dicuntia-

281 671 355 714 rum.
389 649 612 731 Respondetur,
637 648 714 730 quod
737 665 805 712 non.
845 650 1039 712 Peccabimus
1063 650 1141 712 enim
1159 650 1215 711 hoc
1228 657 1318 731 pacto
1341 651 1485 724 nonnihil,
1508 649 1630 712 distan-

281 741 348 802 tias'
366 738 453 801 nimis
477 740 538 801 alte
567 755 683 800 sursum
708 739 937 815 transferentes,
961 748 996 802 ut
1018 740 1107 802 facile
1136 747 1263 818 apparet
1286 759 1324 800 ex
1345 739 1499 802 schemate
1520 747 1630 820 posts-

280 830 370 893 riore.
416 825 543 908 Semper
574 827 651 889 enim
683 827 710 888 in
735 847 771 888 eo
795 826 874 890 linea
897 829 971 902 All,
1001 847 1090 890 veras
1122 828 1285 890 distantias
1308 828 1365 890 AF
1389 829 1557 910 excipiens,
1580 833 1631 890 est

280 917 402 982 inferior
425 918 505 980 linea
526 917 599 992 ΒΗ,
624 935 661 978 ex
684 924 794 996 puncto
818 918 993 998 aequatorio
1013 917 1040 978 D
1063 917 1211 996 parallela
1231 917 1289 997 ipsi
1311 917 1376 980 BF.

369 1006 552 1088 Quocunque
582 1006 727 1068 dictorum
755 1009 908 1070 modorum
940 1007 1106 1069 delineatur
1128 1006 1208 1088 linea
1230 1025 1337 1086 corpus
1360 1007 1502 1087 planetae
1525 1005 1628 1086 possi·

280 1098 364 1174 dens,
389 1097 521 1178 sequitur
542 1095 620 1176 jam,
644 1095 723 1158 viam
737 1095 835 1170 hano,
848 1096 968 1176 punctis
991 1102 1017 1169 d,
1036 1120 1066 1172 μ,
1082 1118 1107 1171 ι,
1123 1117 1153 1170 o,
1164 1116 1195 1171 ιι,
1210 1119 1238 1176 ρ,
1258 1095 1451 1175 isignatam,
1474 1103 1545 1158 v'ere
1558 1113 1628 1158 esse

280 1187 396 1248 ovalem
423 1205 482 1248 non
510 1185 689 1266 ellipticam,
721 1185 768 1248 cui
797 1185 962 1246 mechanici
990 1203 1095 1248 nomen
1123 1184 1162 1247 ab
1190 1204 1248 1246 ovo
1281 1205 1319 1246 ex
1350 1185 1446 1248 abusu
1478 1184 1629 1246 collocant

279 1281 443 1356 (Dnrsrus).
490 1272 588 1338 Ovum
612 1275 690 1336 onim
714 1275 828 1337 duobus
851 1275 1036 1337 turbinatam
1051 1274 1224 1349 verticibus,
1244 1275 1340 1336 altero
1356 1282 1457 1336 tamen
1472 1272 1627 1348 obtusiori,

280 1366 376 1429 altero
409 1364 547 1439 acutiori,
580 1370 611 1425 et
637 1364 781 1426 lateribus
810 1363 964 1426 inclinatis
996 1365 1135 1426 cernitur.
1186 1365 1291 1425 Talem
1322 1363 1447 1444 figuram
1473 1363 1541 1425 dico
1571 1381 1627 1424 nos

279 1475 411 1518 creasse.
463 1453 543 1516 Nam
569 1453 639 1534 quia
671 1452 793 1532 planeta
822 1453 851 1514 in
879 1455 897 1514 λ
927 1453 1006 1514 celer
1032 1461 1099 1527 est,
1128 1453 1158 1514 iu
1182 1458 1199 1514 d
1221 1453 1343 1528 tardus,
1373 1461 1404 1514 et
1427 1452 1524 1514 minus
1546 1452 1628 1513 celer
1671 1506 1675 1518 .

279 1544 340 1606 illic
369 1562 457 1622 quam
479 1543 529 1605 hio
557 1543 678 1618 tardus,
706 1561 742 1604 eo
775 1543 853 1623 quod
882 1544 1036 1622 longamm
1060 1542 1270 1604 distantiarum
1294 1541 1548 1604 semidiametrum
1570 1558 1628 1602 ex-

279 1633 448 1695 cedentium
475 1632 576 1710 plores
605 1632 666 1693 siut
689 1650 776 1712 qnam
800 1632 935 1693 brevium
959 1633 1042 1704 (nam
1064 1650 1157 1712 nsque
1179 1633 1220 1692 ad
1241 1623 1349 1714 92²},0
1370 1630 1522 1711 longiores
1540 1635 1628 1704 suut;

231 1797 232 1802 γ
277 1721 346 1784 inde
369 1739 423 1801 per
446 1717 487 1784 87
496 1713 525 1804 01,
539 1718 551 1751 ⁰
569 1720 729 1794 breviores,
755 1721 833 1802 quod
848 1722 1010 1782 secundum
1025 1720 1193 1782 doctrinam
1207 1737 1273 1799 cap.
1289 1720 1410 1784 XXIX.
1426 1717 1628 1782 demonstrari

277 1812 410 1892 potest);
439 1817 538 1891 atquo
552 1810 673 1890 insuper
699 1809 770 1874 illae
793 1810 895 1889 plures
918 1811 1025 1888 longae
1055 1811 1084 1872 in
1109 1810 1311 1889 augustiorem
1341 1809 1500 1874 ecceutrici
1524 1827 1627 1870 arcum

278 1898 475 1964 translations
505 1899 587 1960 factu
610 1917 764 1960 sursums
750 1899 897 1977 stipatae,
930 1900 986 1961 hae
1008 1899 1166 1980 panciores
1198 1899 1227 1959 iu
1251 1898 1424 2018 ampliorem
1448 1898 1626 1973 distractae,

277 1990 323 2052 ita
346 1997 380 2051 ut
402 1987 570 2050 anomaliae
598 1989 715 2050 mediae
745 1985 786 2052 92
795 1983 825 2070 ’f
839 1985 906 2062 ⁰*),
941 2008 1000 2092 qua
1023 1988 1186 2049 distantiae
1210 1981 1315 2070 92²l,⁰
1337 1988 1550 2063 conficiuntur,
1573 2005 1626 2047 re

277 2078 426 2158 spondeat
441 2077 591 2140 anomalia
610 2076 741 2140 ecceutri
755 2073 860 2154 87οι,0
879 2078 1010 2140 circiter:
1035 2077 1186 2140 residuum
1204 2077 1372 2140 anomaliae
1387 2077 1503 2141 mediae
1520 2074 1562 2140 87
1571 2068 1628 2160 01,

216 2201 222 2214 ·
278 2187 345 2231 cnm
384 2166 511 2228 totidem
547 2167 682 2228 distuut'
650 2174 700 2228 tus
740 2166 926 2228 brevioribus
962 2167 1047 2230 radio
1083 2166 1296 2227 disseminetur
1331 2185 1385 2245 per
1415 2166 1557 2246 angulum
1585 2164 1626 2225 ad

278 2264 412 2320 centrum
441 2256 600 2318 ecceutrici
632 2255 782 2318 residuum
813 2248 927 2338 92²l,⁰.
981 2256 1116 2335 Longius
1147 2254 1250 2337 itaque
1279 2255 1395 2316 distant
1426 2255 1506 2316 ab
1497 2254 1626 2316 mviosm

277 2347 385 2408 breves
408 2345 573 2407 distantiae
597 2344 677 2407 circa
699 2343 885 2424 perihelium,
910 2363 999 2426 qnam
1022 2345 1131 2448 longae
1153 2345 1234 2407 circa
1256 2343 1627 2424 apbelium.1taque,si

279 2436 384 2498 eadem
407 2434 498 2494 etiam
521 2443 604 2496 esset
625 2433 779 2514 proportio
802 2434 882 2495 inter
904 2435 990 2496 binas
1013 2433 1128 2496 vicinas
1149 2433 1327 2514 perihelias,
1358 2442 1459 2495 tamen
1483 2441 1627 2495 attenua-

277 2532 360 2588 retur
385 2530 607 2626 resegmentum
634 2523 737 2584 circuli
765 2523 892 2598 circas,
915 2548 946 2600 μ,
971 2529 989 2585 d
1010 2531 1112 2604 partes
1142 2521 1259 2602 magis,
1292 2541 1381 2602 quam
1410 2522 1491 2585 ciros
1521 2528 1627 2603 partes

279 2637 306 2696 p,
327 2639 351 2688 ιι,
371 2614 407 2688 λς
432 2613 501 2694 quia
523 2611 554 2674 iu
577 2617 595 2674 d
617 2610 746 2675 breviori
770 2613 869 2693 spatio
895 2613 1034 2674 breves
1026 2633 1055 2674 ιι
1079 2612 1246 2692 lougiomm
1268 2611 1367 2673 locum
1390 2619 1627 2692 transponuntur

278 2721 370 2786 quam
398 2701 473 2763 iul
474 2701 616 2765 .'At
603 2721 668 2782 ,ιιι
700 2686 792 2764 etiam
825 2702 908 2805 ipsae
941 2701 1103 2765 distantiae
1133 2701 1302 2782 aequalium
1334 2700 1466 2783 partium
1498 2699 1626 2782 epicycli

277 2791 422 2893 perihelio
441 2792 674 2893 propinquarum
689 2791 720 2855 in
734 2790 841 2872 majori
857 2798 927 2853 sunt
940 2792 1132 2873 proportione
1148 2791 1209 2853 ad
1201 2790 1338 2869 invicem,
1357 2810 1447 2872 quam
1460 2790 1624 2853 distantiae

278 2881 406 2962 partium
439 2879 557 2960 aphelio
586 2881 828 2961 propinquarum.
878 2882 1126 2943 Demonstratum
1158 2880 1236 2943 enim
1265 2889 1313 2943 est
1344 2899 1436 2959 supra
1463 2898 1529 2961 cap.
1552 2879 1624 2955 XL,

279 2970 457 3032 couchoides
481 2969 610 3051 spatium
633 2970 766 3031 inferiori
795 2978 879 3049 parte
910 2970 1000 3032 latius
1024 2990 1106 3045 esse,
1138 2989 1226 3052 quam
1258 2969 1413 3048 superiori.
1458 2968 1625 3049 Maioribus

278 3060 369 3141 igitur
399 3058 567 3121 intervallis
599 3078 652 3139 per
684 3059 815 3139 spatium
845 3058 966 3121 brevius
999 3060 1030 3122 iu
1061 3078 1231 3124 mucronem
1265 3058 1416 3121 attenuari
1445 3056 1625 3121 couchoides

277 3168 401 3211 neeesse
416 3156 465 3209 est
479 3148 566 3222 infra,
592 3168 679 3229 quam
694 3168 801 3229 supra:
826 3155 856 3210 et
875 3148 931 3210 illa
948 3149 1108 3211 intervalla
1131 3148 1246 3228 majora
1268 3156 1480 3228 comparantur
1501 3146 1625 3227 insuper

277 3239 316 3301 ad
338 3237 490 3300 breviores
515 3236 625 3299 lineas:
649 3238 803 3317 proportio
826 3237 919 3317 igitur
942 3238 1103 3319 ampliatur
1125 3246 1251 3319 utroque
1274 3237 1401 3300 nomine.
1439 3238 1499 3299 Tot
1521 3236 1624 3298 causis

277 3326 521 3389 concurrentibus
553 3334 691 3407 apparet,
725 3335 946 3407 resegmentum
978 3328 1073 3390 nostri
1103 3326 1206 3390 circuli
1238 3325 1398 3388 ecceutrici
1426 3326 1506 3387 infra
1528 3323 1624 3387 multo

278 3436 344 3479 esse
368 3416 476 3491 latius,
506 3432 595 3496 quam
618 3434 723 3495 supra,
757 3414 788 3476 in
811 3415 930 3497 aequali
957 3416 994 3476 ab
1018 3417 1172 3498 opsidibus
1204 3434 1334 3477 recessu.
1379 3412 1468 3484 Quod
1500 3413 1626 3477 cuilibet

278 3506 327 3567 vel
340 3505 470 3569 numeris
485 3505 643 3584 exploratu
665 3503 753 3565 facile
773 3512 829 3579 est,
846 3505 895 3566 vel
913 3506 1088 3568 mechanica
1106 3504 1317 3579 delineatione,
1339 3513 1476 3567 assumta
1489 3502 1625 3611 quidenti

278 3594 379 3682 aliqua
402 3593 634 3658 ecceutricitate.
644 3590 699 3667 **)

853 3804 1045 3816 m

704 4048 705 4053 ,
796 4002 916 4103 Caput
949 3999 1101 4076 XLVII.

273 4162 490 4246 ,Quadratum
511 4167 630 4227 ιιιιιιιι
648 4158 742 4243 plani
768 4164 945 4244 coryco-raia,
978 4162 1061 4242 quod
1085 4162 1212 4246 peperit
1233 4169 1328 4244 caput
1349 4161 1463 4237 XLV,
1486 4170 1516 4226 et
1538 4162 1623 4245 quod

315 4253 489 4317 describere
502 4253 719 4333 compotemus
733 4272 801 4337 cop.
816 4250 959 4317 XLVI:
978 4258 1009 4314 et
1016 4272 1078 4334 per
1091 4271 1162 4316 eam
1176 4250 1341 4315 methodus
1354 4251 1586 4334 separamus

367 4394 450 4457 Nihil
481 4393 677 4475 proiecimus,
722 4392 747 4455 si
776 4412 837 4455 nou
865 4412 904 4455 ex
934 4400 1077 4474 suscepta
1105 4392 1262 4477 hypothesi
1295 4401 1327 4455 et
1356 4393 1456 4455 causis
1487 4394 1621 4476 physicis

281 4506 346 4567 cap.
369 4483 474 4551 XLV,
503 4501 577 4562 quas
599 4480 648 4543 hic
674 4500 727 4563 pro
749 4482 828 4545 veris
851 4482 1013 4563 sequimur,
1042 4482 1145 4563 justas
1168 4482 1403 4546 exstruxerimus
1425 4483 1622 4565 aequationea

280 4595 338 4639 non
361 4572 458 4637 minus
482 4590 569 4652 quarn
592 4570 763 4635 distantias.
811 4568 887 4634 Cum
911 4579 1011 4634 autem
1034 4573 1174 4657 aequatio
1197 4580 1393 4653 componatur
1414 4591 1453 4634 ex
1470 4570 1622 4653 parallaxi

283 4715 388 4723 ψ

367 4776 395 4848 *)
415 4776 501 4833 Valet
520 4780 627 4831 tantum
647 4776 675 4832 in
695 4776 821 4849 opinions
841 4774 895 4831 bno
914 4794 1032 4833 emensa
1051 4778 1151 4849 capitis
1171 4780 1257 4844 XLV,
1278 4778 1321 4833 oui
1341 4777 1388 4833 hic
1406 4777 1545 4836 feriamm.

352 4854 393 4929 “)
413 4860 545 4931 liguram
574 4857 728 4926 hnjnsmodi
756 4857 863 4912 habent
886 4856 975 4914 libelli
1003 4858 1140 4929 sphaerici
1160 4867 1191 4915 at
1210 4859 1405 4915 annonaria
1425 4859 1573 4918 Bsinholdi
1591 4860 1622 4916 in

281 4935 402 4997 ιιιιιιιιι
422 4935 579 5002 Portum.
602 4934 630 4992 in
649 4938 759 4995 theoria
778 4935 914 5041 Marapril.
985 4942 992 4975 ³
