3517 5525
237 242 241 252 .
254 245 326 337 wi.

477 426 508 487 de
526 432 714 487 Commentariis
732 434 764 487 de
781 435 953 488 nemetense
969 434 1067 489 uuus.
1404 428 1445 499 51

52 600 60 621 ’
90 610 174 673 'mter
205 608 369 690 mqsantis
399 618 542 692 pnnstum
566 620 598 675 et
624 618 758 695 matrum
792 614 872 676 orbis
902 616 1010 689 annui,
1041 615 1073 675 in
1105 613 1186 675 lines
1216 612 1287 676 alia
1333 612 1449 675 Deinde

91 698 277 761 momeliam
300 701 545 765 commutationis
569 702 661 765 efficit
683 722 741 765 uon
765 702 894 766 eirenlns
916 702 997 765 eirca
1015 702 1187 785 putativum
1210 710 1344 765 oentrum
1367 702 1448 765 orbis

94 788 219 869 magui,
251 789 305 851 sed
337 790 487 853 humilior.
534 792 613 853 Nam
645 792 677 854 id
707 800 840 855 centrum
873 793 1032 873 aequantia
1061 788 1184 855 Terreni
1214 799 1358 871 punctum
1390 800 1447 867 est,

93 886 235 941 metrum
263 896 335 941 vero
359 876 425 941 Soli
452 880 656 963 propinquius.
703 882 805 944 Tertio
829 882 867 944 de
890 882 1050 945 libratione
1076 882 1232 962 planorum
1256 888 1289 943 et
1311 879 1449 943 variabili

92 966 295 1031 inclinatione
326 970 460 1049 eomperi
482 970 556 1031 nibil
579 988 658 1033 esse.
705 971 754 1033 lta
776 970 1000 1051 simplicissima
1022 972 1056 1033 dt
1078 971 1196 1033 theoria
1217 968 1346 1044 Martis,
1373 988 1449 1032 eon-

90 1064 181 1119 stone
213 1056 303 1119 nnioo
334 1057 447 1121 eireulo
477 1058 506 1121 iu
536 1060 676 1141 periodos
707 1060 853 1139 singulas.
900 1060 1031 1125 Theoria
1061 1058 1144 1123 Solis
1173 1059 1221 1121 vel
1249 1060 1361 1121 Terrae
1390 1058 1449 1140 ipsi
1552 1060 1555 1067 '

92 1146 186 1227 plane
210 1145 247 1207 lit
268 1145 385 1223 similis,
411 1156 532 1211 constat
564 1148 644 1211 enim
668 1155 700 1211 et
722 1150 791 1231 ipsa
813 1157 971 1231 aequante.
1016 1150 1052 1212 In
1075 1157 1201 1229 utroque
1230 1147 1447 1211 denominatio
1554 1229 1557 1238 Ι

90 1244 122 1297 et
144 1254 339 1299 numerorum
360 1238 530 1301 necessitas
552 1240 645 1319 cogit,
668 1246 702 1301 ut
725 1238 908 1301 dimidietur·
925 1238 1136 1301 eeeeutrioites
1166 1237 1446 1319 composita·quod
1483 1275 1486 1293 .

90 1324 289 1389 mamaeae
314 1325 397 1395 istit,
422 1327 481 1389 etsi
503 1327 570 1409 quis
593 1326 638 1391 ita
660 1328 813 1409 procedat,
838 1348 874 1391 ao
899 1330 928 1391 si
949 1330 1066 1391 ineerta
1087 1334 1172 1389 esset
1191 1326 1348 1409 proportio
1370 1344 1445 1407 par-

90 1416 188 1489 tium;
213 1432 285 1476 nam
302 1414 406 1498 Tyeho
429 1416 459 1479 in
480 1416 580 1479 Marte
604 1417 692 1498 louge
715 1418 807 1481 aliam
830 1418 1016 1481 eiroellorum
1038 1416 1262 1497 proportionem
1284 1422 1445 1479 statueret

90 1507 178 1568 liaeo
207 1512 313 1567 autem
343 1504 508 1568 dimidiatio
540 1507 770 1588 aequatiouibus
801 1504 884 1569 Solis
908 1529 928 1569 a
949 1507 1090 1590 Tyobone
1122 1504 1276 1586 usurpatio
1306 1504 1446 1585 nuspiam

91 1595 175 1657 ultra
196 1593 288 1656 nnius
310 1595 442 1675 serupuli
465 1594 664 1657 differentiam
685 1596 786 1670 inient,
809 1596 839 1658 in
857 1581 1087 1678 aequationibns
1109 1593 1341 1659 veromsximis
1363 1594 1445 1657 eirea

91 1682 289 1765 mquiuoetia
310 1683 400 1763 plano
423 1683 506 1747 nibil.
551 1684 602 1748 Ita
623 1695 727 1749 manet
749 1692 816 1749 tots
838 1686 992 1749 restitutio
1009 1680 1092 1749 Solis
1108 1683 1289 1767 'l'yoboniea
1308 1690 1444 1747 mmm·

13 1850 14 1853 ¹
91 1774 182 1836 modo
211 1792 360 1835 aseensus
374 1780 415 1837 et
437 1774 601 1837 deseensus
624 1774 706 1837 Solis
738 1775 926 1850 minuuntur,
960 1775 1069 1855 et'per
1091 1790 1277 1856 consequens
1304 1772 1445 1837 diametri

13 1878 14 1935 l
93 1862 178 1925 Solis
212 1862 391 1943 apparentis
415 1871 447 1925 et
468 1863 590 1927 umbrae
623 1864 761 1927 diametri
793 1865 922 1927 variatio
944 1864 980 1927 iit
1001 1864 1113 1938 minor,
1147 1863 1227 1945 quod
1250 1863 1284 1926 in
1316 1862 1444 1943 eolipoes

13 2006 14 2027 q
92 1952 257 2025 redundat,
283 1950 401 2031 exigno,
426 1960 462 2015 nt
483 1960 566 2033 puto,
589 1954 637 2017 vel
656 1954 764 2017 damno
787 1954 836 2015 vel
853 1956 947 2017 luero.
983 1952 1041 2015 llis
1063 1950 1264 2014 consideratis
1285 1952 1316 2014 in
1331 1952 1446 2014 duobus

92 2040 230 2121 planetis
253 2042 430 2121 supervenit
452 2042 618 2122 speculatio
641 2044 816 2123 invenitque
841 2060 964 2106 cansam
991 2040 1149 2124 aequantia
1172 2060 1241 2103 esse
1263 2059 1344 2103 mere
1366 2040 1447 2122 phy-

13 2132 14 2203 }
93 2132 200 2201 sinam,
223 2138 384 2211 patentem
407 2138 508 2193 minen
531 2132 765 2195 dimensionibus
788 2130 989 2211 geometricis.
1025 2130 1105 2195 Nom
1128 2137 1163 2193 ut
1184 2129 1331 2193 tironos
1353 2148 1448 2211 quse-

13 2214 14 2219 ’
94 2221 169 2283 libet
193 2220 237 2281 ad
269 2218 380 2293 aliam,
412 2220 457 2282 its
484 2237 569 2283 mora
599 2222 739 2303 planetae
762 2221 792 2283 in
824 2230 935 2302 puncto
965 2218 1047 2283 illins
1078 2219 1244 2284 distantiae
1266 2220 1307 2283 ad
1335 2235 1450 2281 moram

94 2308 201 2391 puncti
226 2308 354 2370 alteriue
378 2308 552 2373 distantiae.

182 2396 324 2477 Cumque
346 2398 378 2459 in
401 2398 515 2461 duobos
547 2396 679 2480 planetis
700 2416 750 2460 res
773 2400 851 2463 ultro
876 2400 1076 2475 sneoesserit,
1099 2398 1165 2461 sine
1188 2398 1252 2460 nlla
1278 2395 1380 2477 gratia
1401 2395 1450 2459 vel

91 2496 237 2568 respectu
270 2486 319 2560 (ut
338 2506 387 2549 *er
418 2488 483 2551 foro
512 2496 615 2569 petam
644 2486 785 2572 loquendi
816 2490 944 2563 formas)
976 2506 1014 2549 ex
1044 2488 1136 2550 meris
1173 2484 1447 2559 observationibus,

93 2576 303 2639 mediantibus
326 2576 650 2641 demonstrationibus:
670 2576 734 2656 jam
757 2596 810 2657 spe
834 2578 977 2640 devoravi
999 2578 1141 2659 planetas
1162 2584 1281 2639 oeterm
1303 2580 1447 2638 venturos

91 2667 129 2728 ad
153 2665 282 2728 eosdem
306 2666 409 2745 leges:
432 2666 531 2747 ipsum
553 2666 629 2731 adeo
652 2666 840 2729 Mercurium.
877 2664 957 2729 Nam
980 2668 1060 2747 qnod
1078 2666 1230 2730 Venerem
1253 2663 1374 2740 attinet,
1398 2663 1449 2727 illo

91 2754 244 2830 eiroellus,
271 2775 329 2836 quo
344 2763 478 2818 centrum
501 2756 661 2820 eoeentrici
675 2757 818 2834 variatur,
842 2756 1090 2820 manifestissime
1104 2756 1187 2822 eadit
1199 2775 1254 2838 per
1267 2754 1448 2837 positionem

91 2845 255 2927 aequantia
279 2845 309 2906 in
329 2844 411 2908 Sole.
450 2847 529 2908 Nam
552 2855 584 2910 et
602 2846 748 2909 dimensio
772 2847 918 2928 eengruit,
942 2847 1013 2909 dum
1031 2847 1224 2910 Ptolemaeus
1246 2845 1313 2926 ejus
1335 2843 1449 2907 cimelii

92 2935 342 2998 semidiametron
367 2935 444 2997 lauit
464 2933 549 3001 208:
574 2943 607 2998 at
630 2934 712 2998 Solis
735 2936 991 2999 eeeeutrieitatem
1014 2936 1094 3000 idem
1115 2937 1202 3017 ponit
1223 2931 1303 3010 416,
1327 2934 1450 3016 duplum
1487 2957 1495 2972 ·

91 3025 182 3088 illius.
234 3023 378 3086 Mercurii
398 3043 470 3087 vero
494 3027 576 3106 leges
604 3025 684 3087 illius
717 3025 829 3088 circelli
857 3027 1027 3089 contrariae
1058 3025 1255 3099 videbantur,
1286 3030 1448 3106 propterea
1548 3031 1553 3048 ¹
1629 3021 1637 3036 ’

93 3115 164 3194 qnia
188 3112 259 3194 ejus
283 3131 450 3194 apogaeum
472 3113 553 3177 Solis
576 3113 718 3196 perigaeo
741 3113 961 3196 appropinquet
982 3115 1094 3195 magis,
1117 3114 1248 3178 Veneris
1277 3131 1349 3175 vero
1371 3131 1449 3194 apo·

94 3221 206 3284 gaeum
233 3201 316 3264 Sulis
339 3220 484 3284 apogaeo.

183 3291 252 3354 Sed
276 3300 311 3354 ut
332 3293 364 3354 hi
386 3290 544 3356 interiores
567 3293 607 3354 ed
630 3308 765 3354 normam
788 3290 974 3371 superiorum
996 3291 1154 3371 quadrent,
1176 3307 1252 3372 opns
1274 3296 1324 3352 eet
1343 3297 1446 3353 muta·

94 3383 176 3444 bone
200 3381 459 3458 nonenolaturae,
482 3399 549 3446 oum
572 3382 631 3461 ipsi
654 3381 770 3443 numeri
799 3389 829 3445 et
853 3379 950 3443 forma
979 3389 1112 3444 motuum
1141 3389 1282 3444 mutetur.
1326 3379 1448 3442 Etenim

91 3472 141 3553 qui
163 3470 328 3533 dicebatur
351 3471 430 3550 apud
452 3472 658 3535 Ptolemaeum
685 3471 923 3533 eooentrions
952 3470 1086 3544 illorum,
1109 3471 1138 3533 is
1159 3479 1210 3534 est
1232 3476 1265 3532 et
1286 3476 1389 3532 manet
1411 3475 1446 3532 ut

92 3562 119 3623 in
144 3559 320 3640 copemioo
342 3560 445 3624 orbis
459 3579 612 3624 ‘annuns
635 3561 799 3624 communis
822 3559 974 3623 omnibns:
1002 3560 1052 3642 qui
1073 3579 1145 3623 vero
1167 3560 1342 3624 Ptolemaeo
1366 3558 1442 3639 epi-

93 3650 249 3732 oyelue,
269 3649 335 3728 jaon
359 3649 475 3714 dioetur
497 3651 740 3714 eooentrions.
778 3650 857 3714 Nem
880 3669 914 3713 re
934 3669 1009 3712 vera
1025 3649 1069 3713 illi
1092 3651 1190 3726 orbes,
1215 3650 1265 3732 qui
1287 3650 1343 3711 bet
1366 3648 1442 3711 duos

91 3740 172 3802 eirea
195 3738 303 3802 Solem
325 3739 447 3815 vehunt,
472 3759 510 3804 ox
532 3737 605 3803 Sole
628 3739 788 3802 eceentriei
811 3747 884 3802 sunt
904 3747 937 3802 et
955 3759 1049 3803 eausa
1069 3740 1175 3803 eadem
1197 3739 1323 3823 physica
1343 3738 1444 3818 parti-

92 3829 208 3910 eipant,
234 3835 269 3889 nt
283 3837 394 3907 quanto
418 3831 513 3911 magis
537 3837 608 3892 sunt
629 3830 799 3905 eoeeutrioi
823 3837 911 3891 tanto
930 3830 1006 3892 dant
1026 3830 1176 3894 tardiores
1193 3831 1225 3892 in
1244 3826 1363 3910 ophelio
1377 3848 1442 3892 suo.

92 3917 180 3990 Quae
203 3935 259 3979 res
282 3935 348 3978 enm
369 3918 400 3979 in
423 3921 544 3982 Venere
567 3917 676 3999 exigna
698 3917 748 3994 eit,
772 3937 878 3998 pamm
902 3920 967 3999 eius
990 3920 1239 3983 eommntetiones
1261 3917 1385 3992 turbat;
1415 3917 1446 3979 in

91 4006 248 4086 Mercurio
271 4023 342 4068 vero
366 4007 441 4071 haee
464 4007 588 4092 epieycli
612 4027 664 4072 seu
686 4008 748 4088 jam
771 4007 930 4070 eoeentriei
950 4009 1098 4071 velocitas
1120 4019 1153 4071 et
1174 4008 1305 4071 tarditas
1328 4014 1446 4070 tentum

91 4105 208 4178 potest,
233 4104 271 4158 ut
294 4095 363 4160 dum
387 4098 523 4180 aequalis
545 4099 576 4159 in
600 4117 635 4160 eo
658 4105 758 4160 motus
780 4097 917 4179 punitur,
948 4098 1098 4177 triangulo
1131 4117 1204 4161 enas
1233 4097 1357 4179 apsidas
1379 4097 1446 4158 dis-

93 4206 207 4267 ponere
240 4192 372 4265 puteus.
419 4189 503 4250 Haeo
531 4188 661 4250 nondum
691 4187 790 4248 omnia
821 4187 1082 4251 observationibus
1113 4188 1243 4269 probata
1271 4193 1357 4261 sunt,
1392 4185 1447 4249 sed

92 4274 243 4356 exemplis
275 4291 395 4352 eorum,
429 4295 506 4358 queo
531 4277 597 4357 jem
628 4284 698 4340 sunt
729 4275 913 4352 constituta,
944 4296 1014 4358 spes
1044 4278 1175 4358 optimae
1210 4277 1446 4358 quaerendorum

93 4371 307 4446 suggeruntur.
353 4363 424 4428 Jam
447 4365 527 4428 euim
548 4367 605 4428 hoo
626 4365 657 4428 iu
680 4372 804 4447 utroque
831 4367 932 4444 patuit
954 4385 992 4428 ex
1015 4367 1287 4442 observationibus,
1314 4365 1445 4428 inelina-

93 4455 195 4518 tionee
228 4453 360 4516 reinero
393 4455 514 4534 eusdem
545 4455 652 4516 iisdem
689 4455 848 4517 eeuentrioi
883 4456 1024 4539 (epieyoli
1057 4457 1187 4538 antiqui)
1218 4456 1265 4518 sul
1295 4455 1443 4536 partibus,

94 4545 266 4623 ubieunque
297 4543 391 4606 Terra
423 4545 473 4606 eit.
525 4543 670 4626 Adeoque
700 4543 764 4624 jam
796 4545 832 4606 de
863 4545 966 4608 fraeno
999 4552 1031 4607 et
1060 4545 1199 4626 ephippio
1229 4547 1346 4626 cogito,
1377 4563 1444 4608 oum

94 4633 228 4696 mudum
251 4633 289 4694 de
313 4652 390 4713 equo
413 4635 470 4697 sim
492 4642 603 4696 certus.
648 4635 787 4698 Formam
810 4635 930 4716 inquam
961 4635 1068 4698 catuli
1096 4637 1235 4699 mediton
1281 4635 1444 4700 Anomalia

95 4722 226 4804 simplici
250 4741 310 4784 non
334 4743 418 4804 egeo,
451 4742 517 4787 oum
538 4724 593 4786 ills
614 4723 689 4786 nibil
712 4725 753 4786 sit
775 4724 833 4786 uisi
855 4731 993 4807 tempusz
1024 4726 1150 4805 primum
1179 4743 1250 4807 ergo
1273 4740 1339 4788 cum
1362 4732 1441 4787 tem-

94 4831 161 4894 pore
185 4812 326 4894 proxime
350 4815 457 4877 minori
481 4831 569 4894 quam
591 4820 641 4874 est
662 4814 849 4894 propositum
871 4833 909 4876 en
932 4814 1012 4878 senis
1035 4815 1148 4879 tabulis
1175 4833 1249 4878 sena
1275 4816 1343 4878 lota
1365 4831 1441 4894 opo-

97 4921 239 4981 qaeorum
265 4917 321 4964 seu
342 4903 528 4987 apheliorum
551 4910 756 4984 excerpentur.
802 4904 878 4966 Inde
898 4904 931 4967 in
954 4903 1024 4967 aliis
1046 4905 1126 4967 senis
1149 4905 1261 4968 tabulis
1285 4905 1337 4977 (de
1355 4904 1443 4965 Luna

97 4991 172 5054 enim
195 4991 262 5054 alia
282 5009 333 5072 rep
356 4995 420 5068 est)
444 5011 510 5056 oum
537 4999 672 5074 tempore
694 4991 827 5073 proxime
854 4994 961 5057 minori
984 5013 1073 5075 quarn
1096 5002 1145 5058 est
1165 5011 1264 5056 meum
1292 4992 1443 5058 residuum

1188 5097 1231 5154 41·
