3517 5525
582 1036 692 1103 PARS
722 1034 930 1102 SECUNDA.

123 1208 222 1302 ιι
249 1125 399 1302 rums
430 1205 657 1305 nrarrss
582 1202 839 1301 ιιιιιιιι
873 1138 1256 1312 masculinnm
1284 1202 1438 1295 ιι

465 1342 778 1441 minimorum
811 1343 1042 1476 miuron.
1276 1382 1278 1393 ι

689 1562 825 1575 W

540 1745 559 1770 .-
642 1691 762 1791 Caput
787 1687 869 1763 VH.

309 1866 317 1887 -’
341 1852 415 1931 ιιι
437 1851 599 1915 ocaeano
620 1856 656 1917 ι
672 1853 833 1943 ιιιιιιι
855 1846 974 1941 marm
996 1846 1171 1911 asareem.
1263 1822 1270 1839 ‘

164 1992 283 2053 Verum
305 2000 361 2068 est,
386 1994 518 2059 divinam
539 2013 657 2069 vocem,
689 2012 765 2075 quae
789 1992 904 2055 discere
924 1990 1032 2070 jubeat
1050 1990 1185 2053 homines
1200 1990 1426 2065 astronomiam,

79 2080 276 2143 inmundo
267 2101 335 2163 ipso
358 2102 540 2163 expressam,
563 2102 622 2145 uon
645 2082 745 2146 verbis
769 2089 822 2143 ιιι
843 2080 979 2164 syllabis,
1005 2080 1059 2141 sed
1083 2098 1114 2142 re
1139 2080 1205 2160 ipsa
1228 2087 1260 2141 et
1272 2099 1425 2144 commen

79 2161 234 2233 nmatione
256 2168 378 2235 humaui
401 2167 572 2237 intellectus
596 2191 795 2253 sensuumque
818 2190 886 2233 oum
910 2170 987 2231 serie
1011 2188 1166 2251 corporum
1189 2177 1221 2231 et
1235 2170 1426 2233 affectionum

80 2258 269 2322 coelestium.
316 2261 379 2324 Sed
410 2271 510 2325 temen
539 2262 631 2326 etiam
659 2263 755 2326 ratum
784 2260 944 2348 quodpiam
971 2260 1086 2321 occulte
1120 2258 1254 2321 homines
1284 2259 1362 2323 alios
1387 2259 1425 2321 ad

32 2369 36 2382 ’
79 2350 153 2411 alias
179 2354 263 2421 artes
285 2349 414 2432 impellit
436 2360 593 2433 certosque
617 2351 726 2425 reddit,
751 2368 828 2423 sese,
852 2356 887 2411 ut
908 2366 979 2429 pars
1003 2356 1072 2410 suut
1088 2347 1189 2415 ιιιιιί
1204 2348 1312 2429 operis,
1336 2349 1427 2411 itaet

78 2439 107 2501 in
129 2444 221 2519 parte
245 2438 366 2501 divinae
389 2441 600 2521 providentiae
623 2460 700 2504 esse

169 2524 247 2589 Οιιι
278 2529 405 2607 primum
437 2548 527 2609 per
520 2537 654 2593 aetatem
682 2527 889 2611 philosophiae
919 2501 1104 2589 dulcedinem
1128 2544 1307 2606 cognoscere
1330 2526 1424 2606 potui,

80 2616 252 2679 universam
276 2618 359 2680 illam
376 2618 489 2699 ingenti
512 2620 679 2700 cupiditate
695 2638 764 2679 sum
788 2618 971 2696 complexus,
996 2614 1067 2677 nihil
1092 2616 1250 2679 admodum
1270 2617 1306 2677 de
1322 2623 1425 2678 astro-

80 2707 180 2769 nomia
206 2704 238 2768 in
261 2708 392 2789 speciem
415 2707 572 2772 sollicitus.
619 2710 736 2772 Aderat
758 2704 908 2790 quidem
895 2704 1065 2802 ⁸ingenium3
1088 2724 1144 2768 neo
1168 2704 1326 2771 difficulter
1349 2724 1424 2786 geo-

78 2796 205 2858 metrica
228 2805 259 2859 et
282 2797 491 2872 astronomica,
516 2817 592 2886 quae
610 2799 779 2862 scholarum
798 2797 871 2858 ordo
895 2789 1118 2876 suppeditabat,
1135 2793 1299 2875 capiebam,
1322 2795 1424 2876 liguris

78 2885 227 2947 subnixus
255 2893 288 2946 et
314 2887 446 2950 numeris
479 2896 510 2950 et
540 2885 792 2970 proportionibus.
839 2883 901 2947 Sed
929 2893 1016 2946 eraut
1039 2885 1094 2947 illa
1115 2884 1288 2948 necessaria
1311 2885 1422 2960 studia,

78 2973 153 3036 nibil
191 2974 270 3053 quod
305 2974 544 3038 inclinationem
560 2977 749 3057 potissimam
786 2975 825 3037 ad
854 2974 1069 3036 astronomiam
1093 2982 1241 3054 argueret.
1290 2971 1423 3056 Cumque

77 3062 229 3126 sumtibus
251 3064 346 3126 Ducis
367 3063 450 3126 wire
437 3065 611 3147 tembergioi
634 3072 829 3139 sustentarer,
854 3063 986 3126 viderem
1009 3063 1316 3128 vero.oomu1ilitones
1330 3081 1423 3138 meos,

73 3170 152 3233 'quos
182 3152 325 3234 princeps
351 3155 562 3235 interpellatus
583 3157 614 3218 in
638 3164 759 3220 exteras
781 3153 918 3219 ustiones
942 3152 1099 3223 mittebat,
1122 3152 1318 3233 tergiversari
1341 3153 1422 3214 varie
1453 3187 1457 3194 ·

78 3260 179 3303 amore
200 3240 333 3322 patriae,
358 3243 459 3306 durior
481 3263 538 3323 ego
560 3253 676 3318 mature
700 3243 857 3305 admodum
880 3259 996 3302 mecum
1010 3242 1223 3317 concluseram,
1249 3261 1421 3324 quocunque

77 3331 250 3405 destinarer
269 3331 471 3412 promtissime
494 3333 589 3415 sequi.
625 3333 729 3396 Prima
751 3351 783 3396 ιι
802 3330 911 3392 obtolit
925 3329 1037 3394 functio
1051 3331 1264 3406 astronomica,
1284 3332 1421 3411 adquam

76 3428 178 3483 ιιιιιι
202 3420 371 3482 obeundam
395 3422 479 3497 (iere
503 3423 615 3492 dicam)
639 3429 779 3483 extrusus
803 3439 868 3482 sum
892 3419 1071 3482 auctoritate
1093 3428 1320 3500 praeceptorum
1326 3439 1336 3494 ;
1361 3438 1419 3482 non

59 3509 296 3596 louginqnitate
320 3511 378 3572 loci
402 3510 534 3587 territus,
558 3532 646 3596 quem
668 3519 778 3574 metum
800 3509 831 3571 in
857 3510 926 3572 aliis
951 3510 1162 3571 damnaveram
1187 3510 1236 3582 (ut
1249 3509 1313 3590 jam
1332 3509 1417 3584 diri),

75 3600 126 3660 sed
148 3600 310 3680 inopinato
333 3609 365 3662 et
387 3609 538 3664 contemto
562 3601 721 3666 functionis
744 3619 853 3682 genere
877 3607 910 3661 et
932 3599 1079 3667 tenuitate
1104 3598 1279 3661 eruditionis
1305 3599 1335 3661 iu
1362 3600 1419 3664 hac

74 3688 284 3769 philosophiae
307 3696 406 3772 parts.
430 3691 516 3752 Hauc
539 3691 631 3770 igitur
654 3691 714 3752 adii
737 3690 910 3754 instructior
933 3689 971 3750 ab
994 3687 1113 3768 ingenio
1138 3707 1225 3768 quam
1247 3688 1416 3766 ascisntia,

74 3777 199 3840 multum
230 3787 438 3859 protestatus,
470 3794 518 3842 ms
536 3780 607 3859 jure
631 3798 697 3842 meo
721 3781 759 3840 ad
783 3780 864 3841 aliud
888 3775 968 3840 vitae
992 3796 1101 3857 genus,
1133 3779 1211 3858 quod
1233 3775 1417 3859 splendidius

74 3866 254 3943 videbatur,
287 3887 475 3950 nequaquam
507 3870 624 3933 cedere.
680 3867 810 3939 Quinam
847 3868 958 3930 fuerint
983 3867 1079 3948 primo
1112 3867 1234 3930 biennio
1259 3885 1417 3932 successus

73 3955 177 4018 borum
207 3956 388 4030 studiorum,
420 3977 459 4020 ιι
480 3958 671 4040 Mysterio
701 3976 767 4019 meo
797 3954 1117 4036 cosmographioo
1147 3963 1282 4037 apparet
1332 3955 1416 4028 Quos

72 4054 233 4126 praeterea
254 4045 330 4108 mihi
349 4047 487 4109 stimulos
510 4047 746 4110 Maestlinus
773 4051 951 4127 praeceptor
980 4063 1064 4108 meus
1087 4043 1258 4108 adhibuerit
1282 4046 1321 4107 ad
1343 4048 1416 4110 reli-

73 4153 161 4239 qpam
184 4133 400 4198 astronomiam
429 4137 682 4217 amplectendam,
713 4137 796 4216 leges
823 4136 855 4197 iu
884 4135 986 4196 eodem
1018 4133 1118 4198 libello
1142 4143 1174 4196 et
1197 4134 1328 4215 epistola
1352 4138 1415 4218 ejus

71 4243 253 4305 mn,cquao
282 4233 332 4286 est
353 4226 529 4289 Narrationi
551 4226 673 4290 Bhetici
704 4225 846 4301 praelixa.
892 4231 992 4298 (comp.
1010 4231 1066 4284 vol
1080 4233 1101 4292 Ι,
1114 4248 1138 4297 p
1153 4229 1208 4294 25.)
1256 4225 1414 4290 Inventum

71 4273 144 4376 illud
168 4315 288 4376 omuino
311 4315 433 4376 maximi
456 4314 524 4390 ieci,
549 4317 700 4397 multoque
723 4315 859 4394 majoris,
884 4315 962 4396 qnod
984 4315 1126 4388 viderem,
1150 4321 1180 4376 et
1202 4313 1415 4379 Maestlino

71 4403 149 4466 idem
171 4411 332 4484 tantopere
354 4404 485 4508 prqbari.
538 4405 645 4489 Neque
673 4412 790 4466 tantum
819 4403 871 4466 ille
903 4424 949 4466 me
974 4391 1178 4467 exstimulavit
1199 4402 1415 4486 intempestiva

71 4491 236 4556 lectoribus
266 4493 464 4573 promissione
491 4494 576 4556 facte
606 4493 738 4556 universi
769 4493 828 4574 mei
858 4497 907 4567 (ιι
939 4493 1056 4575 ajebat)
1087 4491 1213 4574 operis
1246 4495 1411 4570 uranici,

71 4585 213 4662 qnantum
234 4581 300 4662 ipse
323 4583 480 4653 ardebam,
509 4602 547 4645 ιι
568 4582 759 4645 restitutione
783 4564 1015 4647 astronomiae
996 4583 1173 4666 roquirere,
1198 4603 1237 4646 an
1259 4583 1414 4646 inventum

70 4670 142 4732 illud
172 4689 275 4734 meum
306 4691 423 4734 omnem
453 4671 693 4735 observationum
726 4671 925 4736 subtilitatem
951 4679 1115 4756 pateretur.
1160 4672 1231 4736 Jam
1255 4673 1333 4736 euim
1356 4673 1412 4735 de-

69 4766 270 4822 monstratum
306 4769 372 4824 erat
405 4761 436 4824 iu
463 4761 529 4842 ipso
553 4761 644 4837 libro,
670 4761 835 4825 consistere
859 4763 915 4826 hoc
938 4763 1019 4826 iutra
1047 4762 1248 4827 subtilitatem
1270 4761 1411 4841 vulgatae

70 4849 283 4913 astronomiae.

156 4937 206 5001 Ex
239 4955 276 5001 eo
305 4938 408 5022 itaqua
439 4946 575 5022 tempore
596 4940 678 5004 serio
702 4939 739 5002 de
762 4940 1022 5006 observationibus
1045 4939 1253 5023 comparandis
1276 4938 1410 5022 cogitare

145 5045 235 5096 ΗΜ
248 5046 324 5095 ⁰90¹*
337 5047 374 5086 m.
1168 5045 1200 5097 ll
