<?xml version="1.0" encoding="UTF-8"?>
<!DOCTYPE html PUBLIC "-//W3C//DTD XHTML 1.0 Transitional//EN"
    "http://www.w3.org/TR/xhtml1/DTD/xhtml1-transitional.dtd">
<html xmlns="http://www.w3.org/1999/xhtml" xml:lang="en" lang="en">
 <head>
  <title>
</title>
<meta http-equiv="Content-Type" content="text/html;charset=utf-8" />
  <meta name='ocr-system' content='tesseract 3.04.00' />
  <meta name='ocr-capabilities' content='ocr_page ocr_carea ocr_par ocr_line ocrx_word'/>
</head>
<body>
  <div class='ocr_page' id='page_1' title='image "./joanniskepleria23frisgoog/joanniskepleria23frisgoog_0090.png"; bbox 0 0 3517 5525; ppageno 0'>
   <div class='ocr_carea' id='block_1_1' title="bbox 479 316 1069 391">
    <p class='ocr_par' dir='ltr' id='par_1_1' title="bbox 479 316 1069 391">
     <span class='ocr_line' id='line_1_1' title="bbox 479 316 1069 391; baseline 0.014 -24"><span class='ocrx_word' id='word_1_1' title='bbox 479 318 512 367; x_wconf 88' lang='lat' dir='ltr'><strong>de</strong></span> <span class='ocrx_word' id='word_1_2' title='bbox 530 316 716 391; x_wconf 74' lang='lat' dir='ltr'><strong>Commentariis</strong></span> <span class='ocrx_word' id='word_1_3' title='bbox 734 322 766 373; x_wconf 89' lang='lat' dir='ltr'><strong>de</strong></span> <span class='ocrx_word' id='word_1_4' title='bbox 783 328 852 375; x_wconf 82' lang='lat' dir='ltr'><strong>metu</strong></span> <span class='ocrx_word' id='word_1_5' title='bbox 866 324 955 377; x_wconf 77' lang='lat' dir='ltr'><strong>stellae</strong></span> <span class='ocrx_word' id='word_1_6' title='bbox 972 324 1069 377; x_wconf 72' lang='lat' dir='ltr'><strong>Mutia.</strong></span> 
     </span>
    </p>
   </div>
   <div class='ocr_carea' id='block_1_2' title="bbox 8 488 1474 4972">
    <p class='ocr_par' dir='ltr' id='par_1_2' title="bbox 80 488 815 660">
     <span class='ocr_line' id='line_1_2' title="bbox 80 488 815 577; baseline 0.015 -25"><span class='ocrx_word' id='word_1_7' title='bbox 80 488 183 571; x_wconf 82' lang='lat' dir='ltr'><strong>igitur</strong></span> <span class='ocrx_word' id='word_1_8' title='bbox 207 490 261 555; x_wconf 82' lang='lat' dir='ltr'><strong>hic</strong></span> <span class='ocrx_word' id='word_1_9' title='bbox 284 492 465 577; x_wconf 81' lang='lat' dir='ltr'><strong>epicyclicus</strong></span> <span class='ocrx_word' id='word_1_10' title='bbox 483 492 623 561; x_wconf 85' lang='lat' dir='ltr'><strong>Solarem</strong></span> <span class='ocrx_word' id='word_1_11' title='bbox 645 496 677 561; x_wconf 92' lang='lat' dir='ltr'><strong>iu</strong></span> <span class='ocrx_word' id='word_1_12' title='bbox 697 498 724 561; x_wconf 88' lang='lat' dir='ltr'>L</span> <span class='ocrx_word' id='word_1_13' title='bbox 768 498 815 563; x_wconf 91' lang='lat' dir='ltr'><strong>At</strong></span> 
     </span>
     <span class='ocr_line' id='line_1_3' title="bbox 81 576 815 660; baseline 0.014 -20"><span class='ocrx_word' id='word_1_14' title='bbox 81 578 118 655; x_wconf 82' lang='lat' dir='ltr'><strong>si,</strong></span> <span class='ocrx_word' id='word_1_15' title='bbox 145 576 203 641; x_wconf 90' lang='lat' dir='ltr'><strong>ubi</strong></span> <span class='ocrx_word' id='word_1_16' title='bbox 229 586 330 643; x_wconf 89' lang='lat' dir='ltr'><strong>motus</strong></span> <span class='ocrx_word' id='word_1_17' title='bbox 355 581 436 645; x_wconf 90' lang='lat' dir='ltr'><strong>circa</strong></span> <span class='ocrx_word' id='word_1_18' title='bbox 449 582 553 647; x_wconf 83' lang='lat' dir='ltr'><strong>Solem</strong></span> <span class='ocrx_word' id='word_1_19' title='bbox 573 585 690 660; x_wconf 80' lang='lat' dir='ltr'><strong>tardus,</strong></span> <span class='ocrx_word' id='word_1_20' title='bbox 716 586 759 650; x_wconf 92' lang='lat' dir='ltr'><strong>ibi</strong></span> <span class='ocrx_word' id='word_1_21' title='bbox 783 595 815 651; x_wconf 90' lang='lat' dir='ltr'><strong>et</strong></span> 
     </span>
    </p>

    <p class='ocr_par' dir='ltr' id='par_1_3' title="bbox 8 667 812 759">
     <span class='ocr_line' id='line_1_4' title="bbox 8 667 812 759; baseline 0.016 -31"><span class='ocrx_word' id='word_1_22' title='bbox 8 710 9 715; x_wconf 18' lang='grc' dir='ltr'>η</span> <span class='ocrx_word' id='word_1_23' title='bbox 80 667 195 730; x_wconf 76' lang='lat' dir='ltr'><strong>tardus</strong></span> <span class='ocrx_word' id='word_1_24' title='bbox 221 679 308 732; x_wconf 87' lang='lat' dir='ltr'><strong>esset</strong></span> <span class='ocrx_word' id='word_1_25' title='bbox 326 679 425 734; x_wconf 88' lang='lat' dir='ltr'><strong>motus</strong></span> <span class='ocrx_word' id='word_1_26' title='bbox 443 671 474 734; x_wconf 91' lang='lat' dir='ltr'><strong>in</strong></span> <span class='ocrx_word' id='word_1_27' title='bbox 489 674 623 759; x_wconf 87' lang='lat' dir='ltr'><strong>epieyolo</strong></span> <span class='ocrx_word' id='word_1_28' title='bbox 642 674 682 741; x_wconf 86' lang='lat' dir='ltr'><strong>ed</strong></span> <span class='ocrx_word' id='word_1_29' title='bbox 699 674 812 751; x_wconf 86' lang='lat' dir='ltr'><strong>Solem,</strong></span> 
     </span>
    </p>

    <p class='ocr_par' dir='ltr' id='par_1_4' title="bbox 8 757 813 841">
     <span class='ocr_line' id='line_1_5' title="bbox 8 757 813 841; baseline 0.01 -22"><span class='ocrx_word' id='word_1_30' title='bbox 8 770 10 793; x_wconf 59' lang='lat'>‘</span> <span class='ocrx_word' id='word_1_31' title='bbox 80 757 251 823; x_wconf 82' lang='lat' dir='ltr'><strong>tnncINK</strong></span> <span class='ocrx_word' id='word_1_32' title='bbox 263 761 419 841; x_wconf 84' lang='lat' dir='ltr'><strong>perfectus</strong></span> <span class='ocrx_word' id='word_1_33' title='bbox 434 762 561 825; x_wconf 89' lang='lat' dir='ltr'><strong>circulus</strong></span> <span class='ocrx_word' id='word_1_34' title='bbox 577 762 813 841; x_wconf 83' lang='lat' dir='ltr'><strong>describeretur3</strong></span> 
     </span>
    </p>

    <p class='ocr_par' dir='ltr' id='par_1_5' title="bbox 8 847 936 1023">
     <span class='ocr_line' id='line_1_6' title="bbox 8 847 936 931; baseline 0.006 -18"><span class='ocrx_word' id='word_1_35' title='bbox 8 888 10 913; x_wconf 51' lang='lat' dir='ltr'><strong>r</strong></span> <span class='ocrx_word' id='word_1_36' title='bbox 76 847 161 928; x_wconf 82' lang='lat' dir='ltr'><strong>jam,</strong></span> <span class='ocrx_word' id='word_1_37' title='bbox 188 848 265 929; x_wconf 85' lang='lat' dir='ltr'><strong>quia</strong></span> <span class='ocrx_word' id='word_1_38' title='bbox 296 850 423 913; x_wconf 88' lang='lat' dir='ltr'><strong>celerius</strong></span> <span class='ocrx_word' id='word_1_39' title='bbox 456 852 613 915; x_wconf 86' lang='lat' dir='ltr'><strong>descendit</strong></span> <span class='ocrx_word' id='word_1_40' title='bbox 635 853 675 915; x_wconf 84' lang='lat' dir='ltr'><strong>ad</strong></span> <span class='ocrx_word' id='word_1_41' title='bbox 698 854 812 931; x_wconf 86' lang='lat' dir='ltr'><strong>Solem,</strong></span> <span class='ocrx_word' id='word_1_42' title='bbox 926 876 936 887; x_wconf 83' lang='lat'>·</span> 
     </span>
     <span class='ocr_line' id='line_1_7' title="bbox 80 935 813 1023; baseline 0.011 -24"><span class='ocrx_word' id='word_1_43' title='bbox 80 935 206 999; x_wconf 84' lang='lat' dir='ltr'><strong>tardius</strong></span> <span class='ocrx_word' id='word_1_44' title='bbox 232 938 382 1015; x_wconf 78' lang='lat' dir='ltr'><strong>circumit,</strong></span> <span class='ocrx_word' id='word_1_45' title='bbox 405 938 474 1006; x_wconf 92' lang='lat' dir='ltr'><strong>ideo</strong></span> <span class='ocrx_word' id='word_1_46' title='bbox 494 938 660 1023; x_wconf 80' lang='lat' dir='ltr'><strong>ingreditur</strong></span> <span class='ocrx_word' id='word_1_47' title='bbox 674 944 714 1007; x_wconf 90' lang='lat' dir='ltr'><strong>ad</strong></span> <span class='ocrx_word' id='word_1_48' title='bbox 731 944 813 1007; x_wconf 86' lang='lat' dir='ltr'><strong>latus</strong></span> 
     </span>
    </p>

    <p class='ocr_par' dir='ltr' id='par_1_6' title="bbox 8 1022 813 1111">
     <span class='ocr_line' id='line_1_8' title="bbox 81 1025 813 1111; baseline 0.011 -22.184"><span class='ocrx_word' id='word_1_49' title='bbox 81 1027 157 1089; x_wconf 82' lang='lat' dir='ltr'><strong>het</strong></span> <span class='ocrx_word' id='word_1_50' title='bbox 170 1025 235 1089; x_wconf 91' lang='lat' dir='ltr'><strong>hoe</strong></span> <span class='ocrx_word' id='word_1_51' title='bbox 255 1047 384 1109; x_wconf 84' lang='lat' dir='ltr'>semper,</span> <span class='ocrx_word' id='word_1_52' title='bbox 409 1048 503 1111; x_wconf 87' lang='lat' dir='ltr'><strong>usque</strong></span> <span class='ocrx_word' id='word_1_53' title='bbox 522 1030 553 1093; x_wconf 93' lang='lat' dir='ltr'><strong>iu</strong></span> <span class='ocrx_word' id='word_1_54' title='bbox 567 1030 599 1095; x_wconf 90' lang='lat' dir='ltr'><strong>K</strong></span> <span class='ocrx_word' id='word_1_55' title='bbox 612 1037 683 1094; x_wconf 89' lang='lat' dir='ltr'><strong>tnnc</strong></span> <span class='ocrx_word' id='word_1_56' title='bbox 703 1032 813 1097; x_wconf 89' lang='lat' dir='ltr'><strong>iterum</strong></span> 
     </span>
    </p>

    <p class='ocr_par' dir='ltr' id='par_1_7' title="bbox 8 1114 867 1201">
     <span class='ocr_line' id='line_1_9' title="bbox 8 1114 867 1201; baseline 0.007 -21"><span class='ocrx_word' id='word_1_57' title='bbox 8 1114 9 1123; x_wconf 74' lang='grc'>’</span> <span class='ocrx_word' id='word_1_58' title='bbox 81 1114 244 1181; x_wconf 86' lang='lat' dir='ltr'><strong>coincidit.</strong></span> <span class='ocrx_word' id='word_1_59' title='bbox 283 1118 386 1199; x_wconf 87' lang='lat' dir='ltr'><strong>Atque</strong></span> <span class='ocrx_word' id='word_1_60' title='bbox 401 1137 457 1199; x_wconf 90' lang='lat' dir='ltr'><strong>ego</strong></span> <span class='ocrx_word' id='word_1_61' title='bbox 477 1120 595 1183; x_wconf 90' lang='lat' dir='ltr'><strong>omnino</strong></span> <span class='ocrx_word' id='word_1_62' title='bbox 617 1123 811 1201; x_wconf 86' lang='lat' dir='ltr'><strong>persuadeor,</strong></span> <span class='ocrx_word' id='word_1_63' title='bbox 851 1137 867 1193; x_wconf 72' lang='lat' dir='ltr'><strong>s</strong></span> 
     </span>
    </p>

    <p class='ocr_par' dir='ltr' id='par_1_8' title="bbox 8 1182 885 1401">
     <span class='ocr_line' id='line_1_10' title="bbox 8 1182 859 1296; baseline 0.007 -27"><span class='ocrx_word' id='word_1_64' title='bbox 8 1182 10 1211; x_wconf 52' lang='lat'>³</span> <span class='ocrx_word' id='word_1_65' title='bbox 80 1206 151 1269; x_wconf 87' lang='lat' dir='ltr'><strong>hino</strong></span> <span class='ocrx_word' id='word_1_66' title='bbox 165 1206 259 1269; x_wconf 86' lang='lat' dir='ltr'><strong>nasci</strong></span> <span class='ocrx_word' id='word_1_67' title='bbox 275 1215 390 1271; x_wconf 86' lang='lat' dir='ltr'><strong>motum</strong></span> <span class='ocrx_word' id='word_1_68' title='bbox 406 1210 543 1289; x_wconf 87' lang='lat' dir='ltr'><strong>apogael,</strong></span> <span class='ocrx_word' id='word_1_69' title='bbox 566 1209 697 1273; x_wconf 87' lang='lat' dir='ltr'><strong>nondum</strong></span> <span class='ocrx_word' id='word_1_70' title='bbox 710 1218 813 1275; x_wconf 85' lang='lat' dir='ltr'><strong>temen</strong></span> <span class='ocrx_word' id='word_1_71' title='bbox 856 1288 859 1296; x_wconf 29' lang='grc' dir='ltr'>Ι</span> 
     </span>
     <span class='ocr_line' id='line_1_11' title="bbox 83 1294 885 1401; baseline 0.005 -43"><span class='ocrx_word' id='word_1_72' title='bbox 83 1294 292 1361; x_wconf 76' lang='lat' dir='ltr'><strong>consideravi</strong></span> <span class='ocrx_word' id='word_1_73' title='bbox 338 1294 524 1374; x_wconf 83' lang='lat' dir='ltr'><strong>Exerceere‚</strong></span> <span class='ocrx_word' id='word_1_74' title='bbox 550 1318 673 1381; x_wconf 80' lang='lat' dir='ltr'><strong>quaeso,</strong></span> <span class='ocrx_word' id='word_1_75' title='bbox 696 1320 813 1363; x_wconf 90' lang='lat' dir='ltr'><strong>mecum</strong></span> <span class='ocrx_word' id='word_1_76' title='bbox 862 1346 885 1401; x_wconf 56' lang='lat' dir='ltr'>n</span> 
     </span>
    </p>

    <p class='ocr_par' dir='ltr' id='par_1_9' title="bbox 8 1382 813 1469">
     <span class='ocr_line' id='line_1_12' title="bbox 82 1383 813 1461; baseline 0.009 -14.357"><span class='ocrx_word' id='word_1_77' title='bbox 82 1386 111 1447; x_wconf 89' lang='lat' dir='ltr'><strong>in</strong></span> <span class='ocrx_word' id='word_1_78' title='bbox 142 1383 274 1447; x_wconf 90' lang='lat' dir='ltr'><strong>dubium</strong></span> <span class='ocrx_word' id='word_1_79' title='bbox 305 1394 456 1450; x_wconf 86' lang='lat' dir='ltr'><strong>eventum.</strong></span> <span class='ocrx_word' id='word_1_80' title='bbox 511 1386 588 1453; x_wconf 83' lang='lat' dir='ltr'><strong>Esto</strong></span> <span class='ocrx_word' id='word_1_81' title='bbox 621 1394 655 1455; x_wconf 89' lang='lat' dir='ltr'><strong>ut</strong></span> <span class='ocrx_word' id='word_1_82' title='bbox 690 1396 717 1461; x_wconf 80' lang='lat' dir='ltr'><strong>d</strong></span> <span class='ocrx_word' id='word_1_83' title='bbox 748 1396 813 1453; x_wconf 87' lang='lat' dir='ltr'><strong>tam</strong></span> 
     </span>
    </p>

    <p class='ocr_par' dir='ltr' id='par_1_10' title="bbox 8 1475 813 1739">
     <span class='ocr_line' id='line_1_13' title="bbox 8 1475 811 1559; baseline 0.006 -23"><span class='ocrx_word' id='word_1_84' title='bbox 8 1494 9 1527; x_wconf 62' lang='lat' dir='ltr'><strong>r</strong></span> <span class='ocrx_word' id='word_1_85' title='bbox 81 1492 233 1554; x_wconf 79' lang='lat' dir='ltr'><strong>magnam</strong></span> <span class='ocrx_word' id='word_1_86' title='bbox 270 1475 374 1557; x_wconf 86' lang='lat' dir='ltr'><strong>capiet</strong></span> <span class='ocrx_word' id='word_1_87' title='bbox 403 1476 547 1557; x_wconf 87' lang='lat' dir='ltr'><strong>temporis</strong></span> <span class='ocrx_word' id='word_1_88' title='bbox 578 1477 733 1559; x_wconf 88' lang='lat' dir='ltr'><strong>periodum</strong></span> <span class='ocrx_word' id='word_1_89' title='bbox 757 1497 811 1559; x_wconf 90' lang='lat' dir='ltr'><strong>pro</strong></span> 
     </span>
     <span class='ocr_line' id='line_1_14' title="bbox 81 1562 811 1648; baseline 0.004 -21"><span class='ocrx_word' id='word_1_90' title='bbox 81 1562 233 1648; x_wconf 79' lang='lat' dir='ltr'><strong>epicyclio</strong></span> <span class='ocrx_word' id='word_1_91' title='bbox 273 1584 329 1627; x_wconf 89' lang='lat' dir='ltr'><strong>euo</strong></span> <span class='ocrx_word' id='word_1_92' title='bbox 374 1565 573 1647; x_wconf 81' lang='lat' dir='ltr'><strong>aequabiliter</strong></span> <span class='ocrx_word' id='word_1_93' title='bbox 618 1568 811 1645; x_wconf 87' lang='lat' dir='ltr'><strong>conficiendo,</strong></span> 
     </span>
     <span class='ocr_line' id='line_1_15' title="bbox 82 1656 813 1739; baseline 0.001 -22"><span class='ocrx_word' id='word_1_94' title='bbox 82 1673 173 1737; x_wconf 81' lang='lat' dir='ltr'><strong>quem</strong></span> <span class='ocrx_word' id='word_1_95' title='bbox 225 1672 373 1735; x_wconf 87' lang='lat' dir='ltr'><strong>magnum</strong></span> <span class='ocrx_word' id='word_1_96' title='bbox 410 1661 476 1718; x_wconf 88' lang='lat' dir='ltr'><strong>erat</strong></span> <span class='ocrx_word' id='word_1_97' title='bbox 521 1656 653 1721; x_wconf 85' lang='lat' dir='ltr'><strong>futurum</strong></span> <span class='ocrx_word' id='word_1_98' title='bbox 693 1664 813 1739; x_wconf 86' lang='lat' dir='ltr'><strong>tempus</strong></span> 
     </span>
    </p>

    <p class='ocr_par' dir='ltr' id='par_1_11' title="bbox 8 1741 1460 3260">
     <span class='ocr_line' id='line_1_16' title="bbox 8 1741 813 1823; baseline 0 -16"><span class='ocrx_word' id='word_1_99' title='bbox 8 1776 13 1789; x_wconf 93' lang='lat'><em>·</em></span> <span class='ocrx_word' id='word_1_100' title='bbox 81 1742 296 1808; x_wconf 73' lang='lat' dir='ltr'><strong>restitutionis</strong></span> <span class='ocrx_word' id='word_1_101' title='bbox 320 1744 400 1805; x_wconf 91' lang='lat' dir='ltr'><strong>circa</strong></span> <span class='ocrx_word' id='word_1_102' title='bbox 424 1741 475 1823; x_wconf 79' lang='grc' dir='ltr'><strong>Θ,</strong></span> <span class='ocrx_word' id='word_1_103' title='bbox 500 1745 527 1807; x_wconf 91' lang='lat' dir='ltr'><strong>si</strong></span> <span class='ocrx_word' id='word_1_104' title='bbox 549 1754 647 1809; x_wconf 90' lang='lat' dir='ltr'><strong>totum</strong></span> <span class='ocrx_word' id='word_1_105' title='bbox 671 1746 813 1809; x_wconf 89' lang='lat' dir='ltr'><strong>circulum</strong></span> 
     </span>
     <span class='ocr_line' id='line_1_17' title="bbox 81 1832 810 1917; baseline 0.001 -21"><span class='ocrx_word' id='word_1_106' title='bbox 81 1832 477 1915; x_wconf 80' lang='lat' dir='ltr'><strong>perlectumpermeasset.</strong></span> <span class='ocrx_word' id='word_1_107' title='bbox 523 1833 593 1899; x_wconf 87' lang='lat' dir='ltr'><strong>Jam</strong></span> <span class='ocrx_word' id='word_1_108' title='bbox 619 1854 707 1906; x_wconf 88' lang='lat' dir='ltr'><strong>vero,</strong></span> <span class='ocrx_word' id='word_1_109' title='bbox 739 1834 810 1917; x_wconf 88' lang='lat' dir='ltr'><strong>qnia</strong></span> 
     </span>
     <span class='ocr_line' id='line_1_18' title="bbox 80 1922 1446 2011; baseline 0.008 -25"><span class='ocrx_word' id='word_1_110' title='bbox 80 1924 134 1986; x_wconf 87' lang='lat' dir='ltr'><strong>hoe</strong></span> <span class='ocrx_word' id='word_1_111' title='bbox 158 1941 225 1985; x_wconf 90' lang='lat' dir='ltr'><strong>non</strong></span> <span class='ocrx_word' id='word_1_112' title='bbox 249 1922 305 1997; x_wconf 88' lang='lat' dir='ltr'><strong>fit,</strong></span> <span class='ocrx_word' id='word_1_113' title='bbox 340 1942 399 1985; x_wconf 93' lang='lat' dir='ltr'><strong>non</strong></span> <span class='ocrx_word' id='word_1_114' title='bbox 432 1922 514 1997; x_wconf 77' lang='lat' dir='ltr'><strong>euim¹</strong></span> <span class='ocrx_word' id='word_1_115' title='bbox 533 1922 637 1987; x_wconf 85' lang='lat' dir='ltr'><strong>INKO</strong></span> <span class='ocrx_word' id='word_1_116' title='bbox 661 1924 742 1987; x_wconf 85' lang='lat' dir='ltr'><strong>viem</strong></span> <span class='ocrx_word' id='word_1_117' title='bbox 773 1930 918 2005; x_wconf 84' lang='lat' dir='ltr'><strong>permeat,</strong></span> <span class='ocrx_word' id='word_1_118' title='bbox 954 1922 1009 1987; x_wconf 87' lang='lat' dir='ltr'><strong>sed</strong></span> <span class='ocrx_word' id='word_1_119' title='bbox 1031 1924 1150 2003; x_wconf 70' lang='lat' dir='ltr'><strong>ILKM,</strong></span> <span class='ocrx_word' id='word_1_120' title='bbox 1175 1934 1207 1989; x_wconf 90' lang='lat' dir='ltr'><strong>et</strong></span> <span class='ocrx_word' id='word_1_121' title='bbox 1229 1946 1299 1992; x_wconf 90' lang='lat' dir='ltr'><strong>vere</strong></span> <span class='ocrx_word' id='word_1_122' title='bbox 1323 1930 1446 2011; x_wconf 84' lang='lat' dir='ltr'><strong>plenum</strong></span> 
     </span>
     <span class='ocr_line' id='line_1_19' title="bbox 80 2012 1444 2097; baseline 0.005 -20"><span class='ocrx_word' id='word_1_123' title='bbox 80 2012 209 2077; x_wconf 87' lang='lat' dir='ltr'><strong>metitur</strong></span> <span class='ocrx_word' id='word_1_124' title='bbox 232 2020 365 2093; x_wconf 86' lang='lat' dir='ltr'><strong>tempus,</strong></span> <span class='ocrx_word' id='word_1_125' title='bbox 390 2012 458 2075; x_wconf 93' lang='lat' dir='ltr'><strong>ideo</strong></span> <span class='ocrx_word' id='word_1_126' title='bbox 472 2013 561 2076; x_wconf 88' lang='lat' dir='ltr'><strong>eitius</strong></span> <span class='ocrx_word' id='word_1_127' title='bbox 585 2014 666 2076; x_wconf 87' lang='lat' dir='ltr'><strong>eirca</strong></span> <span class='ocrx_word' id='word_1_128' title='bbox 680 2013 783 2077; x_wconf 90' lang='lat' dir='ltr'><strong>Solem</strong></span> <span class='ocrx_word' id='word_1_129' title='bbox 806 2014 933 2077; x_wconf 86' lang='lat' dir='ltr'><strong>vertitur</strong></span> <span class='ocrx_word' id='word_1_130' title='bbox 947 2020 974 2085; x_wconf 78' lang='lat' dir='ltr'><strong>d</strong></span> <span class='ocrx_word' id='word_1_131' title='bbox 988 2032 1077 2094; x_wconf 87' lang='lat' dir='ltr'><strong>quam</strong></span> <span class='ocrx_word' id='word_1_132' title='bbox 1101 2014 1265 2097; x_wconf 86' lang='lat' dir='ltr'><strong>epicycluru</strong></span> <span class='ocrx_word' id='word_1_133' title='bbox 1294 2018 1444 2096; x_wconf 87' lang='lat' dir='ltr'><strong>absolvet,</strong></span> 
     </span>
     <span class='ocr_line' id='line_1_20' title="bbox 80 2100 1444 2187; baseline 0.004 -22"><span class='ocrx_word' id='word_1_134' title='bbox 80 2102 168 2165; x_wconf 88' lang='lat' dir='ltr'><strong>citius</strong></span> <span class='ocrx_word' id='word_1_135' title='bbox 196 2121 292 2183; x_wconf 80' lang='lat' dir='ltr'><strong>quem</strong></span> <span class='ocrx_word' id='word_1_136' title='bbox 315 2101 342 2163; x_wconf 88' lang='lat' dir='ltr'><strong>si</strong></span> <span class='ocrx_word' id='word_1_137' title='bbox 365 2100 395 2165; x_wconf 93' lang='lat' dir='ltr'><strong>iu</strong></span> <span class='ocrx_word' id='word_1_138' title='bbox 419 2100 526 2167; x_wconf 83' lang='lat' dir='ltr'><strong>lNKO.</strong></span> <span class='ocrx_word' id='word_1_139' title='bbox 546 2102 742 2167; x_wconf 80' lang='lat' dir='ltr'><strong>circumisset.</strong></span> <span class='ocrx_word' id='word_1_140' title='bbox 791 2100 857 2177; x_wconf 88' lang='lat' dir='ltr'><strong>Quo</strong></span> <span class='ocrx_word' id='word_1_141' title='bbox 889 2103 968 2167; x_wconf 91' lang='lat' dir='ltr'><strong>enim</strong></span> <span class='ocrx_word' id='word_1_142' title='bbox 994 2104 1116 2184; x_wconf 85' lang='lat' dir='ltr'><strong>propior</strong></span> <span class='ocrx_word' id='word_1_143' title='bbox 1139 2103 1205 2169; x_wconf 86' lang='lat' dir='ltr'><strong>Soli</strong></span> <span class='ocrx_word' id='word_1_144' title='bbox 1229 2106 1285 2171; x_wconf 89' lang='lat' dir='ltr'><strong>hoo</strong></span> <span class='ocrx_word' id='word_1_145' title='bbox 1309 2109 1444 2187; x_wconf 86' lang='lat' dir='ltr'><strong>celerior,</strong></span> 
     </span>
     <span class='ocr_line' id='line_1_21' title="bbox 80 2190 1446 2277; baseline 0.007 -23"><span class='ocrx_word' id='word_1_146' title='bbox 80 2190 205 2273; x_wconf 83' lang='lat' dir='ltr'><strong>propior</strong></span> <span class='ocrx_word' id='word_1_147' title='bbox 234 2198 342 2253; x_wconf 86' lang='lat' dir='ltr'><strong>antem</strong></span> <span class='ocrx_word' id='word_1_148' title='bbox 371 2190 401 2253; x_wconf 90' lang='lat' dir='ltr'><strong>in</strong></span> <span class='ocrx_word' id='word_1_149' title='bbox 434 2190 604 2275; x_wconf 82' lang='lat' dir='ltr'><strong>uuiversum</strong></span> <span class='ocrx_word' id='word_1_150' title='bbox 632 2192 663 2255; x_wconf 91' lang='lat' dir='ltr'><strong>iu</strong></span> <span class='ocrx_word' id='word_1_151' title='bbox 693 2190 810 2257; x_wconf 88' lang='lat' dir='ltr'><strong>ILKM.</strong></span> <span class='ocrx_word' id='word_1_152' title='bbox 857 2191 940 2273; x_wconf 88' lang='lat' dir='ltr'><strong>Ergo</strong></span> <span class='ocrx_word' id='word_1_153' title='bbox 973 2192 1067 2264; x_wconf 76' lang='lat' dir='ltr'><strong>aiod</strong></span> <span class='ocrx_word' id='word_1_154' title='bbox 1099 2194 1223 2275; x_wconf 87' lang='lat' dir='ltr'><strong>capiens</strong></span> <span class='ocrx_word' id='word_1_155' title='bbox 1254 2196 1331 2277; x_wconf 85' lang='lat' dir='ltr'><strong>inl</strong></span> <span class='ocrx_word' id='word_1_156' title='bbox 1362 2207 1392 2260; x_wconf 90' lang='lat' dir='ltr'><strong>et</strong></span> <span class='ocrx_word' id='word_1_157' title='bbox 1415 2200 1446 2263; x_wconf 90' lang='lat' dir='ltr'>K</span> 
     </span>
     <span class='ocr_line' id='line_1_22' title="bbox 79 2272 1445 2364; baseline 0.005 -21"><span class='ocrx_word' id='word_1_158' title='bbox 79 2279 241 2363; x_wconf 83' lang='lat' dir='ltr'><strong>principiis</strong></span> <span class='ocrx_word' id='word_1_159' title='bbox 276 2280 392 2360; x_wconf 90' lang='lat' dir='ltr'><strong>periodi</strong></span> <span class='ocrx_word' id='word_1_160' title='bbox 425 2272 628 2361; x_wconf 84' lang='lat' dir='ltr'><strong>conjecturam</strong></span> <span class='ocrx_word' id='word_1_161' title='bbox 661 2282 827 2345; x_wconf 85' lang='lat' dir='ltr'><strong>celeritatis</strong></span> <span class='ocrx_word' id='word_1_162' title='bbox 851 2300 890 2343; x_wconf 88' lang='lat' dir='ltr'><strong>ex</strong></span> <span class='ocrx_word' id='word_1_163' title='bbox 911 2282 965 2357; x_wconf 90' lang='lat' dir='ltr'><strong>HI,</strong></span> <span class='ocrx_word' id='word_1_164' title='bbox 990 2280 1061 2356; x_wconf 86' lang='lat' dir='ltr'><strong>HK,</strong></span> <span class='ocrx_word' id='word_1_165' title='bbox 1095 2285 1181 2364; x_wconf 87' lang='lat' dir='ltr'><strong>qnasi</strong></span> <span class='ocrx_word' id='word_1_166' title='bbox 1209 2292 1293 2347; x_wconf 87' lang='lat' dir='ltr'><strong>totns</strong></span> <span class='ocrx_word' id='word_1_167' title='bbox 1316 2286 1445 2351; x_wconf 88' lang='lat' dir='ltr'><strong>circulus</strong></span> 
     </span>
     <span class='ocr_line' id='line_1_23' title="bbox 79 2368 1445 2457; baseline 0.006 -24"><span class='ocrx_word' id='word_1_168' title='bbox 79 2371 119 2433; x_wconf 83' lang='lat' dir='ltr'><strong>eit</strong></span> <span class='ocrx_word' id='word_1_169' title='bbox 140 2370 285 2445; x_wconf 80' lang='lat' dir='ltr'><strong>iuturus,</strong></span> <span class='ocrx_word' id='word_1_170' title='bbox 319 2370 436 2432; x_wconf 88' lang='lat' dir='ltr'><strong>tardius</strong></span> <span class='ocrx_word' id='word_1_171' title='bbox 466 2368 549 2432; x_wconf 91' lang='lat' dir='ltr'><strong>veuit</strong></span> <span class='ocrx_word' id='word_1_172' title='bbox 572 2372 611 2433; x_wconf 92' lang='lat' dir='ltr'><strong>ad</strong></span> <span class='ocrx_word' id='word_1_173' title='bbox 634 2371 752 2435; x_wconf 88' lang='lat' dir='ltr'><strong>initium</strong></span> <span class='ocrx_word' id='word_1_174' title='bbox 776 2371 873 2433; x_wconf 87' lang='lat' dir='ltr'><strong>etsie</strong></span> <span class='ocrx_word' id='word_1_175' title='bbox 898 2389 1064 2451; x_wconf 78' lang='lat' dir='ltr'><strong>apogaeum</strong></span> <span class='ocrx_word' id='word_1_176' title='bbox 1094 2382 1296 2453; x_wconf 89' lang='lat' dir='ltr'><strong>promovetur.</strong></span> <span class='ocrx_word' id='word_1_177' title='bbox 1341 2376 1445 2457; x_wconf 88' lang='lat' dir='ltr'><strong>Atque</strong></span> 
     </span>
     <span class='ocr_line' id='line_1_24' title="bbox 79 2460 1444 2543; baseline 0.005 -20"><span class='ocrx_word' id='word_1_178' title='bbox 79 2460 153 2523; x_wconf 83' lang='lat' dir='ltr'><strong>haec</strong></span> <span class='ocrx_word' id='word_1_179' title='bbox 178 2478 281 2521; x_wconf 85' lang='lat' dir='ltr'><strong>cansa</strong></span> <span class='ocrx_word' id='word_1_180' title='bbox 305 2466 382 2535; x_wconf 85' lang='lat' dir='ltr'><strong>esto,</strong></span> <span class='ocrx_word' id='word_1_181' title='bbox 407 2479 460 2521; x_wconf 91' lang='lat' dir='ltr'><strong>cnr</strong></span> <span class='ocrx_word' id='word_1_182' title='bbox 482 2460 582 2524; x_wconf 87' lang='lat' dir='ltr'><strong>omnia</strong></span> <span class='ocrx_word' id='word_1_183' title='bbox 604 2461 794 2541; x_wconf 85' lang='lat' dir='ltr'><strong>planetarum</strong></span> <span class='ocrx_word' id='word_1_184' title='bbox 817 2478 954 2541; x_wconf 88' lang='lat' dir='ltr'><strong>apogaea</strong></span> <span class='ocrx_word' id='word_1_185' title='bbox 971 2460 1002 2522; x_wconf 92' lang='lat' dir='ltr'><strong>iu</strong></span> <span class='ocrx_word' id='word_1_186' title='bbox 1020 2462 1235 2543; x_wconf 83' lang='lat' dir='ltr'><strong>consequentia</strong></span> <span class='ocrx_word' id='word_1_187' title='bbox 1258 2473 1444 2530; x_wconf 83' lang='lat' dir='ltr'><strong>moveantur.</strong></span> 
     </span>
     <span class='ocr_line' id='line_1_25' title="bbox 77 2548 1445 2635; baseline 0.005 -23"><span class='ocrx_word' id='word_1_188' title='bbox 77 2549 157 2613; x_wconf 87' lang='lat' dir='ltr'><strong>Ecce</strong></span> <span class='ocrx_word' id='word_1_189' title='bbox 183 2568 281 2630; x_wconf 85' lang='lat' dir='ltr'><strong>quam</strong></span> <span class='ocrx_word' id='word_1_190' title='bbox 305 2548 434 2611; x_wconf 72' lang='lat' dir='ltr'><strong>feliciter</strong></span> <span class='ocrx_word' id='word_1_191' title='bbox 456 2548 668 2629; x_wconf 67' lang='lat' dir='ltr'><strong>pugnaverim</strong></span> <span class='ocrx_word' id='word_1_192' title='bbox 693 2550 790 2613; x_wconf 89' lang='lat' dir='ltr'><strong>credis</strong></span> <span class='ocrx_word' id='word_1_193' title='bbox 817 2556 869 2622; x_wconf 93' lang='lat' dir='ltr'><strong>tn,</strong></span> <span class='ocrx_word' id='word_1_194' title='bbox 907 2568 954 2611; x_wconf 91' lang='lat' dir='ltr'><strong>me</strong></span> <span class='ocrx_word' id='word_1_195' title='bbox 982 2548 1117 2611; x_wconf 83' lang='lat' dir='ltr'><strong>vicisse?</strong></span> <span class='ocrx_word' id='word_1_196' title='bbox 1153 2551 1235 2613; x_wconf 88' lang='lat' dir='ltr'><strong>Sane</strong></span> <span class='ocrx_word' id='word_1_197' title='bbox 1265 2553 1445 2635; x_wconf 87' lang='lat' dir='ltr'><strong>triumphum</strong></span> 
     </span>
     <span class='ocr_line' id='line_1_26' title="bbox 79 2637 1447 2723; baseline 0.004 -21"><span class='ocrx_word' id='word_1_198' title='bbox 79 2656 243 2711; x_wconf 84' lang='lat' dir='ltr'><strong>canerem,</strong></span> <span class='ocrx_word' id='word_1_199' title='bbox 277 2637 417 2701; x_wconf 86' lang='lat' dir='ltr'><strong>nisime</strong></span> <span class='ocrx_word' id='word_1_200' title='bbox 448 2646 585 2701; x_wconf 89' lang='lat' dir='ltr'><strong>moveret</strong></span> <span class='ocrx_word' id='word_1_201' title='bbox 613 2639 799 2723; x_wconf 76' lang='lat' dir='ltr'><strong>proportio·</strong></span> <span class='ocrx_word' id='word_1_202' title='bbox 823 2638 904 2701; x_wconf 87' lang='lat' dir='ltr'><strong>Nem</strong></span> <span class='ocrx_word' id='word_1_203' title='bbox 933 2637 1012 2711; x_wconf 74' lang='lat' dir='ltr'><strong>ind</strong></span> <span class='ocrx_word' id='word_1_204' title='bbox 1045 2640 1122 2717; x_wconf 63' lang='lat' dir='ltr'><strong>etb</strong></span> <span class='ocrx_word' id='word_1_205' title='bbox 1154 2642 1363 2704; x_wconf 82' lang='lat' dir='ltr'><strong>eccentrieitas</strong></span> <span class='ocrx_word' id='word_1_206' title='bbox 1398 2652 1447 2709; x_wconf 87' lang='lat' dir='ltr'><strong>est</strong></span> 
     </span>
     <span class='ocr_line' id='line_1_27' title="bbox 77 2726 1460 2814; baseline 0.003 -20"><span class='ocrx_word' id='word_1_207' title='bbox 77 2728 235 2804; x_wconf 76' lang='lat' dir='ltr'><strong>maxima,</strong></span> <span class='ocrx_word' id='word_1_208' title='bbox 269 2726 549 2808; x_wconf 79' lang='lat' dir='ltr'><strong>celerrime=igitur</strong></span> <span class='ocrx_word' id='word_1_209' title='bbox 571 2727 672 2809; x_wconf 87' lang='lat' dir='ltr'><strong>eliqua</strong></span> <span class='ocrx_word' id='word_1_210' title='bbox 698 2728 847 2810; x_wconf 88' lang='lat' dir='ltr'><strong>particula</strong></span> <span class='ocrx_word' id='word_1_211' title='bbox 870 2727 985 2808; x_wconf 88' lang='lat' dir='ltr'><strong>periodi</strong></span> <span class='ocrx_word' id='word_1_212' title='bbox 1018 2728 1213 2793; x_wconf 84' lang='lat' dir='ltr'><strong>conficeretur</strong></span> <span class='ocrx_word' id='word_1_213' title='bbox 1236 2731 1274 2792; x_wconf 89' lang='lat' dir='ltr'><strong>ab</strong></span> <span class='ocrx_word' id='word_1_214' title='bbox 1299 2752 1460 2814; x_wconf 55' lang='lat' dir='ltr'><strong>epogeeo„</strong></span> 
     </span>
     <span class='ocr_line' id='line_1_28' title="bbox 78 2815 1445 2900; baseline 0.004 -18"><span class='ocrx_word' id='word_1_215' title='bbox 78 2817 160 2883; x_wconf 86' lang='lat' dir='ltr'><strong>Solis</strong></span> <span class='ocrx_word' id='word_1_216' title='bbox 187 2836 362 2900; x_wconf 77' lang='lat' dir='ltr'><strong>apogaeum</strong></span> <span class='ocrx_word' id='word_1_217' title='bbox 386 2818 592 2890; x_wconf 86' lang='lat' dir='ltr'><strong>tardissimum</strong></span> <span class='ocrx_word' id='word_1_218' title='bbox 615 2825 707 2882; x_wconf 87' lang='lat' dir='ltr'><strong>esset.</strong></span> <span class='ocrx_word' id='word_1_219' title='bbox 753 2819 791 2882; x_wconf 90' lang='lat' dir='ltr'><strong>Id</strong></span> <span class='ocrx_word' id='word_1_220' title='bbox 814 2818 933 2881; x_wconf 88' lang='lat' dir='ltr'><strong>falsum.</strong></span> <span class='ocrx_word' id='word_1_221' title='bbox 971 2815 1119 2885; x_wconf 88' lang='lat' dir='ltr'><strong>Ducentis</strong></span> <span class='ocrx_word' id='word_1_222' title='bbox 1143 2820 1205 2883; x_wconf 85' lang='lat' dir='ltr'><strong>fere</strong></span> <span class='ocrx_word' id='word_1_223' title='bbox 1230 2823 1316 2884; x_wconf 86' lang='lat' dir='ltr'><strong>annis</strong></span> <span class='ocrx_word' id='word_1_224' title='bbox 1340 2825 1445 2888; x_wconf 83' lang='lat' dir='ltr'><strong>absol-</strong></span> 
     </span>
     <span class='ocr_line' id='line_1_29' title="bbox 78 2905 1446 2992; baseline 0.008 -26"><span class='ocrx_word' id='word_1_225' title='bbox 78 2915 204 2970; x_wconf 85' lang='lat' dir='ltr'><strong>veretur</strong></span> <span class='ocrx_word' id='word_1_226' title='bbox 237 2905 382 2987; x_wconf 87' lang='lat' dir='ltr'><strong>periodus</strong></span> <span class='ocrx_word' id='word_1_227' title='bbox 415 2906 541 2988; x_wconf 87' lang='lat' dir='ltr'><strong>apogaei</strong></span> <span class='ocrx_word' id='word_1_228' title='bbox 566 2915 600 2978; x_wconf 77' lang='lat'><strong>0¹,</strong></span> <span class='ocrx_word' id='word_1_229' title='bbox 626 2908 696 2990; x_wconf 91' lang='lat' dir='ltr'><strong>quia</strong></span> <span class='ocrx_word' id='word_1_230' title='bbox 718 2906 934 2970; x_wconf 84' lang='lat' dir='ltr'>ILKNIOKM</span> <span class='ocrx_word' id='word_1_231' title='bbox 957 2915 1005 2970; x_wconf 86' lang='lat' dir='ltr'><strong>est</strong></span> <span class='ocrx_word' id='word_1_232' title='bbox 1028 2907 1091 2970; x_wconf 85' lang='lat' dir='ltr'><strong>fere</strong></span> <span class='ocrx_word' id='word_1_233' title='bbox 1123 2911 1291 2973; x_wconf 88' lang='lat' dir='ltr'><strong>centesima</strong></span> <span class='ocrx_word' id='word_1_234' title='bbox 1313 2932 1384 2992; x_wconf 88' lang='lat' dir='ltr'><strong>pars</strong></span> <span class='ocrx_word' id='word_1_235' title='bbox 1409 2917 1446 2977; x_wconf 92' lang='lat' dir='ltr'><strong>de</strong></span> 
     </span>
     <span class='ocr_line' id='line_1_30' title="bbox 77 2993 1445 3082; baseline 0.002 -18"><span class='ocrx_word' id='word_1_236' title='bbox 77 2993 198 3064; x_wconf 82' lang='lat' dir='ltr'><strong>INKO.</strong></span> <span class='ocrx_word' id='word_1_237' title='bbox 247 2995 376 3058; x_wconf 86' lang='lat' dir='ltr'><strong>Maneat</strong></span> <span class='ocrx_word' id='word_1_238' title='bbox 402 2995 494 3078; x_wconf 85' lang='lat' dir='ltr'><strong>igitur</strong></span> <span class='ocrx_word' id='word_1_239' title='bbox 521 2995 598 3060; x_wconf 89' lang='lat' dir='ltr'><strong>haec</strong></span> <span class='ocrx_word' id='word_1_240' title='bbox 620 2997 658 3060; x_wconf 86' lang='lat' dir='ltr'><strong>lis</strong></span> <span class='ocrx_word' id='word_1_241' title='bbox 681 2997 737 3058; x_wconf 90' lang='lat' dir='ltr'><strong>sub</strong></span> <span class='ocrx_word' id='word_1_242' title='bbox 765 2997 879 3078; x_wconf 88' lang='lat' dir='ltr'><strong>judice.</strong></span> <span class='ocrx_word' id='word_1_243' title='bbox 927 2993 989 3059; x_wconf 85' lang='lat' dir='ltr'><strong>Sed</strong></span> <span class='ocrx_word' id='word_1_244' title='bbox 1013 2997 1148 3060; x_wconf 89' lang='lat' dir='ltr'><strong>adrem.</strong></span> <span class='ocrx_word' id='word_1_245' title='bbox 1197 2995 1274 3064; x_wconf 82' lang='lat' dir='ltr'><strong>Cum</strong></span> <span class='ocrx_word' id='word_1_246' title='bbox 1297 3001 1389 3082; x_wconf 90' lang='lat' dir='ltr'><strong>igitur</strong></span> <span class='ocrx_word' id='word_1_247' title='bbox 1412 3014 1445 3067; x_wconf 91' lang='lat' dir='ltr'><strong>ut</strong></span> 
     </span>
     <span class='ocr_line' id='line_1_31' title="bbox 77 3084 1442 3172; baseline 0.002 -20"><span class='ocrx_word' id='word_1_248' title='bbox 77 3089 204 3170; x_wconf 81' lang='lat' dir='ltr'><strong>planum</strong></span> <span class='ocrx_word' id='word_1_249' title='bbox 227 3085 341 3148; x_wconf 89' lang='lat' dir='ltr'>ILKM</span> <span class='ocrx_word' id='word_1_250' title='bbox 363 3085 408 3148; x_wconf 88' lang='lat' dir='ltr'><strong>sic</strong></span> <span class='ocrx_word' id='word_1_251' title='bbox 431 3093 569 3168; x_wconf 88' lang='lat' dir='ltr'><strong>tempora</strong></span> <span class='ocrx_word' id='word_1_252' title='bbox 591 3085 746 3168; x_wconf 89' lang='lat' dir='ltr'><strong>periodica</strong></span> <span class='ocrx_word' id='word_1_253' title='bbox 769 3084 855 3168; x_wconf 91' lang='lat' dir='ltr'><strong>(qnia</strong></span> <span class='ocrx_word' id='word_1_254' title='bbox 878 3103 981 3147; x_wconf 91' lang='lat' dir='ltr'><strong>omnes</strong></span> <span class='ocrx_word' id='word_1_255' title='bbox 1010 3086 1175 3149; x_wconf 82' lang='lat' dir='ltr'><strong>distantiae</strong></span> <span class='ocrx_word' id='word_1_256' title='bbox 1205 3098 1276 3151; x_wconf 89' lang='lat' dir='ltr'><strong>suut</strong></span> <span class='ocrx_word' id='word_1_257' title='bbox 1299 3090 1329 3153; x_wconf 92' lang='lat' dir='ltr'><strong>in</strong></span> <span class='ocrx_word' id='word_1_258' title='bbox 1352 3092 1442 3172; x_wconf 84' lang='lat' dir='ltr'><strong>pleno</strong></span> 
     </span>
     <span class='ocr_line' id='line_1_32' title="bbox 78 3173 1443 3260; baseline 0.002 -20"><span class='ocrx_word' id='word_1_259' title='bbox 78 3177 202 3252; x_wconf 78' lang='lat' dir='ltr'><strong>drculi)</strong></span> <span class='ocrx_word' id='word_1_260' title='bbox 227 3175 454 3238; x_wconf 87' lang='lat' dir='ltr'><strong>accumulentur</strong></span> <span class='ocrx_word' id='word_1_261' title='bbox 476 3176 507 3237; x_wconf 92' lang='lat' dir='ltr'><strong>in</strong></span> <span class='ocrx_word' id='word_1_262' title='bbox 520 3175 546 3248; x_wconf 91' lang='lat'><strong>1,</strong></span> <span class='ocrx_word' id='word_1_263' title='bbox 559 3175 600 3251; x_wconf 87' lang='grc' dir='ltr'><strong>Κ,</strong></span> <span class='ocrx_word' id='word_1_264' title='bbox 625 3193 761 3256; x_wconf 84' lang='lat' dir='ltr'><strong>apogaeo</strong></span> <span class='ocrx_word' id='word_1_265' title='bbox 785 3182 816 3236; x_wconf 89' lang='lat' dir='ltr'><strong>et</strong></span> <span class='ocrx_word' id='word_1_266' title='bbox 832 3173 986 3256; x_wconf 87' lang='lat' dir='ltr'><strong>perigaeo,</strong></span> <span class='ocrx_word' id='word_1_267' title='bbox 1010 3180 1042 3238; x_wconf 86' lang='lat' dir='ltr'><strong>et</strong></span> <span class='ocrx_word' id='word_1_268' title='bbox 1065 3174 1268 3241; x_wconf 85' lang='lat' dir='ltr'><strong>diminuantur</strong></span> <span class='ocrx_word' id='word_1_269' title='bbox 1290 3179 1319 3240; x_wconf 93' lang='lat' dir='ltr'><strong>in</strong></span> <span class='ocrx_word' id='word_1_270' title='bbox 1343 3181 1443 3260; x_wconf 87' lang='lat' dir='ltr'><strong>longi-</strong></span> 
     </span>
    </p>

    <p class='ocr_par' dir='ltr' id='par_1_12' title="bbox 8 3262 1443 3348">
     <span class='ocr_line' id='line_1_33' title="bbox 8 3262 1443 3348; baseline -0.001 -14"><span class='ocrx_word' id='word_1_271' title='bbox 8 3297 10 3334; x_wconf 66' lang='lat' dir='ltr'><strong>r</strong></span> <span class='ocrx_word' id='word_1_272' title='bbox 79 3263 240 3331; x_wconf 87' lang='lat' dir='ltr'><strong>tudiuibus</strong></span> <span class='ocrx_word' id='word_1_273' title='bbox 264 3263 382 3340; x_wconf 87' lang='lat' dir='ltr'><strong>mediis,</strong></span> <span class='ocrx_word' id='word_1_274' title='bbox 408 3283 498 3347; x_wconf 86' lang='lat' dir='ltr'><strong>qnare</strong></span> <span class='ocrx_word' id='word_1_275' title='bbox 522 3263 549 3326; x_wconf 89' lang='lat' dir='ltr'><strong>si</strong></span> <span class='ocrx_word' id='word_1_276' title='bbox 573 3273 670 3329; x_wconf 91' lang='lat' dir='ltr'><strong>totum</strong></span> <span class='ocrx_word' id='word_1_277' title='bbox 693 3272 811 3343; x_wconf 85' lang='lat' dir='ltr'><strong>tempus</strong></span> <span class='ocrx_word' id='word_1_278' title='bbox 838 3262 1023 3344; x_wconf 89' lang='lat' dir='ltr'><strong>periodicum</strong></span> <span class='ocrx_word' id='word_1_279' title='bbox 1053 3263 1220 3328; x_wconf 88' lang='lat' dir='ltr'><strong>dividamus</strong></span> <span class='ocrx_word' id='word_1_280' title='bbox 1243 3285 1298 3347; x_wconf 91' lang='lat' dir='ltr'><strong>per</strong></span> <span class='ocrx_word' id='word_1_281' title='bbox 1320 3269 1443 3348; x_wconf 89' lang='lat' dir='ltr'><strong>planum</strong></span> 
     </span>
    </p>

    <p class='ocr_par' dir='ltr' id='par_1_13' title="bbox 9 3341 1442 3438">
     <span class='ocr_line' id='line_1_34' title="bbox 9 3341 1442 3438; baseline 0.003 -22"><span class='ocrx_word' id='word_1_282' title='bbox 9 3341 10 3416; x_wconf 66' lang='lat' dir='ltr'>J</span> <span class='ocrx_word' id='word_1_283' title='bbox 79 3355 205 3430; x_wconf 87' lang='lat' dir='ltr'><strong>circuli,</strong></span> <span class='ocrx_word' id='word_1_284' title='bbox 231 3353 369 3436; x_wconf 89' lang='lat' dir='ltr'><strong>prodibit</strong></span> <span class='ocrx_word' id='word_1_285' title='bbox 391 3347 477 3416; x_wconf 80' lang='lat' dir='ltr'><strong>valor</strong></span> <span class='ocrx_word' id='word_1_286' title='bbox 500 3353 614 3431; x_wconf 87' lang='lat' dir='ltr'><strong>lineae,</strong></span> <span class='ocrx_word' id='word_1_287' title='bbox 648 3373 723 3436; x_wconf 91' lang='lat' dir='ltr'><strong>qnae</strong></span> <span class='ocrx_word' id='word_1_288' title='bbox 751 3353 847 3416; x_wconf 88' lang='lat' dir='ltr'><strong>minor</strong></span> <span class='ocrx_word' id='word_1_289' title='bbox 870 3359 919 3414; x_wconf 90' lang='lat' dir='ltr'><strong>eet</strong></span> <span class='ocrx_word' id='word_1_290' title='bbox 946 3372 1036 3434; x_wconf 89' lang='lat' dir='ltr'><strong>quam</strong></span> <span class='ocrx_word' id='word_1_291' title='bbox 1058 3353 1117 3436; x_wconf 84' lang='grc' dir='ltr'><strong>ΡΙ,</strong></span> <span class='ocrx_word' id='word_1_292' title='bbox 1149 3354 1245 3434; x_wconf 85' lang='lat' dir='ltr'><strong>major</strong></span> <span class='ocrx_word' id='word_1_293' title='bbox 1267 3377 1358 3438; x_wconf 88' lang='lat' dir='ltr'><strong>quam</strong></span> <span class='ocrx_word' id='word_1_294' title='bbox 1380 3359 1442 3421; x_wconf 88' lang='lat' dir='ltr'><strong>PL.</strong></span> 
     </span>
    </p>

    <p class='ocr_par' dir='ltr' id='par_1_14' title="bbox 9 3439 1445 3526">
     <span class='ocr_line' id='line_1_35' title="bbox 9 3439 1445 3526; baseline 0.001 -16"><span class='ocrx_word' id='word_1_295' title='bbox 9 3483 10 3520; x_wconf 69' lang='lat'>5</span> <span class='ocrx_word' id='word_1_296' title='bbox 79 3439 265 3526; x_wconf 85' lang='lat' dir='ltr'><strong>Priusquam</strong></span> <span class='ocrx_word' id='word_1_297' title='bbox 287 3444 345 3506; x_wconf 90' lang='lat' dir='ltr'><strong>hoc</strong></span> <span class='ocrx_word' id='word_1_298' title='bbox 367 3453 534 3524; x_wconf 62' lang='lat' dir='ltr'><strong>pateram,</strong></span> <span class='ocrx_word' id='word_1_299' title='bbox 559 3450 678 3524; x_wconf 86' lang='lat' dir='ltr'><strong>oportet</strong></span> <span class='ocrx_word' id='word_1_300' title='bbox 701 3442 814 3525; x_wconf 89' lang='lat' dir='ltr'><strong>aliquid</strong></span> <span class='ocrx_word' id='word_1_301' title='bbox 838 3441 1037 3523; x_wconf 86' lang='lat' dir='ltr'><strong>interponere.</strong></span> <span class='ocrx_word' id='word_1_302' title='bbox 1075 3442 1163 3506; x_wconf 88' lang='lat' dir='ltr'><strong>Prius</strong></span> <span class='ocrx_word' id='word_1_303' title='bbox 1187 3444 1266 3508; x_wconf 88' lang='lat' dir='ltr'><strong>enim</strong></span> <span class='ocrx_word' id='word_1_304' title='bbox 1289 3468 1309 3508; x_wconf 89' lang='lat' dir='ltr'><strong>a</strong></span> <span class='ocrx_word' id='word_1_305' title='bbox 1331 3445 1445 3512; x_wconf 84' lang='lat' dir='ltr'><strong>vicaria</strong></span> 
     </span>
    </p>

    <p class='ocr_par' dir='ltr' id='par_1_15' title="bbox 8 3521 1443 3620">
     <span class='ocr_line' id='line_1_36' title="bbox 8 3521 1443 3620; baseline 0.001 -22"><span class='ocrx_word' id='word_1_306' title='bbox 8 3521 10 3612; x_wconf 91' lang='grc' dir='ltr'>Ξ</span> <span class='ocrx_word' id='word_1_307' title='bbox 78 3533 248 3620; x_wconf 77' lang='lat' dir='ltr'><strong>hypothesi</strong></span> <span class='ocrx_word' id='word_1_308' title='bbox 271 3532 302 3596; x_wconf 90' lang='lat' dir='ltr'><strong>iu</strong></span> <span class='ocrx_word' id='word_1_309' title='bbox 331 3533 500 3613; x_wconf 87' lang='lat' dir='ltr'><strong>perfectum</strong></span> <span class='ocrx_word' id='word_1_310' title='bbox 533 3533 725 3604; x_wconf 64' lang='lat' dir='ltr'><strong>circulum&amp;</strong></span> <span class='ocrx_word' id='word_1_311' title='bbox 757 3538 928 3613; x_wconf 90' lang='lat' dir='ltr'><strong>motumque</strong></span> <span class='ocrx_word' id='word_1_312' title='bbox 961 3531 1135 3614; x_wconf 81' lang='lat' dir='ltr'><strong>physicum,</strong></span> <span class='ocrx_word' id='word_1_313' title='bbox 1168 3533 1237 3596; x_wconf 91' lang='lat' dir='ltr'><strong>inde</strong></span> <span class='ocrx_word' id='word_1_314' title='bbox 1262 3556 1281 3597; x_wconf 89' lang='lat' dir='ltr'><strong>a</strong></span> <span class='ocrx_word' id='word_1_315' title='bbox 1308 3538 1443 3616; x_wconf 85' lang='lat' dir='ltr'><strong>perfeeto</strong></span> 
     </span>
    </p>

    <p class='ocr_par' dir='ltr' id='par_1_16' title="bbox 8 3620 1474 4972">
     <span class='ocr_line' id='line_1_37' title="bbox 8 3620 1444 3709; baseline 0 -19"><span class='ocrx_word' id='word_1_316' title='bbox 8 3627 10 3664; x_wconf 72' lang='lat'>²</span> <span class='ocrx_word' id='word_1_317' title='bbox 79 3625 191 3690; x_wconf 88' lang='lat' dir='ltr'><strong>circulo</strong></span> <span class='ocrx_word' id='word_1_318' title='bbox 216 3623 250 3684; x_wconf 94' lang='lat' dir='ltr'><strong>in</strong></span> <span class='ocrx_word' id='word_1_319' title='bbox 273 3641 377 3688; x_wconf 84' lang='lat' dir='ltr'><strong>veram</strong></span> <span class='ocrx_word' id='word_1_320' title='bbox 400 3621 588 3686; x_wconf 86' lang='lat' dir='ltr'><strong>deficientem</strong></span> <span class='ocrx_word' id='word_1_321' title='bbox 611 3644 630 3684; x_wconf 89' lang='lat' dir='ltr'><strong>a</strong></span> <span class='ocrx_word' id='word_1_322' title='bbox 653 3622 763 3685; x_wconf 90' lang='lat' dir='ltr'><strong>circulo</strong></span> <span class='ocrx_word' id='word_1_323' title='bbox 788 3620 918 3685; x_wconf 89' lang='lat' dir='ltr'><strong>orbitam</strong></span> <span class='ocrx_word' id='word_1_324' title='bbox 941 3641 974 3684; x_wconf 86' lang='lat' dir='ltr'><strong>ee</strong></span> <span class='ocrx_word' id='word_1_325' title='bbox 993 3622 1207 3686; x_wconf 83' lang='lat' dir='ltr'><strong>traducendus.</strong></span> <span class='ocrx_word' id='word_1_326' title='bbox 1234 3622 1350 3705; x_wconf 86' lang='lat' dir='ltr'><strong>¹Igitur</strong></span> <span class='ocrx_word' id='word_1_327' title='bbox 1374 3627 1444 3709; x_wconf 88' lang='lat' dir='ltr'><strong>qnia</strong></span> 
     </span>
     <span class='ocr_line' id='line_1_38' title="bbox 82 3711 1443 3794; baseline 0.002 -19"><span class='ocrx_word' id='word_1_328' title='bbox 82 3716 137 3781; x_wconf 83' lang='grc' dir='ltr'><strong>ΒΑ</strong></span> <span class='ocrx_word' id='word_1_329' title='bbox 165 3720 239 3788; x_wconf 72' lang='lat' dir='ltr'><strong>(mg.</strong></span> <span class='ocrx_word' id='word_1_330' title='bbox 259 3716 308 3783; x_wconf 83' lang='lat'><strong>21)</strong></span> <span class='ocrx_word' id='word_1_331' title='bbox 330 3711 418 3776; x_wconf 87' lang='lat' dir='ltr'><strong>nimis</strong></span> <span class='ocrx_word' id='word_1_332' title='bbox 443 3719 491 3775; x_wconf 90' lang='lat' dir='ltr'><strong>est</strong></span> <span class='ocrx_word' id='word_1_333' title='bbox 514 3729 626 3794; x_wconf 85' lang='lat' dir='ltr'><strong>magna</strong></span> <span class='ocrx_word' id='word_1_334' title='bbox 649 3711 869 3788; x_wconf 89' lang='lat' dir='ltr'><strong>eccentrieitas,</strong></span> <span class='ocrx_word' id='word_1_335' title='bbox 894 3730 984 3792; x_wconf 84' lang='lat' dir='ltr'><strong>quem</strong></span> <span class='ocrx_word' id='word_1_336' title='bbox 1006 3717 1041 3773; x_wconf 88' lang='lat' dir='ltr'><strong>ut</strong></span> <span class='ocrx_word' id='word_1_337' title='bbox 1063 3732 1082 3773; x_wconf 91' lang='lat' dir='ltr'><strong>a</strong></span> <span class='ocrx_word' id='word_1_338' title='bbox 1104 3712 1312 3792; x_wconf 81' lang='lat' dir='ltr'><strong>parallaxibus</strong></span> <span class='ocrx_word' id='word_1_339' title='bbox 1336 3717 1443 3779; x_wconf 88' lang='lat' dir='ltr'><strong>annuis</strong></span> 
     </span>
     <span class='ocr_line' id='line_1_39' title="bbox 83 3799 1440 3884; baseline 0.001 -16"><span class='ocrx_word' id='word_1_340' title='bbox 83 3803 209 3870; x_wconf 84' lang='lat' dir='ltr'><strong>tolerari</strong></span> <span class='ocrx_word' id='word_1_341' title='bbox 232 3801 334 3884; x_wconf 87' lang='lat' dir='ltr'><strong>possit</strong></span> <span class='ocrx_word' id='word_1_342' title='bbox 358 3801 403 3875; x_wconf 94' lang='lat' dir='ltr'><strong>(iu</strong></span> <span class='ocrx_word' id='word_1_343' title='bbox 426 3799 482 3862; x_wconf 89' lang='lat' dir='ltr'><strong>hoc</strong></span> <span class='ocrx_word' id='word_1_344' title='bbox 506 3801 585 3866; x_wconf 90' lang='lat' dir='ltr'><strong>enim</strong></span> <span class='ocrx_word' id='word_1_345' title='bbox 607 3801 685 3864; x_wconf 92' lang='lat' dir='ltr'><strong>nodo</strong></span> <span class='ocrx_word' id='word_1_346' title='bbox 708 3802 870 3864; x_wconf 87' lang='lat' dir='ltr'><strong>haerentes</strong></span> <span class='ocrx_word' id='word_1_347' title='bbox 885 3800 1095 3883; x_wconf 68' lang='lat' dir='ltr'><strong>&#39;lychoniauos</strong></span> <span class='ocrx_word' id='word_1_348' title='bbox 1118 3801 1219 3864; x_wconf 91' lang='lat' dir='ltr'><strong>iuveni</strong></span> <span class='ocrx_word' id='word_1_349' title='bbox 1241 3823 1318 3867; x_wconf 90' lang='lat' dir='ltr'><strong>anuo</strong></span> <span class='ocrx_word' id='word_1_350' title='bbox 1346 3801 1440 3870; x_wconf 82' lang='lat'>1600.</span> 
     </span>
     <span class='ocr_line' id='line_1_40' title="bbox 82 3889 1442 3972; baseline 0 -14"><span class='ocrx_word' id='word_1_351' title='bbox 82 3892 263 3958; x_wconf 83' lang='lat' dir='ltr'><strong>Februario.</strong></span> <span class='ocrx_word' id='word_1_352' title='bbox 309 3891 508 3954; x_wconf 88' lang='lat' dir='ltr'><strong>Processerat</strong></span> <span class='ocrx_word' id='word_1_353' title='bbox 525 3890 687 3972; x_wconf 85' lang='lat' dir='ltr'><strong>¹negotium</strong></span> <span class='ocrx_word' id='word_1_354' title='bbox 710 3910 804 3972; x_wconf 88' lang='lat' dir='ltr'><strong>usque</strong></span> <span class='ocrx_word' id='word_1_355' title='bbox 827 3891 866 3954; x_wconf 88' lang='lat' dir='ltr'><strong>ad</strong></span> <span class='ocrx_word' id='word_1_356' title='bbox 888 3889 1064 3971; x_wconf 86' lang='lat' dir='ltr'><strong>parallaxes</strong></span> <span class='ocrx_word' id='word_1_357' title='bbox 1093 3911 1207 3953; x_wconf 88' lang='lat' dir='ltr'><strong>annuas</strong></span> <span class='ocrx_word' id='word_1_358' title='bbox 1232 3901 1264 3956; x_wconf 92' lang='lat' dir='ltr'><strong>et</strong></span> <span class='ocrx_word' id='word_1_359' title='bbox 1288 3889 1379 3957; x_wconf 84' lang='lat' dir='ltr'><strong>etiam</strong></span> <span class='ocrx_word' id='word_1_360' title='bbox 1403 3897 1442 3958; x_wconf 89' lang='lat' dir='ltr'><strong>ad</strong></span> 
     </span>
     <span class='ocr_line' id='line_1_41' title="bbox 82 3965 1442 4062; baseline -0.001 -14"><span class='ocrx_word' id='word_1_361' title='bbox 82 3965 279 4048; x_wconf 85' lang='lat' dir='ltr'><strong>latitudinem</strong></span> <span class='ocrx_word' id='word_1_362' title='bbox 309 3979 520 4062; x_wconf 81' lang='lat' dir='ltr'><strong>acronychiem</strong></span> <span class='ocrx_word' id='word_1_363' title='bbox 551 3978 709 4046; x_wconf 87' lang='lat' dir='ltr'><strong>visibilem.</strong></span> <span class='ocrx_word' id='word_1_364' title='bbox 765 3979 850 4042; x_wconf 90' lang='lat' dir='ltr'><strong>Haec</strong></span> <span class='ocrx_word' id='word_1_365' title='bbox 883 3979 941 4042; x_wconf 91' lang='lat' dir='ltr'><strong>dno</strong></span> <span class='ocrx_word' id='word_1_366' title='bbox 974 3998 1034 4042; x_wconf 92' lang='lat' dir='ltr'><strong>non</strong></span> <span class='ocrx_word' id='word_1_367' title='bbox 1064 3988 1208 4061; x_wconf 89' lang='lat' dir='ltr'><strong>poterant</strong></span> <span class='ocrx_word' id='word_1_368' title='bbox 1239 3984 1391 4047; x_wconf 88' lang='lat' dir='ltr'><strong>conciliari</strong></span> <span class='ocrx_word' id='word_1_369' title='bbox 1423 4007 1442 4046; x_wconf 89' lang='lat' dir='ltr'><strong>a</strong></span> 
     </span>
     <span class='ocr_line' id='line_1_42' title="bbox 83 4068 1454 4155; baseline -0.001 -16"><span class='ocrx_word' id='word_1_370' title='bbox 83 4073 262 4139; x_wconf 84' lang='lat' dir='ltr'><strong>Christiano</strong></span> <span class='ocrx_word' id='word_1_371' title='bbox 299 4068 471 4148; x_wconf 85' lang='lat' dir='ltr'><strong>Severini),</strong></span> <span class='ocrx_word' id='word_1_372' title='bbox 509 4077 542 4132; x_wconf 91' lang='lat' dir='ltr'><strong>et</strong></span> <span class='ocrx_word' id='word_1_373' title='bbox 582 4070 653 4152; x_wconf 88' lang='lat' dir='ltr'><strong>quia</strong></span> <span class='ocrx_word' id='word_1_374' title='bbox 683 4071 877 4134; x_wconf 89' lang='lat' dir='ltr'><strong>Ptolemaeus</strong></span> <span class='ocrx_word' id='word_1_375' title='bbox 910 4068 1043 4146; x_wconf 86' lang='lat' dir='ltr'><strong>invenit,</strong></span> <span class='ocrx_word' id='word_1_376' title='bbox 1078 4069 1230 4134; x_wconf 90' lang='lat' dir='ltr'><strong>dimidium</strong></span> <span class='ocrx_word' id='word_1_377' title='bbox 1261 4071 1355 4155; x_wconf 85' lang='lat' dir='ltr'><strong>ipsius</strong></span> <span class='ocrx_word' id='word_1_378' title='bbox 1383 4073 1454 4138; x_wconf 87' lang='lat' dir='ltr'><strong>BA-</strong></span> 
     </span>
     <span class='ocr_line' id='line_1_43' title="bbox 81 4156 1442 4244; baseline -0.002 -15"><span class='ocrx_word' id='word_1_379' title='bbox 81 4163 207 4228; x_wconf 86' lang='lat' dir='ltr'><strong>lolerari</strong></span> <span class='ocrx_word' id='word_1_380' title='bbox 231 4161 263 4222; x_wconf 91' lang='lat' dir='ltr'><strong>iu</strong></span> <span class='ocrx_word' id='word_1_381' title='bbox 286 4159 493 4242; x_wconf 85' lang='lat' dir='ltr'><strong>parallaxibus</strong></span> <span class='ocrx_word' id='word_1_382' title='bbox 517 4159 641 4236; x_wconf 88' lang='lat' dir='ltr'><strong>annuis,</strong></span> <span class='ocrx_word' id='word_1_383' title='bbox 666 4161 733 4224; x_wconf 92' lang='lat' dir='ltr'><strong>ideo</strong></span> <span class='ocrx_word' id='word_1_384' title='bbox 757 4157 891 4222; x_wconf 89' lang='lat' dir='ltr'><strong>conclusi</strong></span> <span class='ocrx_word' id='word_1_385' title='bbox 914 4176 970 4238; x_wconf 91' lang='lat' dir='ltr'><strong>ego</strong></span> <span class='ocrx_word' id='word_1_386' title='bbox 994 4156 1032 4220; x_wconf 90' lang='lat' dir='ltr'><strong>de</strong></span> <span class='ocrx_word' id='word_1_387' title='bbox 1055 4177 1107 4234; x_wconf 93' lang='lat' dir='ltr'><strong>eo,</strong></span> <span class='ocrx_word' id='word_1_388' title='bbox 1137 4161 1216 4241; x_wconf 90' lang='lat' dir='ltr'><strong>qnod</strong></span> <span class='ocrx_word' id='word_1_389' title='bbox 1235 4161 1442 4244; x_wconf 88' lang='lat' dir='ltr'><strong>jampridem</strong></span> 
     </span>
     <span class='ocr_line' id='line_1_44' title="bbox 82 4247 1442 4338; baseline 0.004 -27"><span class='ocrx_word' id='word_1_390' title='bbox 82 4255 275 4336; x_wconf 68' lang='lat' dir='ltr'><strong>egimveram</strong></span> <span class='ocrx_word' id='word_1_391' title='bbox 297 4249 416 4326; x_wconf 86' lang='lat' dir='ltr'><strong>animo,</strong></span> <span class='ocrx_word' id='word_1_392' title='bbox 441 4249 592 4332; x_wconf 82' lang='lat' dir='ltr'><strong>explano</strong></span> <span class='ocrx_word' id='word_1_393' title='bbox 615 4249 796 4314; x_wconf 89' lang='lat' dir='ltr'><strong>anomaliam</strong></span> <span class='ocrx_word' id='word_1_394' title='bbox 826 4247 993 4330; x_wconf 89' lang='lat' dir='ltr'><strong>simplicem</strong></span> <span class='ocrx_word' id='word_1_395' title='bbox 1017 4266 1084 4312; x_wconf 88' lang='lat' dir='ltr'><strong>esse</strong></span> <span class='ocrx_word' id='word_1_396' title='bbox 1120 4248 1345 4338; x_wconf 84' lang='lat' dir='ltr'><strong>desumendam.</strong></span> <span class='ocrx_word' id='word_1_397' title='bbox 1393 4251 1442 4316; x_wconf 86' lang='lat' dir='ltr'><strong>Sit</strong></span> 
     </span>
     <span class='ocr_line' id='line_1_45' title="bbox 82 4336 1439 4421; baseline -0.001 -15"><span class='ocrx_word' id='word_1_398' title='bbox 82 4345 158 4406; x_wconf 89' lang='lat' dir='ltr'><strong>euim</strong></span> <span class='ocrx_word' id='word_1_399' title='bbox 182 4338 341 4406; x_wconf 86' lang='lat' dir='ltr'><strong>anomalia</strong></span> <span class='ocrx_word' id='word_1_400' title='bbox 368 4339 496 4421; x_wconf 86' lang='lat' dir='ltr'><strong>simplex</strong></span> <span class='ocrx_word' id='word_1_401' title='bbox 518 4336 592 4404; x_wconf 91' lang='lat' dir='ltr'><strong>IHO</strong></span> <span class='ocrx_word' id='word_1_402' title='bbox 622 4343 688 4414; x_wconf 75' lang='lat' dir='ltr'><strong>(rig.</strong></span> <span class='ocrx_word' id='word_1_403' title='bbox 707 4344 754 4410; x_wconf 83' lang='lat'><strong>22)</strong></span> <span class='ocrx_word' id='word_1_404' title='bbox 779 4344 810 4401; x_wconf 94' lang='lat' dir='ltr'><strong>et</strong></span> <span class='ocrx_word' id='word_1_405' title='bbox 839 4336 1050 4400; x_wconf 87' lang='lat' dir='ltr'><strong>eccentrieitas</strong></span> <span class='ocrx_word' id='word_1_406' title='bbox 1072 4337 1130 4400; x_wconf 89' lang='grc' dir='ltr'><strong>ΡΗ</strong></span> <span class='ocrx_word' id='word_1_407' title='bbox 1151 4338 1194 4400; x_wconf 89' lang='lat' dir='ltr'><strong>sit</strong></span> <span class='ocrx_word' id='word_1_408' title='bbox 1224 4340 1378 4404; x_wconf 89' lang='lat' dir='ltr'><strong>dimidium</strong></span> <span class='ocrx_word' id='word_1_409' title='bbox 1403 4343 1439 4406; x_wconf 95' lang='lat' dir='ltr'><strong>de</strong></span> 
     </span>
     <span class='ocr_line' id='line_1_46' title="bbox 81 4423 1436 4512; baseline 0.005 -27"><span class='ocrx_word' id='word_1_410' title='bbox 81 4433 134 4496; x_wconf 77' lang='lat' dir='ltr'><strong>BA</strong></span> <span class='ocrx_word' id='word_1_411' title='bbox 163 4438 234 4507; x_wconf 74' lang='lat' dir='ltr'><strong>(rig.</strong></span> <span class='ocrx_word' id='word_1_412' title='bbox 255 4435 302 4502; x_wconf 87' lang='lat'><strong>21)</strong></span> <span class='ocrx_word' id='word_1_413' title='bbox 326 4435 360 4490; x_wconf 89' lang='lat' dir='ltr'><strong>et</strong></span> <span class='ocrx_word' id='word_1_414' title='bbox 381 4427 423 4492; x_wconf 88' lang='lat' dir='ltr'><strong>sit</strong></span> <span class='ocrx_word' id='word_1_415' title='bbox 440 4429 507 4510; x_wconf 88' lang='lat' dir='ltr'><strong>jam</strong></span> <span class='ocrx_word' id='word_1_416' title='bbox 524 4425 595 4492; x_wconf 91' lang='lat' dir='ltr'><strong>IPO</strong></span> <span class='ocrx_word' id='word_1_417' title='bbox 619 4435 731 4492; x_wconf 88' lang='lat' dir='ltr'><strong>rectus.</strong></span> <span class='ocrx_word' id='word_1_418' title='bbox 769 4425 857 4492; x_wconf 88' lang='lat' dir='ltr'><strong>Sicut</strong></span> <span class='ocrx_word' id='word_1_419' title='bbox 875 4446 947 4508; x_wconf 90' lang='lat' dir='ltr'><strong>ergo</strong></span> <span class='ocrx_word' id='word_1_420' title='bbox 963 4423 1034 4491; x_wconf 89' lang='lat' dir='ltr'><strong>IPO</strong></span> <span class='ocrx_word' id='word_1_421' title='bbox 1054 4433 1103 4490; x_wconf 87' lang='lat' dir='ltr'><strong>est</strong></span> <span class='ocrx_word' id='word_1_422' title='bbox 1120 4435 1227 4509; x_wconf 88' lang='lat' dir='ltr'><strong>quarta</strong></span> <span class='ocrx_word' id='word_1_423' title='bbox 1250 4451 1320 4511; x_wconf 89' lang='lat' dir='ltr'><strong>pare</strong></span> <span class='ocrx_word' id='word_1_424' title='bbox 1344 4432 1436 4512; x_wconf 91' lang='lat' dir='ltr'><strong>plani,</strong></span> 
     </span>
     <span class='ocr_line' id='line_1_47' title="bbox 81 4512 1474 4604; baseline -0.002 -18"><span class='ocrx_word' id='word_1_425' title='bbox 81 4524 121 4586; x_wconf 87' lang='lat' dir='ltr'><strong>ita</strong></span> <span class='ocrx_word' id='word_1_426' title='bbox 142 4527 260 4604; x_wconf 81' lang='lat' dir='ltr'><strong>quarte</strong></span> <span class='ocrx_word' id='word_1_427' title='bbox 281 4537 353 4600; x_wconf 88' lang='lat' dir='ltr'><strong>pars</strong></span> <span class='ocrx_word' id='word_1_428' title='bbox 376 4519 545 4582; x_wconf 89' lang='lat' dir='ltr'><strong>anomaliae</strong></span> <span class='ocrx_word' id='word_1_429' title='bbox 561 4519 605 4592; x_wconf 90' lang='lat' dir='ltr'><strong>(h.</strong></span> <span class='ocrx_word' id='word_1_430' title='bbox 621 4538 648 4580; x_wconf 92' lang='lat' dir='ltr'><strong>e.</strong></span> <span class='ocrx_word' id='word_1_431' title='bbox 664 4512 739 4593; x_wconf 72' lang='lat'>90⁰)</span> <span class='ocrx_word' id='word_1_432' title='bbox 764 4517 870 4581; x_wconf 88' lang='lat' dir='ltr'><strong>ablata</strong></span> <span class='ocrx_word' id='word_1_433' title='bbox 884 4517 922 4578; x_wconf 89' lang='lat' dir='ltr'><strong>ab</strong></span> <span class='ocrx_word' id='word_1_434' title='bbox 941 4515 1092 4580; x_wconf 88' lang='lat' dir='ltr'><strong>anomalia</strong></span> <span class='ocrx_word' id='word_1_435' title='bbox 1113 4519 1219 4598; x_wconf 89' lang='lat' dir='ltr'><strong>majori</strong></span> <span class='ocrx_word' id='word_1_436' title='bbox 1242 4519 1436 4598; x_wconf 87' lang='lat' dir='ltr'><strong>1H0,relin-</strong></span> <span class='ocrx_word' id='word_1_437' title='bbox 1471 4528 1474 4533; x_wconf 84' lang='lat'>&#39;</span> 
     </span>
     <span class='ocr_line' id='line_1_48' title="bbox 82 4603 1438 4694; baseline -0.001 -19"><span class='ocrx_word' id='word_1_438' title='bbox 82 4614 142 4694; x_wconf 91' lang='lat' dir='ltr'><strong>quit</strong></span> <span class='ocrx_word' id='word_1_439' title='bbox 163 4610 291 4692; x_wconf 87' lang='lat' dir='ltr'><strong>planum</strong></span> <span class='ocrx_word' id='word_1_440' title='bbox 314 4607 458 4688; x_wconf 87' lang='lat' dir='ltr'><strong>trianguli</strong></span> <span class='ocrx_word' id='word_1_441' title='bbox 471 4603 568 4683; x_wconf 90' lang='grc' dir='ltr'><strong>ΡΗΟ,</strong></span> <span class='ocrx_word' id='word_1_442' title='bbox 593 4607 678 4688; x_wconf 87' lang='lat' dir='ltr'><strong>cujus</strong></span> <span class='ocrx_word' id='word_1_443' title='bbox 701 4607 828 4688; x_wconf 87' lang='lat' dir='ltr'><strong>angulus</strong></span> <span class='ocrx_word' id='word_1_444' title='bbox 842 4604 928 4670; x_wconf 89' lang='grc' dir='ltr'><strong>ΗΡΟ</strong></span> <span class='ocrx_word' id='word_1_445' title='bbox 947 4614 980 4668; x_wconf 90' lang='lat' dir='ltr'><strong>et</strong></span> <span class='ocrx_word' id='word_1_446' title='bbox 996 4604 1052 4668; x_wconf 90' lang='grc' dir='ltr'><strong>ΡΟ</strong></span> <span class='ocrx_word' id='word_1_447' title='bbox 1075 4605 1156 4669; x_wconf 91' lang='lat' dir='ltr'><strong>latus</strong></span> <span class='ocrx_word' id='word_1_448' title='bbox 1180 4609 1299 4673; x_wconf 83' lang='lat' dir='ltr'><strong>dantur.</strong></span> <span class='ocrx_word' id='word_1_449' title='bbox 1332 4609 1438 4674; x_wconf 90' lang='lat' dir='ltr'><strong>Prodit</strong></span> 
     </span>
     <span class='ocr_line' id='line_1_49' title="bbox 82 4693 1434 4784; baseline -0.003 -18"><span class='ocrx_word' id='word_1_450' title='bbox 82 4722 147 4784; x_wconf 87' lang='lat' dir='ltr'><strong>ergo</strong></span> <span class='ocrx_word' id='word_1_451' title='bbox 162 4700 233 4774; x_wconf 89' lang='lat' dir='ltr'><strong>PH,</strong></span> <span class='ocrx_word' id='word_1_452' title='bbox 259 4717 352 4780; x_wconf 85' lang='lat' dir='ltr'><strong>quare</strong></span> <span class='ocrx_word' id='word_1_453' title='bbox 369 4707 401 4760; x_wconf 91' lang='lat' dir='ltr'><strong>et</strong></span> <span class='ocrx_word' id='word_1_454' title='bbox 414 4697 509 4760; x_wconf 88' lang='lat' dir='ltr'><strong>POH.</strong></span> <span class='ocrx_word' id='word_1_455' title='bbox 547 4699 605 4760; x_wconf 85' lang='lat' dir='ltr'><strong>Est</strong></span> <span class='ocrx_word' id='word_1_456' title='bbox 628 4703 730 4760; x_wconf 89' lang='lat' dir='ltr'><strong>autem</strong></span> <span class='ocrx_word' id='word_1_457' title='bbox 748 4693 834 4759; x_wconf 90' lang='grc' dir='ltr'><strong>ΡΟΗ</strong></span> <span class='ocrx_word' id='word_1_458' title='bbox 856 4695 1047 4779; x_wconf 88' lang='lat' dir='ltr'><strong>aequationis</strong></span> <span class='ocrx_word' id='word_1_459' title='bbox 1069 4716 1142 4778; x_wconf 89' lang='lat' dir='ltr'><strong>pars</strong></span> <span class='ocrx_word' id='word_1_460' title='bbox 1166 4717 1224 4761; x_wconf 89' lang='lat' dir='ltr'><strong>nna</strong></span> <span class='ocrx_word' id='word_1_461' title='bbox 1247 4719 1301 4762; x_wconf 91' lang='lat' dir='ltr'><strong>seu</strong></span> <span class='ocrx_word' id='word_1_462' title='bbox 1324 4699 1434 4781; x_wconf 82' lang='lat' dir='ltr'><strong>optica,</strong></span> 
     </span>
     <span class='ocr_line' id='line_1_50' title="bbox 82 4783 1432 4869; baseline -0.005 -12"><span class='ocrx_word' id='word_1_463' title='bbox 82 4789 245 4857; x_wconf 86' lang='lat' dir='ltr'><strong>&#39;unmiuutio</strong></span> <span class='ocrx_word' id='word_1_464' title='bbox 268 4807 313 4851; x_wconf 89' lang='lat' dir='ltr'><strong>se.</strong></span> <span class='ocrx_word' id='word_1_465' title='bbox 338 4786 440 4868; x_wconf 86' lang='lat' dir='ltr'><strong>auguli</strong></span> <span class='ocrx_word' id='word_1_466' title='bbox 453 4785 535 4866; x_wconf 86' lang='lat' dir='ltr'><strong>IPO,</strong></span> <span class='ocrx_word' id='word_1_467' title='bbox 560 4793 593 4849; x_wconf 91' lang='lat' dir='ltr'><strong>ut</strong></span> <span class='ocrx_word' id='word_1_468' title='bbox 615 4785 657 4849; x_wconf 91' lang='lat' dir='ltr'><strong>sit</strong></span> <span class='ocrx_word' id='word_1_469' title='bbox 671 4785 755 4852; x_wconf 83' lang='grc' dir='ltr'><strong>ΙΗΟ,</strong></span> <span class='ocrx_word' id='word_1_470' title='bbox 795 4783 911 4850; x_wconf 79' lang='lat' dir='ltr'><strong>Contra</strong></span> <span class='ocrx_word' id='word_1_471' title='bbox 933 4787 1055 4867; x_wconf 91' lang='lat' dir='ltr'><strong>planum</strong></span> <span class='ocrx_word' id='word_1_472' title='bbox 1077 4784 1147 4850; x_wconf 78' lang='lat'>11³0</span> <span class='ocrx_word' id='word_1_473' title='bbox 1172 4797 1221 4852; x_wconf 86' lang='lat' dir='ltr'><strong>est</strong></span> <span class='ocrx_word' id='word_1_474' title='bbox 1243 4788 1432 4869; x_wconf 89' lang='lat' dir='ltr'><strong>aequationis</strong></span> 
     </span>
     <span class='ocr_line' id='line_1_51' title="bbox 81 4875 1432 4972; baseline -0.003 -26"><span class='ocrx_word' id='word_1_475' title='bbox 81 4903 147 4972; x_wconf 80' lang='lat' dir='ltr'><strong>pars</strong></span> <span class='ocrx_word' id='word_1_476' title='bbox 169 4881 274 4946; x_wconf 88' lang='lat' dir='ltr'><strong>altera</strong></span> <span class='ocrx_word' id='word_1_477' title='bbox 295 4897 351 4941; x_wconf 91' lang='lat' dir='ltr'><strong>seu</strong></span> <span class='ocrx_word' id='word_1_478' title='bbox 372 4877 509 4966; x_wconf 76' lang='lat' dir='ltr'><strong>physica,</strong></span> <span class='ocrx_word' id='word_1_479' title='bbox 532 4895 675 4942; x_wconf 86' lang='lat' dir='ltr'><strong>excessus</strong></span> <span class='ocrx_word' id='word_1_480' title='bbox 694 4896 737 4942; x_wconf 88' lang='lat' dir='ltr'><strong>sc.</strong></span> <span class='ocrx_word' id='word_1_481' title='bbox 761 4877 904 4962; x_wconf 83' lang='lat' dir='ltr'><strong>temporie</strong></span> <span class='ocrx_word' id='word_1_482' title='bbox 927 4896 982 4942; x_wconf 90' lang='lat' dir='ltr'><strong>seu</strong></span> <span class='ocrx_word' id='word_1_483' title='bbox 1004 4875 1172 4941; x_wconf 89' lang='lat' dir='ltr'><strong>anomaliae</strong></span> <span class='ocrx_word' id='word_1_484' title='bbox 1195 4877 1340 4960; x_wconf 87' lang='lat' dir='ltr'><strong>simplicis</strong></span> <span class='ocrx_word' id='word_1_485' title='bbox 1357 4875 1432 4943; x_wconf 73' lang='lat'>1110</span> 
     </span>
    </p>
   </div>
   <div class='ocr_carea' id='block_1_3' title="bbox 154 4979 1315 5041">
    <p class='ocr_par' dir='ltr' id='par_1_17' title="bbox 154 4979 1315 5041">
     <span class='ocr_line' id='line_1_52' title="bbox 154 4979 1315 5041; baseline -0.003 -7"><span class='ocrx_word' id='word_1_486' title='bbox 154 4983 393 5041; x_wconf 55' lang='lat' dir='ltr'><strong>lundoniam.</strong></span> <span class='ocrx_word' id='word_1_487' title='bbox 1208 4979 1226 5033; x_wconf 75' lang='lat' dir='ltr'><strong>h</strong></span> <span class='ocrx_word' id='word_1_488' title='bbox 1312 5026 1315 5030; x_wconf 16' lang='lat' dir='ltr'><em>A</em></span> 
     </span>
    </p>
   </div>
   <div class='ocr_carea' id='block_1_4' title="bbox 0 0 1764 5525">
    <p class='ocr_par' dir='ltr' id='par_1_18' title="bbox 0 0 1764 5525">
     <span class='ocr_line' id='line_1_53' title="bbox 0 0 1764 5525; baseline 0 0"><span class='ocrx_word' id='word_1_489' title='bbox 0 0 1764 5525; x_wconf 95' lang='lat' dir='ltr'><strong> </strong></span> 
     </span>
    </p>
   </div>
  </div>
 </body>
</html>
