3517 5525
693 414 723 467 ln
741 412 972 514 cqmmtuiads
987 415 1093 470 motibus
1108 413 1198 469 llam

1114 537 1123 564 h

437 585 875 715 ‘'iiiilffi⁷llii¹⁶“⁵
1014 584 1244 659 ''¹²‘⁰‘¹''²
1263 607 1308 714 si
1329 589 1371 712 ἵζ’
1389 589 1441 713 ii‘

467 689 616 800 nussnc
634 697 661 777 Ξ
678 702 812 796 aeaeae}
1022 796 1025 801 p
1044 731 1428 824 Μ
1453 793 1456 799 ,

1245 824 1305 876 reo.

1045 915 1176 982 Gomplsm.
1204 934 1231 958 =
1258 909 1306 965 19⁰
1324 911 1366 966 27⁴

770 987 815 1036 nn.
837 979 922 1036 rsa
937 983 988 1036 ¹0⁴⁴
1006 992 1041 1042 ><
1058 989 1104 1038 aa.
1120 983 1241 1092 surr«3
1258 1032 1302 1083 m
1320 1031 1414 1082 w
1424 1022 1457 1078 ⁰„
1470 999 1512 1077 s„
1525 1023 1576 1077 w,
1589 1039 1615 1078 ⁰·

276 1031 340 1084 Hine
357 1037 386 1080 ut
403 1044 494 1094 supra:
512 1029 558 1080 sin.
576 1019 627 1078 lat¹
640 1028 707 1079 visae
725 1045 753 1072 =
883 1077 929 1124 sin·
948 1067 979 1122 5⁰
997 1074 1041 1124 21,
1059 1073 1113 1125 w

365 1141 427 1206 107)
445 1160 469 1211 p.
489 1141 548 1194 tat.
584 1141 660 1194 Redit
676 1141 798 1210 Koplarns
821 1145 853 1195 ad
877 1145 943 1197 bauo
965 1147 1158 1211 sperulationam
1179 1149 1206 1199 in
1223 1147 1288 1212 Epit
1307 1149 1374 1197 hstr.
1394 1144 1454 1210 Oop.
1473 1143 1534 1194 libro
1552 1139 1612 1199 vn.

276 1231 328 1268 rem
345 1217 443 1282 quidem
461 1217 612 1281 aliquantum
630 1219 769 1268 momatur
787 1217 927 1281 inspiciens,
946 1232 1025 1284 usque
1037 1234 1094 1270 rsro
1105 1219 1180 1284 pisas
1191 1234 1292 1284 osopum
1311 1219 1444 1283 attingens,
1464 1215 1505 1266 llio
1517 1227 1615 1280 quoque

274 1297 392 1353 tempore,
410 1301 457 1352 quo
474 1288 560 1338 librum
577 1285 642 1336 huno
667 1289 812 1354 eousoripsit
827 1285 904 1350 (anuo
923 1284 1011 1352 1021).
1031 1291 1223 1342 asemahorlbus
1245 1289 1453 1341 observationibus
1471 1287 1614 1343 testitum

275 1383 415 1435 quanquam
434 1376 486 1419 tom
498 1368 617 1418 theoriam
634 1379 705 1418 suam
717 1369 750 1418 arl
761 1376 856 1420 oetam
874 1369 1042 1434 applicaverat
1058 1371 1180 1436 planetas
1204 1369 1277 1421 Haeo
1292 1371 1326 1420 ibi
1340 1369 1423 1419 addit:
1446 1361 1613 1430 „Comparet

276 1445 364 1499 laetor
377 1459 419 1508 ee,
435 1458 505 1513 quae
519 1443 547 1496 iu
562 1441 709 1497 Commeat
719 1443 817 1498 Martis
828 1444 896 1514 Cap.
910 1443 1034 1500 vam.
1048 1447 1081 1499 de
1095 1446 1151 1500 situ
1165 1444 1334 1500 eiroellorum
1347 1443 1443 1496 horum
1456 1439 1612 1511 disputari;

275 1540 409 1597 quamque
429 1522 550 1578 inveniet
578 1521 770 1588 differentiam,
799 1524 840 1578 rei
864 1523 950 1594 ipsius
980 1525 1135 1580 ffiffioultati
1163 1533 1195 1580 et
1220 1525 1354 1596 penuriae
1385 1521 1608 1592 observationum

276 1611 492 1676 opportunarum
511 1599 645 1666 tribuat.“
1207 1624 1210 1634 ·

325 1693 330 1706 '
363 1691 393 1741 Ῑιι
411 1691 488 1740 literis
507 1689 738 1756 stratilatum
754 1690 814 1740 item
832 1689 863 1741 de
880 1691 919 1741 his
938 1693 991 1758 agit
1008 1691 1073 1744 huus
1090 1691 1117 1742 lu
1134 1693 1251 1743 motum:
1268 1682 1445 1740 Motussolis
1459 1681 1496 1736 ab
1509 1677 1614 1734 aneto

275 1763 407 1836 principio
438 1763 607 1835 inaequalis,
638 1763 780 1818 stellarum
810 1765 846 1818 ab
874 1764 978 1819 Arietis
1007 1765 1140 1836 principio
1169 1766 1342 1837 inaequalis,
1372 1763 1444 1818 Solis
1477 1778 1496 1817 a
1522 1760 1614 1816 stellis

277 1844 411 1916 aequalia.
440 1843 516 1915 Ergo
530 1841 632 1897 Arietis
645 1841 807 1915 principium
820 1844 1005 1917 inaequaliter
1018 1845 1117 1901 mobile
1132 1853 1184 1910 est.
1198 1861 1286 1901 eausa
1304 1845 1445 1915 utriusque
1459 1842 1615 1914 inaequali-

275 1925 342 1980 tatis
361 1923 539 1996 praemissae.
568 1923 654 1978 Fixae
669 1922 755 1995 igitur
769 1924 919 1996 quiescunt,
941 1927 1035 1997 oapita
1047 1926 1150 1981 Arietis
1164 1933 1195 1980 et
1206 1926 1309 1981 Librae
1323 1928 1474 1980 ari-motum
1487 1923 1615 1994 polorum

276 2005 492 2076 transponuntur
512 2006 563 2059 sub'
581 2003 651 2060 fixis.
694 2005 808 2059 Omnino
830 2005 868 2060 sie
889 2007 1078 2078 cogitandum,
1099 2013 1188 2062 motus
1209 2006 1326 2062 omnium
1344 2005 1521 2076 planetarum
1541 2001 1617 2056 tradi

276 2101 358 2156 posse
378 2085 436 2139 sino
457 2092 615 2155 aequatore.
655 2085 694 2140 Et
714 2103 767 2157 ego
788 2085 815 2140 id
836 2087 1028 2152 observarem,
1048 2087 1071 2141 si
1090 2087 1158 2142 mihi
1177 2087 1277 2158 aliquis
1302 2093 1378 2141 esset
1396 2085 1425 2140 iu
1446 2082 1618 2140 astronomia

276 2165 467 2220 instituendus.
494 2165 634 2236 Peroeptis
654 2165 719 2229 illis,
737 2163 797 2234 lam
817 2166 933 2237 (leuique
953 2168 1050 2222 ultimo
1070 2168 1187 2224 omnium
1207 2169 1344 2222 traderem
1364 2164 1515 2222 lathem
1535 2161 1619 2234 primi

275 2245 391 2311 mobilis,
421 2247 580 2309 osteudens,
611 2246 742 2318 quomodo
762 2245 820 2316 poli
844 2247 947 2302 Teme
976 2247 1093 2318 axisque
1122 2247 1286 2302 inclinentur
1306 2249 1342 2302 ad
1361 2247 1442 2316 polos
1461 2243 1618 2315 aliptae

276 2327 365 2398 Super
385 2342 440 2397 qua
456 2341 487 2380 re
508 2325 610 2394 inspioe
630 2325 742 2380 sohema
761 2326 813 2385 hoe
834 2321 880 2396 (N.
904 2322 974 2395 131)
996 2345 1033 2382 ex
1051 2327 1119 2382 meis
1139 2328 1169 2382 in
1187 2327 1305 2383 Martem
1324 2324 1547 2388 Commentariis,
1568 2321 1619 2378 ubi

276 2407 359 2478 plura
378 2406 491 2470 videbis,
513 2421 594 2475 quam
613 2405 658 2460 hio
677 2406 846 2476 quaesivisti.
889 2411 916 2461 A
934 2409 1015 2478 polus
1036 2408 1182 2478 eoliptieae
1200 2406 1314 2472 mediae,
1336 2423 1386 2462 seu
1410 2425 1458 2475 της
1482 2405 1618 2473 timeor

279 2486 400 2556 eorporis
427 2485 540 2540 Solaris.
581 2483 648 2552 Ηοι1
670 2491 799 2557 punctum
829 2493 873 2541 eet
903 2489 991 2542 solum
1019 2488 1164 2546 immobile.
1204 2488 1236 2543 In
1261 2487 1362 2543 oiroulo
1386 2487 1411 2541 E
1435 2493 1465 2541 et
1488 2482 1618 2556 opposito

279 2566 405 2638 partibus
428 2565 560 2635 oppositis
586 2565 829 2636 circumeuntpoli
849 2568 1015 2639 aequatorie
1037 2569 1171 2624 fatientes
1192 2568 1319 2633 oorollas,
1340 2583 1454 2638 quarum
1475 2564 1619 2637 quaelibet

281 2651 385 2718 aequat
414 2645 620 2715 amplitudinem
649 2647 722 2701 orbis
751 2647 851 2711 annui,
882 2665 970 2718 neque
1000 2656 1093 2704 tamen
1118 2649 1148 2703 in
1176 2647 1379 2720 temperatione
1405 2648 1440 2701 ad
1469 2646 1619 2717 sphaeram

280 2727 399 2783 lixarum
428 2733 549 2797 aequant
577 2725 656 2781 unius
686 2727 783 2783 minuti
811 2727 993 2786 latitudinem
1036 2731 1087 2785 ΔΕ
1112 2736 1157 2785 est
1181 2721 1235 2785 23⁰
1254 2723 1303 2785 42¹
1327 2728 1357 2783 in
1382 2726 1543 2785 Pruteniris.
1585 2725 1619 2779 In

281 2808 391 2863 eiroello
411 2808 425 2862 Ι
444 2806 566 2862 eiroumit
578 2808 658 2879 polus
673 2810 779 2863 orbitae
793 2808 921 2873 Telluris,
942 2826 992 2864 seu
1005 2811 1151 2881 eeliptioas
1171 2826 1263 2876 uerae,
1285 2812 1357 2864 unde
1369 2810 1410 2873 bt.
1431 2814 1464 2863 ut
1475 2812 1618 2862 mutentur

281 2888 426 2943 stellarum
445 2888 606 2943 latitudines
626 2894 656 2941 et
676 2889 822 2944 declinatio
843 2889 988 2959 eoliptioae
1009 2893 1045 2946 ab
1066 2896 1225 2964 aequatore.
1265 2892 1298 2947 ln
1317 2889 1427 2944 eiroello
1446 2889 1474 2943 li
1493 2884 1619 2943 oirmmit

281 2970 360 3040 polus
381 2968 488 3023 orbitae
507 2969 605 3023 hiantis
626 2970 677 3023 sub
697 2968 768 3025 lixis.

367 3048 497 3103 Fixarum
517 3055 619 3104 motum
643 3050 745 3105 salvari
766 3066 816 3120 per
838 3056 941 3104 motum
966 3050 1092 3129 pelorum
1120 3050 1292 3123 aequateris,
1322 3050 1469 3105 absurdum
1488 3066 1542 3103 nou
1562 3054 1617 3112 est,

280 3146 331 3183 neo
351 3128 419 3183 nihil
438 3135 532 3183 manet
551 3126 652 3184 stabile
666 3128 694 3183 iu
708 3136 767 3185 toto
787 3129 924 3195 universo,
946 3146 1006 3185 oum
1019 3130 1166 3186 maximum
1185 3132 1303 3186 omnium
1323 3146 1479 3200 torporem„
1494 3130 1619 3199 sphaera

280 3210 398 3266 aaaron
416 3208 540 3273 visibilis,
560 3210 644 3279 plane
665 3210 795 3281 quiescat.
820 3211 864 3264 De
886 3210 981 3281 aliqua
1000 3227 1066 3265 raro
1086 3211 1208 3282 sphaera
1227 3212 1335 3275 altore.
1357 3210 1386 3263 in
1405 3226 1461 3281 qua
1480 3217 1618 3280 aequatos

282 3297 312 3344 et
323 3288 389 3361 poli,
410 3289 480 3343 nihii
500 3296 608 3345 constat
628 3290 722 3345 oeulis.
750 3292 789 3345 Et
810 3290 864 3345 hae
884 3290 969 3345 etiam
991 3293 1066 3355 data,
1087 3292 1159 3361 quid,
1181 3307 1291 3364 quaeso,
1313 3291 1342 3344 in
1360 3306 1396 3344 ea
1415 3290 1466 3344 tibi
1479 3296 1509 3343 et
1521 3289 1618 3343 Ptole-

282 3386 359 3426 maeo
380 3369 503 3439 quiescit,
524 3368 576 3423 nisi
597 3364 615 3423 2
633 3376 745 3440 puncta,
768 3372 794 3425 h.
814 3388 838 3427 e.
860 3370 950 3425 nihili
970 3370 1087 3426 Falleris
1108 3377 1209 3437 autem,
1230 3374 1293 3427 dum
1311 3370 1462 3434 existimas,
1483 3369 1567 3423 aliam
1588 3375 1620 3422 et

283 3450 365 3506 aliam
386 3448 443 3503 iore
462 3448 521 3519 ptli
535 3450 716 3505 elevationem
735 3453 829 3504 eodem
849 3451 910 3505 loeo
924 3452 1038 3517 Terrae,
1059 3450 1083 3505 si
1096 3451 1153 3521 poli
1171 3451 1330 3523 aequatoris
1349 3460 1518 3505 moveantur.
1545 3450 1619 3505 Nam

284 3530 352 3586 nibil
372 3528 446 3583 aliud
467 3535 531 3582 sunt
550 3530 606 3607 poli
628 3530 792 3601 aequaberis,
814 3546 895 3601 quam
914 3531 973 3601 poli
987 3532 1097 3596 Terrae,
1117 3548 1178 3586 oum
1198 3538 1334 3603 aequator
1352 3530 1390 3585 sit
1408 3530 1543 3585 maximus
1564 3529 1617 3583 oir-

282 3611 358 3665 eulus
379 3608 504 3664 Telluris.
545 3608 597 3673 Qui
616 3626 681 3664 vero
701 3611 813 3665 urbibus
842 3610 952 3665 variare
972 3611 1041 3665 velit
1060 3610 1117 3681 poli
1141 3613 1325 3677 elevationes,
1354 3610 1381 3663 ei
1400 3628 1511 3665 neeesse
1531 3616 1618 3673 esset,

281 3692 393 3747 Terram
413 3690 441 3743 in
462 3689 524 3743 aliis
546 3696 576 3744 et
595 3690 657 3745 aliis
677 3690 719 3745 sui
739 3690 846 3761 punotis
868 3690 948 3762 quasi
968 3690 997 3745 in
1017 3694 1291 3761 torno-suspendere.
1322 3690 1361 3745 Et
1379 3690 1450 3745 haee
1471 3695 1533 3744 erat
1552 3689 1619 3744 olim

281 3788 344 3827 mea
364 3785 437 3825 rana
457 3770 621 3839 speculatio,
643 3768 706 3824 olim
726 3769 863 3826 Tellurem
884 3772 958 3824 eirea
976 3771 1046 3825 illud
1065 3779 1196 3841 punohrm
1215 3772 1404 3836 convolutam,
1432 3770 1461 3825 iu
1480 3787 1534 3842 quo
1553 3786 1618 3824 esse

281 3851 442 3922 perhibetur
470 3850 550 3921 polus
578 3851 749 3921 magnetisus
778 3851 869 3907 hodie.
910 3852 1042 3905 lianeute
1071 3852 1159 3922 igitur
1182 3854 1277 3907 eodem
1300 3857 1422 3922 puuoto,
1452 3850 1525 3905 oiroa
1545 3850 1619 3921 quod

282 3932 376 3986 Tellus
398 3929 571 3995 convertitur,
593 3936 686 3985 manet
705 3934 800 3987 eadem
819 3930 943 3985 omuibus
963 3932 1031 3985 loeis
1051 3932 1111 4001 poli
1130 3932 1259 3991 elevatio.

370 4012 479 4065 Falsum
498 4025 559 4064 esse
579 4010 701 4065 hodierni
730 4012 795 4067 anni
825 4012 1008 4083 quantitatem
1028 4030 1065 4067 ex
1086 4012 1249 4083 Cepernito,
1278 4012 1375 4084 legere
1399 4018 1479 4082 potes
1501 4010 1530 4065 in
1548 4012 1618 4066 Pro·

284 4091 481 4165 gymnasmatis
501 4091 659 4161 Tyebouis3'
685 4098 716 4146 at
734 4110 789 4146 non
809 4092 870 4147 ideo
897 4092 987 4145 falsae
1012 4098 1077 4146 sunt
1104 4110 1197 4149 omues
1225 4093 1411 4164 hypotheseos
1439 4098 1545 4163 partes.
1585 4093 1619 4147 Iu
1665 4118 1668 4123 ·

284 4171 424 4245 praesenti
443 4172 581 4227 schemate
601 4188 654 4226 uon
675 4179 719 4227 eat
738 4188 873 4241 expressa
894 4171 1037 4241 Copernioi
1056 4179 1119 4227 tota
1137 4172 1316 4246 hypothesis,
1335 4175 1415 4228 deest
1433 4172 1497 4241 ejus.
1512 4172 1620 4227 intorta

284 4252 395 4317 corolla,
417 4268 497 4323 quam
516 4269 569 4323 ego
590 4270 626 4306 ex
646 4258 726 4322 parte
747 4252 878 4309 transtuli
898 4254 927 4307 in
946 4252 1108 4307 sotietatem
1127 4252 1298 4309 eireollorum
1316 4252 1341 4307 E
1361 4259 1391 4307 et
1409 4254 1448 4316 F;
1467 4269 1534 4325 pars
1554 4253 1617 4322 ejus

286 4334 378 4389 altera
395 4330 440 4386 hio
459 4334 544 4388 deest
584 4332 687 4387 Contra
714 4332 835 4388 eorollae
863 4332 910 4387 hio
939 4348 1091 4402 expressae
1120 4334 1220 4389 desunt
1238 4334 1268 4389 in
1288 4333 1453 4403 Copernioo,
1483 4336 1530 4408 seri
1549 4334 1617 4387 rub·

285 4413 478 4485 intelliguntur
497 4415 547 4467 suh
567 4412 673 4467 ratium
694 4413 787 4483 punoti
808 4429 857 4466 sau
884 4412 979 4466 oirouli
997 4413 1022 4466 E
1043 4412 1121 4477 nudi,
1146 4421 1261 4484 propter
1285 4413 1468 4485 exiguitatem
1488 4411 1538 4468 sui.
1578 4414 1619 4468 Et

286 4512 339 4566 ego
359 4511 409 4565 per
427 4494 479 4548 hoo
498 4494 607 4548 oshema
633 4492 753 4564 aliquam
779 4492 886 4563 quidem
915 4491 1143 4562 inaequalitatem
1164 4494 1228 4547 anni
1256 4492 1353 4563 tropici
1380 4494 1533 4547 demonstro
1555 4490 1617 4558 (seu

286 4574 376 4647 potius
396 4572 590 4645 praecessionis
611 4570 861 4643 aequinoctiorum),
883 4588 938 4627 nou
957 4587 1022 4626 sero
1043 4579 1150 4628 tantam
1170 4575 1216 4627 rel
1234 4574 1328 4637 talem,
1350 4580 1454 4643 quanta
1474 4572 1617 4645 qualisque

287 4662 406 4727 apparet
423 4670 461 4709 ex
481 4653 682 4721 eomparatione
702 4652 787 4707 seculi
806 4651 969 4707 Ptolemaiei
989 4667 1050 4707 oum
1069 4654 1177 4708 esteris.

373 4736 416 4791 De
437 4732 618 4789 abstrahendo
639 4738 713 4786 motu
732 4731 939 4803 praeoessiouis‚
961 4738 1133 4805 temperante
1153 4740 1278 4802 tempore
1297 4726 1406 4804 interii
1429 4735 1617 4805 asrouyobiaa

286 4814 379 4887 judita
391 4832 428 4871 ex
440 4814 482 4876 iia,
503 4828 572 4883 quae
592 4828 676 4883 supra
693 4811 759 4867 dixi.
787 4810 901 4867 Omnino
921 4812 1123 4869 abstrahendus
1144 4818 1189 4866 est
1201 4812 1239 4866 ab
1258 4812 1378 4884 angulis
1398 4811 1426 4865 si.
1435 4814 1621 4871 subtilitatem

289 4912 394 4951 omnem
412 4894 523 4947 velimus
543 4891 703 4947 museotari.
743 4892 814 4963 Ego,
834 4908 870 4947 ue
890 4898 979 4947 totam
998 4892 1219 4961 praecessionem
1238 4908 1324 4964 togas
1343 4891 1426 4947 teh'es
1445 4894 1618 4961 abstrahere,

291 4975 365 5031 soleo
385 4970 586 5029 observationer
606 4971 769 5041 posteriores
789 4973 825 5027 ad
844 4972 959 5043 primam
978 4972 1123 5039 ιοᾶιιοοιο,
1148 4978 1257 5030 tautum
1283 4970 1448 5030 abstrahens
1468 4973 1505 5031 ab
1524 4990 1619 5031 eorum
