3517 5525
497 426 528 479 ds
545 424 735 481 Commentariis
752 428 783 481 do
801 436 870 483 motu
887 431 975 483 sullae
993 429 1089 481 Martis.
1422 420 1465 493 79

103 604 207 669 multa
231 607 372 669 anomala
395 607 600 687 contingent·
628 607 850 673 Occurrendum
874 617 922 672 est
944 592 1037 672 etiam
1065 605 1109 671 sic
1131 612 1202 669 tuae
1225 604 1405 688 suspicionis
1437 608 1465 673 si

2 742 3 751 ,
103 716 203 758 rausa
228 696 371 776 ancipitis
395 698 598 780 hypotheseos
622 701 725 780 (quam
749 707 849 762 tamen
869 700 934 777 jam
957 696 1122 779 explicavi)
1155 704 1239 762 esset
1260 696 1289 759 iu
1313 699 1464 761 ecceutri-

103 786 205 847 oitate
230 784 330 858 Solis.
353 795 436 849 certe
460 806 594 869 apogaeo
619 796 645 859 ὀ
669 797 700 850 ει
724 786 763 866 Θ
789 785 850 853 48⁰
872 789 1016 851 distanti:
1041 786 1224 865 impossibile
1247 786 1339 866 igitur
1370 795 1463 858 esset,

2 864 3 919 ἶ
101 882 140 937 ιι
161 874 240 937 mihi
265 874 347 937 idem
368 876 399 936 in
422 895 480 937 uuo
504 877 690 940 semicirculo
714 879 860 958 prodiret,
885 878 935 959 qui
957 877 1094 940 continet
1116 894 1281 955 apogaeum
1305 872 1361 953 Q,
1385 878 1465 958 qnod

101 962 135 1024 iu
160 964 278 1039 altero,
304 964 353 1046 qni
376 964 550 1045 perigaeum
574 964 613 1044 Q
637 967 740 1029 habet.
787 968 889 1049 Atque
912 988 999 1042 ecoe,
1022 966 1053 1028 in
1077 965 1270 1045 sequentibus
1292 973 1326 1027 tu
1348 973 1380 1027 te
1398 966 1464 1045 ipso

103 1052 218 1133 arripis
236 1054 350 1134 tibique
367 1054 472 1134 objicis
488 1055 557 1136 ipsi,
574 1066 730 1135 utramque
745 1056 992 1138 inaequalitatem
1007 1055 1046 1117 ab
1062 1054 1287 1116 ecceutricitate
1302 1062 1333 1116 et
1344 1051 1384 1132 Q
1395 1062 1465 1127 etd

104 1164 125 1203 a
134 1163 192 1205 suo
203 1142 337 1224 incipere
349 1144 495 1225 principio
506 1155 537 1207 et
548 1146 685 1207 conlundi
697 1152 731 1215 (v.
744 1170 763 1205 s
775 1171 798 1219 p.
810 1153 864 1217 71),
875 1146 1011 1227 quamvis
1021 1152 1054 1205 tu
1064 1144 1093 1205 iu
1109 1143 1171 1205 alia
1184 1144 1312 1205 materia
1325 1163 1463 1227 usurpas.

101 1234 226 1313 Nempe
265 1252 321 1313 per
360 1253 525 1313 apogaeum
551 1232 590 1313 Q
621 1255 725 1315 speras
763 1244 942 1315 aequantem
973 1234 1084 1297 Martis
1111 1234 1233 1308 tollere,
1268 1235 1381 1295 frustra
1406 1235 1465 1297 hoc

102 1322 171 1403 ipso
199 1329 389 1401 argumento,
414 1322 492 1404 quod
516 1344 648 1405 aequans
664 1323 802 1385 exaudis
825 1325 1012 1406 acrouyohiis
1038 1323 1210 1397 exstruitur,
1226 1321 1283 1383 'ubi
1307 1320 1347 1401 Q
1371 1325 1461 1405 plane

102 1410 179 1473 nihil
205 1410 291 1481 facit.
317 1412 371 1473 sed
395 1420 452 1485 est,
475 1434 512 1477 ac
536 1413 562 1475 si
586 1420 611 1483 d
636 1434 673 1475 ex
696 1414 761 1493 ipso
785 1421 888 1475 centro
911 1414 1011 1476 mundi
1030 1420 1227 1494 spectaretur.
1266 1412 1309 1473 bli
1323 1412 1463 1475 Fabrici:

2 1526 3 1543 ι
103 1500 239 1577 gratiam
275 1500 395 1583 quidem
427 1511 557 1566 meretur
588 1512 670 1565 tuum
687 1501 841 1565 ¹*ueritatis
874 1502 1006 1565 studium
1033 1511 1066 1565 et
1092 1501 1274 1563 sollicitudo.
1321 1500 1465 1565 Ceterum

2 1614 3 1673 y
103 1592 180 1651 haec
206 1608 259 1651 res
281 1608 342 1651 nou
366 1591 465 1670 agitur
488 1591 668 1671 conjecturis
692 1599 724 1653 et
747 1592 965 1671 suspicionibus
989 1592 1112 1654 talibus.
1158 1590 1192 1652 lu
1212 1598 1368 1653 aeteruum
1391 1591 1464 1654 nihil

103 1678 180 1741 certi
205 1678 459 1755 nancisceremur,
484 1680 542 1743 uisi
565 1682 666 1762 aliqua
689 1688 774 1743 certa
797 1688 828 1743 ει
842 1682 927 1743 llrma
948 1681 1219 1761 praemitteremus.
1255 1680 1302 1743 At
1315 1688 1348 1741 tu
1362 1688 1463 1760 putas,

103 1768 183 1847 quod
209 1786 269 1848 ego
291 1768 374 1850 prius
398 1770 469 1831 mibi
493 1771 602 1851 fingam
619 1772 749 1850 aliquam
763 1770 938 1833 concinnam
958 1768 1147 1854 hypothesin,
1174 1768 1205 1829 in
1227 1788 1265 1830 ea
1286 1771 1464 1832 exornanda

102 1856 176 1919 mihi
202 1856 264 1937 ipsi
289 1858 478 1939 applaudam,
504 1869 611 1940 postea
634 1861 751 1922 demum
774 1860 857 1922 illam
881 1860 920 1921 ad
943 1859 1169 1922 ohservationes
1192 1858 1369 1921 examinem.
1415 1858 1462 1922 Ac

102 1948 194 2027 longe
220 1945 348 2008 falleris.
388 1948 501 2031 Verum
525 1961 581 2023 est,
607 1950 661 2012 ubi·
679 1950 854 2031 hypothesis
879 1948 1139 2012 observationibus
1153 1955 1310 2009 exstructa
1333 1958 1365 2008 et
1386 1966 1463 2011 cou-

101 2038 228 2098 lirmata
254 2043 318 2110 est,
342 2044 451 2116 postea
473 2037 594 2102 mirifice
618 2040 730 2119 gestio,
762 2040 788 2102 si
811 2040 840 2099 iu
865 2058 902 2101 ea
924 2046 1050 2101 naturae
1074 2037 1205 2117 aliquam
1228 2036 1464 2100 concinnitatem

102 2124 269 2189 inveniam.
316 2126 363 2187 Αι
385 2145 534 2208 nunquam
558 2136 649 2191 antea
672 2129 761 2209 plane
785 2129 939 2190 concludo.
984 2128 1052 2208 Ego
1074 2126 1255 2207 sesquiannc
1278 2126 1360 2206 prius
1391 2127 1465 2189 mihi

103 2216 138 2276 de
163 2214 339 2276 bisentione
364 2216 600 2279 eccentrioitatis
624 2218 741 2279 somnia
763 2212 889 2300 physica
911 2218 998 2293 finni,
1028 2236 1116 2299 quam
1145 2216 1233 2295 plane
1257 2216 1463 2279 concluserim.

2 2328 3 2333 ¹
103 2305 187 2367 llam
211 2322 269 2383 pro
290 2300 373 2368 1800
388 2324 505 2385 semper
520 2304 608 2370 2300
627 2307 797 2387 prodibant.
834 2306 877 2369 At
902 2326 1020 2369 errores
1043 2312 1130 2368 erant
1152 2305 1182 2366 in
1205 2304 1465 2368 observationibus

103 2394 185 2456 male
211 2392 353 2454 deductis
377 2394 415 2454 ad
440 2395 623 2474 eclipticam,
655 2414 729 2475 quas
760 2404 847 2458 tanto
876 2404 948 2477 post
968 2403 1103 2475 tempore
1127 2395 1244 2457 demum
1268 2394 1463 2476 deprehendi.

102 2484 144 2545 Iis
169 2482 305 2544 sublatis
328 2482 483 2545 celerrime
509 2482 594 2548 1800
617 2484 762 2565 prodiere,
788 2492 820 2547 et
843 2506 880 2547 ex
895 2486 1031 2547 omnibus
1044 2484 1233 2565 pragmatiis,
1259 2503 1384 2564 quarum
1406 2504 1465 2553 non

101 2574 203 2635 minus
229 2590 295 2645 sex,
321 2572 465 2651 quasdam
489 2574 570 2636 senis
593 2576 757 2637 instructus
780 2574 1015 2636 revolutionibus
1042 2573 1239 2654 pertractavi.
1284 2573 1367 2636 Tunc
1390 2592 1464 2636 saue

101 2662 250 2724 mirificus
275 2661 354 2740 apud
378 2679 424 2722 me
445 2672 526 2724 ortus
543 2672 591 2725 est
605 2684 777 2737 cousensus
794 2664 1038 2726 concurrentibus
1053 2662 1209 2725 confertim
1224 2670 1254 2723 ot
1269 2682 1336 2725 cum
1351 2662 1465 2743 impetu
1490 2680 1496 2689 ·

100 2752 217 2814 mentis
242 2749 313 2812 hinc
337 2750 589 2830 observationum,
614 2753 682 2816 iude
705 2754 844 2837 physices
868 2753 1159 2816 ratiocinationibus.

193 2841 278 2904 Nam
293 2847 326 2903 ut
342 2849 395 2904 tna
419 2843 626 2923 quaestionum
648 2844 777 2922 vestigia
800 2844 940 2905 contiuuo
964 2862 1100 2906 sermone
1123 2861 1248 2924 sequare
1298 2848 1353 2911 uig.
1372 2839 1416 2892 ²⁰·

102 2932 183 2996 seito
218 2934 268 3004 (et
299 2939 372 3010 puto
403 2951 449 2994 une
477 2933 540 3010 jam
571 2935 691 3013 saepius
722 2935 915 3006 inculcasse),
946 2933 1103 3015 aequantia
1128 2951 1249 2995 causam

101 3041 173 3083 esse
208 3039 433 3097 φισικωτατηιι
465 3041 522 3084 uon
558 3029 657 3084 tamen
695 3023 758 3102 ejus
793 3022 967 3104 aequantia,
1006 3042 1064 3103 quo
1095 3022 1181 3084 uobis
1211 3021 1250 3082 ad
1304 3017 1323 3065 ¹

101 3109 288 3190 compendia
316 3109 425 3172 calculi
449 3119 496 3173 est
523 3113 675 3174 utendum.
722 3113 801 3174 Nam
823 3112 849 3173 is
873 3129 927 3189 per
949 3131 1035 3172 snam
1058 3111 1152 3191 ipsius
1175 3130 1249 3172 cau-

102 3219 191 3272 sam,
227 3217 288 3278 qua
317 3197 392 3260 locis
426 3199 600 3263 ecceutricis
634 3201 811 3263 satisfacere
845 3202 1082 3274 demonstratur,
1116 3200 1251 3280 arguitur
1426 3207 1444 3254 Β

79 3285 258 3350 'falsitatis
288 3287 368 3349 circa
400 3289 656 3367 dispensationem
689 3289 899 3352 distantiarum
931 3297 962 3350 et
993 3289 1061 3350 viae
1097 3290 1248 3369 planetae.

2 3365 3 3398 ³
101 3377 279 3458 Requiraut
318 3378 515 3460 acrouychiae
559 3379 816 3441 ecceutricitatem
859 3378 929 3452 AB,
973 3373 1150 3459 aequantem
1184 3376 1249 3451 BC,
1308 3411 1329 3458 1

105 3467 225 3528 docebo
251 3483 307 3545 ego
336 3485 374 3528 ex
404 3487 496 3529 causa
523 3469 648 3550 physica
670 3469 735 3530 sine
758 3467 955 3548 parallaxium
985 3468 1096 3530 auxilio
1127 3467 1249 3546 (quam-

2 3578 3 3602 ι
102 3555 151 3618 iis
189 3554 252 3616 hae
285 3572 332 3616 ιιε
365 3555 492 3638 primurn
522 3557 692 3632 docuerint)
722 3577 759 3619 ex
787 3558 859 3634 AB,
886 3555 941 3619 BC
972 3557 1120 3637 inquirere
1154 3575 1264 3636 quana

2 3663 3 3672 ¹
103 3645 232 3708 titatem
266 3643 322 3706 DE
354 3664 444 3707 verae
478 3647 732 3717 ecceutricitatis‚
762 3667 837 3727 quae
868 3658 917 3708 εει
949 3647 1101 3730 dimidium
1132 3645 1170 3706 de
1197 3645 1252 3707 DF

103 3734 200 3818 paulo
233 3733 371 3796 breviore
400 3754 487 3816 quam
514 3734 582 3798 Ac.
629 3736 713 3799 Haec
744 3735 800 3798 DE
832 3755 906 3796 vera
937 3735 1145 3798 ecceutricitas
1168 3734 1254 3796 dabit

101 3843 199 3887 veras
234 3823 398 3886 distantias
432 3831 463 3886 ει
494 3825 570 3887 vium
599 3833 749 3895 &veram
783 3833 872 3906 atque
901 3823 992 3886 etiam
1021 3826 1090 3887 loca
1115 3831 1141 3894 ὁ
1169 3842 1250 3898 vera,
1313 3819 1333 3866 Β
1420 3819 1443 3873 l

104 3914 162 3977 sed
187 3911 437 3976 laboriosissime.

197 4001 248 4064 De
280 4002 544 4065 latitudinibus
568 4003 678 4070 Martis
712 4003 787 4065 satis
820 4002 962 4083 inquiete.
1007 4001 1095 4064 Prius
1126 4002 1309 4081 placueram.
1355 4000 1390 4066 Si
1413 4003 1465 4065 via

103 4091 319 4172 longitudinis,
344 4091 451 4172 inquis,
477 4100 524 4154 est
548 4093 654 4166 ovalis,
678 4092 790 4174 poterit
813 4099 845 4154 et
867 4091 918 4153 via
936 4091 1105 4153 latitudinis
1120 4109 1187 4153 esse
1203 4099 1349 4164 tortuosa,
1375 4109 1465 4173 quare

104 4181 248 4246 reductio
263 4181 414 4263 Tyohonis
434 4200 513 4257 vera,
538 4190 592 4243 tua
614 4201 695 4258 vero,
719 4181 860 4262 Keplere,
884 4180 984 4260 opinio
1006 4181 1146 4262 impingit
1167 4181 1197 4242 iu
1221 4181 1333 4242 malam
1357 4200 1465 4244 eccen-

104 4269 260 4334 tricitatis
285 4269 510 4334 ordinationem.
556 4269 585 4333 Ο
607 4272 833 4352 praedatorem!
858 4289 947 4354 quam
969 4271 1089 4350 egregie
1113 4270 1183 4332 mibi
1208 4271 1348 4348 fugiendo
1371 4291 1465 4353 nego-

104 4362 184 4424 tium
200 4358 336 4435 exhibes,
354 4359 466 4422 nullam
479 4360 673 4423 munitionem
688 4360 839 4434 obsidens,
855 4379 1007 4442 nunquam
1022 4367 1127 4439 aperto
1142 4359 1242 4422 Marte
1257 4361 1463 4441 congrediens.

106 4449 192 4522 Quid
228 4467 302 4530 opus
336 4449 525 4528 suspicione?
571 4448 699 4514 Ovalem
732 4467 788 4530 ego
819 4451 946 4530 figuram
978 4449 1103 4530 primum
1135 4469 1172 4510 ει
1205 4448 1465 4512 observationibus

105 4539 327 4612 demonstravi,
353 4546 462 4616 postea
484 4539 615 4601 naturali
632 4540 836 4619 speculatione
860 4538 1008 4612 roboravi,
1034 4537 1077 4599 sic
1100 4545 1134 4600 ut
1156 4559 1192 4600 ex
1216 4539 1332 4601 duobus
1350 4557 1464 4619 aequa-

105 4627 237 4691 lissimis
260 4625 414 4707 principiis
439 4647 526 4692 uuum
550 4627 671 4690 tertium
693 4630 850 4710 inaequale
874 4628 1017 4708 prodiret.
1063 4627 1108 4688 Tu
1132 4629 1159 4689 si
1182 4629 1243 4690 tale
1276 4627 1346 4709 qnid
1371 4647 1462 4706 prae-

106 4717 228 4780 stiteris
253 4736 319 4778 cum
342 4724 556 4780 tuatortuosa
579 4717 747 4780 latitudiuis
770 4719 829 4793 via,
853 4717 983 4791 viceris‚'
997 4725 1029 4777 ει
1051 4735 1106 4795 ego
1130 4718 1276 4780 inutiliter
1290 4717 1463 4797 'l'ychouiea

106 4805 289 4869 taxaverim.
335 4807 380 4868 At
403 4807 452 4887 qui
474 4805 589 4887 possis,
622 4825 686 4868 cum
718 4808 793 4869 haec
826 4814 964 4870 tortuosa
994 4806 1044 4867 via
1065 4805 1232 4870 latitudiuis
1255 4814 1398 4885 sequatur
1421 4825 1460 4868 ex

109 4915 176 4958 mea
199 4895 361 4980 hypothesi
385 4895 595 4976 longitudinis,
629 4915 704 4977 quae
736 4897 864 4960 nondum
889 4905 937 4958 est
959 4915 1080 4970 eversa,
1113 4917 1151 4958 ιε
1175 4896 1292 4978 quidem
1315 4895 1463 4956 obsessa?

110 4986 192 5048 Nam
216 4994 250 5049 tn
275 4985 393 5066 quidem
417 4993 522 5048 contra
541 5005 608 5048 eam
623 4986 714 5050 solita
733 4985 795 5068 pila
811 4985 975 5066 jacularis,
999 4985 1183 5067 suspiciones
1207 4983 1328 5047 inutiles
1350 4983 1463 5064 priuci-
