3517 5525
291 379 357 455 204
764 381 804 439 De
821 384 929 439 llofibns
947 380 1041 440 Stellae
1060 380 1150 439 Martis

292 566 372 629 circa
393 565 566 645 perigaeum
588 566 618 628 in
643 559 836 645 Gaprieorno,
861 566 1036 630 continuata
1058 566 1139 629 linea
1162 568 1248 637 MA,
1281 574 1315 629 ut
1342 573 1425 629 secet
1447 558 1632 627 eccentricos

291 656 322 717 in
342 656 374 730 P,
388 657 424 719 E.
478 654 556 718 Nam
585 664 698 735 quanta
725 664 773 718 est
800 654 883 731 MA,
921 663 1008 743 tanta
1037 664 1085 716 est
1113 663 1142 717 et
1173 658 1238 719 ΡΕ.
1295 654 1356 717 Sed
1389 654 1459 737 quia
1491 674 1548 717 non
1564 654 1632 716 ‘de-

292 745 429 823 signator
452 752 629 806 momentum
651 744 730 805 idem
751 762 805 823 per
828 746 905 806 hanc
929 764 1016 806 unam
1039 745 1149 807 lineam
1175 745 1209 807 Μ
1216 747 1258 821 A
1287 764 1353 807 cum
1376 764 1433 807 non
1458 745 1554 820 M„A
1578 743 1633 805 sed

292 836 321 897 A
343 834 385 895 sit
406 841 548 913 punctum
571 832 774 914 aequalitatis,
786 852 869 913 ¹argo
893 850 996 896 versus
1022 835 1074 895 PE
1096 833 1218 897 veniant
1240 834 1378 914 paralleli
1402 852 1440 894 ex
1463 835 1532 907 AA,
1557 851 1633 913 quae

292 922 455 1001 signabunt
475 931 656 985 momentum
680 922 773 984 idem:
807 923 926 1005 sintque
952 924 1021 1001 AP,
1055 926 1110 987 ΔΕ
1133 931 1165 986 et
1188 943 1225 985 ex
1249 926 1282 1000 P,
1297 926 1322 985 E
1344 922 1471 1003 epicycli
1495 922 1633 986 scriban-

292 1022 342 1073 tur
363 1012 403 1084 N,
419 1013 461 1074 Π.

381 1097 552 1175 Quaeritur,
568 1099 617 1160 ubi
632 1100 763 1162 maxima
778 1107 923 1180 appareat
937 1101 1012 1163 haec
1027 1099 1229 1182 discrepantia
1242 1100 1358 1163 ratione
1375 1098 1633 1162 circumferentias

293 1188 438 1270 epicycli?
482 1188 525 1250 Et
547 1198 668 1262 certum,
694 1189 772 1269 quod
794 1209 853 1251 nou
875 1188 905 1250 io
929 1190 1064 1269 partibus
1088 1190 1212 1293 epicycli
1228 1188 1286 1268 ipsi
1309 1192 1342 1251 K
1352 1190 1463 1251 Terrae
1478 1187 1632 1291 proximis,

294 1278 365 1359 quia
388 1285 492 1338 essent
512 1278 572 1357 ipsi
594 1280 627 1340 K
645 1279 685 1340 ad
707 1279 829 1379 plagam
852 1280 994 1341 eandem:
1026 1299 1080 1342 uec
1103 1282 1132 1341 in
1157 1278 1297 1354 summis,
1327 1277 1397 1357 qnia
1419 1277 1507 1339 nimis
1532 1285 1636 1339 esseut

293 1375 441 1431 remotae:
474 1384 545 1447 ergo
577 1366 607 1429 iu
634 1366 776 1448 proximis
804 1368 939 1445 partibus
969 1369 1109 1448 perigaeo
1141 1367 1285 1449 epioycll:
1320 1386 1390 1470 ergo
1414 1366 1486 1428 Sole
1510 1374 1633 1428 etcum

295 1458 352 1519 hoc
375 1457 499 1535 planeta
521 1474 578 1517 oon
602 1456 723 1536 plaue
715 1476 744 1517 m
767 1449 915 1560 perigaeq'
932 1476 986 1519 suo
1010 1466 1152 1521 versante
1173 1458 1227 1519 sed
1250 1456 1393 1537 proxime,
1419 1464 1450 1517 et
1472 1455 1503 1516 iu
1518 1474 1636 1517 summa

295 1549 344 1619 (ut
374 1544 506 1607 breviter
538 1544 696 1618 dicam)
687 1565 718 1607 m
745 1548 881 1627 punctis
897 1546 934 1608 ils
963 1549 1002 1617 N,
1018 1551 1056 1609 Π
1079 1548 1184 1608 eodem
1212 1546 1356 1625 temporie
1385 1554 1535 1607 momento
1559 1563 1634 1605 cou-

293 1634 501 1708 venieotibus,
533 1653 587 1714 per
618 1653 694 1715 quae
718 1643 750 1695 et
771 1618 811 1695 l(
823 1635 962 1699 minimus
985 1635 1121 1699 circellns
1144 1634 1319 1697 traducitur
1365 1633 1425 1695 Est
1446 1642 1546 1696 autem
1569 1634 1636 1713 ejus

295 1724 408 1785 circelli
432 1732 567 1786 ιιιιιιιι
590 1722 621 1785 ιι
644 1724 724 1785 linea
746 1738 800 1803 per
821 1728 852 1787 Κ
874 1726 974 1818 ducta,
997 1734 1073 1805 'qnae
1098 1726 1635 1802 continuatasursnmetcoucnrreos

298 1832 365 1875 oum
388 1810 468 1874 linea
493 1814 552 1875 ΡΔ
573 1811 677 1875 itidem
700 1814 873 1875 contionata
897 1815 1037 1895 angulum
1060 1807 1144 1897 772⁰
1165 1812 1399 1892 comprehendit.

381 1910 674 1973 Demonstrationem
698 1911 958 1991 exsuperioribus
982 1914 1038 1974 huc
1062 1913 1274 1985 accommodet,
1300 1910 1349 1993 qui
1372 1930 1429 1973 non
1454 1909 1635 1989 adquiescit3

294 2000 408 2061 numeri
431 2000 567 2102 quidem
571 2000 660 2062 iirlem
682 2009 821 2076 manent,
845 2001 902 2063 nisi
935 2002 1013 2083 quod
1037 2004 1115 2081 apud
1140 2003 1344 2064 Ptolemaeum
1369 2000 1438 2064 MA
1460 1998 1566 2101 major¹
1576 2006 1635 2101 ιιι,

296 2108 386 2169 quam
408 2088 544 2180 superine
559 2088 589 2149 in
606 2089 736 2154 numeris
759 2091 912 2170 usurpatis
926 2094 970 2168 μλ
989 2097 1051 2167 (lig.
1070 2096 1138 2166 59);
1162 2110 1251 2172 quare
1270 2098 1303 2151 ιι
1321 2082 1507 2151 differentia
1512 2086 1637 2150 visionis

294 2178 400 2258 major,
425 2170 541 2240 seilicet
562 2180 674 2241 NKH.
1356 2189 1370 2232 ι

381 2267 471 2329 Prius
493 2286 597 2347 nempe
622 2275 688 2328 erat
709 2274 743 2329 ut
767 2269 808 2345 ιβ
830 2268 870 2329 ad
893 2272 934 2330 ol
956 2268 1097 2350 minorem
1126 2286 1215 2349 quam
1239 2275 1287 2331 est
1310 2266 1432 2346 dimidia
1455 2266 1506 2342 ιβ,
1530 2265 1574 2327 ιιι
1596 2265 1638 2341 da

221 2376 224 2381 ·
296 2356 334 2418 ad
357 2359 410 2433 λμ.
458 2356 629 2418 Ptolemaeo
657 2374 756 2417 vero·
748 2365 860 2432 esset,
878 2367 923 2424 ,ιι
953 2340 1016 2421 KA
1044 2366 1111 2420 tota
1140 2358 1179 2419 ad
1208 2358 1271 2421 KA
1304 2353 1472 2429 dimidiam,
1504 2356 1552 2417 sio
1573 2356 1601 2417 A
1609 2356 1638 2417 A

296 2444 462 2526 aequalis
454 2446 510 2523 ipsi
533 2446 574 2522 βιι
597 2446 635 2507 ad
660 2444 736 2510 MA.

382 2533 547 2613 Denique
580 2534 702 2595 eadem
732 2543 769 2597 et
798 2534 834 2596 iu
865 2516 1075 2617 Tycllouioa
1106 2535 1303 2618 hypothesi
1333 2534 1520 2599 deducam.
1563 2544 1637 2613 (Etsi

296 2626 369 2694 apud
383 2624 523 2679 Braheum
542 2624 616 2679 orbis
629 2624 727 2679 Martis
749 2632 827 2680 secat
847 2627 940 2681 orbem
953 2626 1042 2690 Solis;
1064 2624 1129 2699 quia
1149 2634 1242 2683 tomen
1262 2626 1409 2697 generalis
1428 2627 1547 2685 tracto'
1539 2645 1568 2681 ιι
1581 2627 1636 2681 hac

294 2704 384 2778 prima
403 2711 494 2774 parte,
515 2712 628 2777 atquae
650 2706 780 2765 omnibus
792 2706 915 2776 planetis
935 2707 1106 2772 conveniunt,
1129 2708 1214 2763 malui
1234 2705 1278 2763 nn
1290 2708 1438 2764 excludere
1458 2712 1530 2766 hano
1550 2708 1635 2764 iuter·

298 2794 456 2859 sectionem,
486 2795 599 2850 multum
620 2795 692 2850 enim
722 2797 935 2852 obscuritatis'
927 2815 955 2852 ιι
985 2799 1124 2855 schemate
1154 2799 1246 2853 iuerat
1273 2796 1424 2870 paritura.)
1473 2785 1635 2854 Oendross

296 2878 361 2947 (rig
381 2879 425 2945 tl)
453 2875 610 2938 scitatur
635 2878 823 2939 eccoedsicus
846 2875 937 2940 Solis
958 2875 1025 2953 GS,
1053 2877 1124 2942 ιε’
1110 2900 1144 2940 ιιι
1165 2898 1200 2939 eo
1223 2875 1281 2939 BG
1303 2880 1344 2943 sit
1331 2877 1452 2944 tliueo
1478 2878 1635 2962 apsidum,

297 2960 426 3026 Oloessa
442 2963 563 3026 Tearos
577 2964 745 3028 imusobilis
758 2973 787 3028 et
801 2967 827 3028 B
843 2973 993 3050 puuctum
1013 2965 1216 3050 aequalitatis
1231 2987 1270 3032 en
1282 2951 1436 3032 ιιιιιιιιὲι
1455 2975 1641 3050 aemorum:

296 3072 365 3114 oam
387 3051 416 3114 io
440 3060 603 3132 progressu
627 3054 810 3128 ostendetur,
832 3063 973 3134 puuctum
997 3056 1190 3137 aequalitatis
1214 3064 1245 3116 et
1267 3064 1400 3120 centrum
1424 3055 1583 3121 eccentrici
1607 3054 1639 3114 in

297 3141 413 3203 tlleoria
436 3141 517 3204 Solis
540 3162 599 3204 non
621 3161 689 3204 esse
712 3143 800 3206 idem.
833 3144 1015 3228 mercator
1037 3166 1077 3208 erc
1091 3147 1126 3221 B,
1143 3143 1168 3208 G
1186 3145 1539 3229 perpendicrdoresBS,
1561 3143 1636 3209 GV.

295 3237 325 3294 et
339 3240 539 3296 connectatur
554 3231 577 3295 S
592 3253 663 3295 com
678 3231 714 3308 0,
728 3242 763 3297 ιιι
775 3235 819 3297 sit
832 3232 890 3296 OV
905 3233 989 3298 liaeo
1003 3236 1102 3298 medii
1116 3241 1144 3298 et
1160 3229 1210 3296 OS
1224 3237 1409 3318 apparentis
1423 3245 1525 3300 motus
1539 3231 1635 3296 Solis.

386 3329 455 3391 Etsi
494 3331 500 3344 '
526 3331 585 3392 'tur
609 3332 711 3413 'lyoho
733 3331 833 3392 Brahe
864 3333 994 3411 nondum
1023 3332 1111 3412 plane
1142 3333 1343 3409 concluserat,
1377 3342 1474 3396 utrum
1498 3334 1639 3414 planetas

236 3493 240 3502 Ι
296 3419 335 3482 ad
357 3419 453 3481 lineas
477 3350 549 3495 Cle,
574 3439 613 3480 ao
636 3439 706 3482 vero
731 3421 769 3482 ad
793 3419 844 3482 OS
867 3421 1007 3497 referret,
1032 3422 1061 3482 in
1085 3423 1181 3503 prima
1203 3428 1303 3484 ιιιιιι
1327 3423 1520 3504 conceptione
1543 3422 1640 3484 lineas

297 3508 353 3571 GV
390 3508 514 3584 habuit,
551 3509 593 3570 uti
623 3509 741 3588 quidem
768 3517 849 3570 tomo
879 3511 904 3572 I.
930 3511 1229 3592 Progymnasmatlrm
1262 3509 1312 3574 lol.
1341 3507 1416 3574 477.
1445 3520 1477 3574 et
1499 3520 1571 3574 tom.
1595 3509 1639 3572 11.

297 3598 352 3660 fol.
380 3594 452 3660 188.
484 3596 670 3658 declaratum
701 3597 837 3678 reliquit:
875 3617 963 3679 quam
992 3601 1116 3662 eandem
1139 3600 1310 3678 viam'ipsa
1332 3621 1447 3682 quoque
1471 3596 1640 3662 Ptolemaei

298 3696 330 3748 et
353 3685 511 3766 Copernicl
540 3686 670 3766 vestigia
698 3686 755 3765 ipsi
779 3696 1002 3752 'monstrarunt
1054 3689 1140 3766 Hanc
1172 3689 1351 3770 cTyolrone
1376 3692 1525 3753 calcatam
1548 3690 1637 3762 viam,

298 3775 325 3838 'si
347 3777 386 3838 ad
408 3783 537 3837 mentem
559 3774 726 3837 Ptolemaei
749 3794 927 3856 pergamus,
965 3779 1062 3840 dicere
1093 3785 1226 3857 oportet,
1258 3779 1374 3858 quoties
1397 3780 1522 3860 planeta
1542 3778 1574 3843 iu
1598 3778 1638 3839 ll·

300 3883 374 3928 neas
398 3864 462 3928 CV
485 3865 574 3926 medii
604 3871 703 3926 motos
727 3861 807 3927 Solis
835 3865 939 3928 incidit
966 3887 982 3928 e
1006 3867 1126 3946 regione
1151 3865 1251 3942 Solis,
1291 3869 1382 3930 toties
1397 3869 1495 3930 --illum
1528 3883 1637 3929 exuere

182 4025 185 4029 ,
299 3953 546 4034 inaequalitatem
570 3954 740 4022 secundam,
764 3974 841 4036 quae
864 3955 893 4017 ei
916 3956 1026 4018 accidit
1049 3975 1086 4020 ex
1104 3956 1214 4019 Brahci
1234 3957 1393 4034 sententia,
1418 3957 1456 4020 ob
1474 3946 1635 4020 motion'em

298 4043 394 4106 centri
416 4043 575 4106 ιιιιιιιίιι
599 4041 680 4104 circa
702 4044 827 4107 Terram
848 4045 954 4107 eodem
977 4055 1109 4125 tempore
1134 4063 1199 4108 cum
1223 4044 1304 4108 Sole.

386 4131 465 4193 Nam
488 4133 584 4214 ipsum
606 4127 724 4212 quidem
747 4152 900 4196 commune
923 4145 1074 4215 punctum,
1098 4135 1182 4214 cqjus
1210 4143 1349 4215 respectu
1372 4153 1474 4198 omnes
1497 4137 1639 4217 planetae

299 4229 412 4286 motum
435 4221 573 4285 dicuntur
599 4221 709 4284 habere
741 4222 939 4288 eccentricum
963 4232 995 4285 et
1016 4223 1044 4285 iu
1069 4243 1125 4305 quo
1148 4232 1244 4288 totum
1277 4233 1410 4308 systema
1440 4225 1642 4305 planetarium

299 4311 421 4374 affixum
445 4327 512 4372 esse
535 4311 699 4391 concipitur
721 4313 837 4374 orbitae
851 4309 942 4388 Solis,
966 4313 1031 4387 hoc,
1055 4314 1184 4393 iuquam,
1208 4323 1347 4394 punctum
1372 4333 1490 4395 semper
1504 4324 1645 4376 versatur

299 4403 330 4464 io
354 4399 434 4462 linea
456 4401 667 4471 mediimotns
690 4399 786 4475 Solis,
811 4401 968 4464 intervallo
1002 4403 1120 4482 aequali
1142 4403 1199 4483 ipsi
1223 4401 1274 4466 BS
1299 4423 1317 4464 a
1341 4401 1365 4466 Ο
1389 4405 1484 4468 Terra
1513 4405 1640 4478 distans,

301 4499 333 4554 et
360 4491 579 4552 concentrioum
602 4491 633 4551 V
663 4490 834 4552 describens
867 4492 1021 4572 aequalem
1051 4490 1217 4554 eccentrico
1249 4489 1312 4554 GS.
1359 4495 1443 4556 Haec
1475 4494 1552 4556 euim
1585 4493 1644 4554 luit

301 4578 451 4662 Tychonis
474 4579 573 4640 Brahe
607 4579 779 4642 sententia:
814 4578 872 4642 nisi
904 4581 982 4662 quod
1014 4581 1126 4644 solidos
1157 4581 1244 4644 orbes
1273 4581 1324 4644 ille
1355 4583 1486 4662 negavit
1533 4583 1641 4662 Itaque

301 4688 377 4753 quae
401 4669 438 4730 de
461 4668 600 4730 affixione
624 4669 716 4731 totius
747 4670 923 4749 systematis
955 4669 1116 4750 planetarii
1139 4671 1178 4734 ad
1201 4669 1301 4734 orbem
1325 4671 1407 4737 Solis
1430 4671 1577 4747 diximus,
1602 4671 1642 4731 ad

301 4768 421 4840 captum
445 4756 571 4819 diximus
595 4776 703 4833 eorum,
728 4758 778 4837 qui
800 4758 888 4820 orbes
912 4759 1024 4823 solidos
1048 4759 1182 4822 eredunt.
1231 4760 1435 4826 deminorare
1457 4758 1529 4835 VC,
1549 4769 1578 4824 et
1601 4761 1644 4822 ait

297 4850 432 4934 placete
459 4847 494 4912 ic
522 4849 582 4910 tac
611 4845 697 4910 liaeo
726 4847 814 4912 clero
837 4845 872 4912 0.
921 4847 1095 4912 Colloccla't
1124 4850 1223 4931 ipituo·
1244 4849 1393 4914 Brotean
1420 4850 1456 4916 a'a
1478 4851 1535 4913 ιιι
1564 4869 1643 4914 casu

298 4947 451 5024 punctum
472 4938 629 5024 officiosis
650 4939 828 5020 marmotis
851 4935 1028 5022 planetarii
1048 4936 1083 5001 in
1105 4939 1145 5001 V.
1198 4939 1286 5005 Vinio
1314 4941 1414 5024 ipz’trrs
1436 4937 1587 5023 planetae
1605 4939 1644 5018 fit
