3517 5525
287 393 355 476 Μ
701 399 732 455 In
749 397 933 456 commentans
949 405 981 455 ds
998 403 1103 456 motibus
1120 400 1210 455 umus

288 594 384 662 opflels
400 591 496 651 stultit
511 584 645 656 Keplssnsi
663 584 698 638 ad
727 584 841 638 eundem
870 599 957 638 nsum.
978 611 1018 623 —
1039 583 1109 646 Quid
1128 581 1272 638 Martini
1302 580 1519 654 cosmographia
1536 597 1632 654 nuper

287 669 364 725 edita
376 666 523 729 eontineat
544 665 661 726 nondum
680 663 819 734 perspexi.
852 666 916 718 Jasn
936 664 965 717 in
984 681 1017 724 eo
1037 681 1105 728 sum,
1120 671 1152 718 ιιι
1171 663 1269 717 libmm
1289 663 1365 718 ilium
1385 663 1449 718 mibi
1464 677 1630 733 eomparem.

374 762 432 814 lino
448 774 525 826 usqne
542 758 672 823 Keplems.
707 758 825 824 Relqna,
843 774 908 824 qnae
935 761 1018 810 insunt
1041 759 1098 809 bolo
1114 759 1241 823 epistolae.
1260 759 1292 809 ad
1314 759 1474 810 Harmoniam
1495 759 1627 822 pertinent.

286 835 409 902 Keplsrns
425 835 452 883 in
468 833 608 898 praemissis
624 831 710 888 ilten‘a
728 833 849 885 intestam
861 832 1029 897 quaestionem
1042 830 1163 880 Herrmti
1175 830 1206 880 de
1219 830 1388 894 Gopemioana
1405 831 1533 894 hypothesi
1551 831 1627 880 salin-

287 921 380 975 qnens.
399 905 432 956 ad
449 917 506 955 eam
523 903 597 954 rediit
613 903 681 954 eires
698 904 805 966 Aprilem
822 917 930 953 mensem
953 899 1027 958 16⁰7,
1045 909 1126 952 motus
1143 902 1181 952 bis
1199 901 1320 952 Hervarti
1337 903 1430 952 serbis:
1456 901 1515 952 Was
1532 901 1577 952 iob
1594 901 1628 951 ds

286 977 415 1044 bypstbssi
433 974 496 1026 Solis
522 980 549 1024 st
565 972 656 1026 Terrae
674 971 843 1039 coperniesna
868 973 908 1024 ιιι
925 973 990 1024 miob
1016 973 1133 1030 selbsten,
1160 975 1205 1024 vie
1223 988 1250 1022 es
1267 975 1313 1023 mir
1339 973 1407 1027 aliud
1425 976 1509 1038 agenti
1527 987 1559 1024 sn
1576 959 1627 1024 tle·

287 1048 357 1100 mtttb
369 1060 508 1115 qepanen,
525 1044 694 1112 pssobriaben.
712 1045 801 1096 darant
816 1044 880 1094 habe
899 1045 939 1096 iob
957 1044 1028 1096 isaiae
1042 1046 1160 1104 Antwort,
1179 1043 1301 1096 sieiieiolst
1312 1045 1406 1104 damm,
1426 1044 1484 1094 dass
1496 1059 1523 1095 ss
1541 1043 1629 1096 keinsr

287 1123 400 1172 antrort
414 1117 517 1183 ssitrdig.
538 1115 602 1250 olor&
624 1116 690 1165 volit
716 1117 775 1167 aber
800 1115 863 1168 doeh
888 1132 949 1183 qern
968 1117 1007 1166 die
1025 1116 1177 1166 ooniutation
1202 1117 1291 1166 dassen
1317 1116 1463 1168 remsbmen
1490 1115 1533 1178 (ex
1554 1116 1626 1180 epist

375 1264 443 1319 Cum
462 1277 629 1333 quaererem,
650 1267 747 1331 scripsit
754 1265 884 1331 Kepieens,
907 1275 962 1331 qua
981 1258 1087 1314 ratione
1109 1260 1218 1323 factum,
1240 1267 1273 1314 ut
1291 1261 1479 1332 quaestionem
1500 1263 1532 1314 de
1553 1263 1629 1316 motu

287 1345 360 1403 telis
378 1343 509 1416 proximis
529 1342 618 1397 literis
637 1340 858 1412 praeterirem,
887 1339 991 1403 incidit,
1019 1357 1073 1394 non
1093 1340 1177 1393 fuisse
1198 1343 1232 1395 ad
1252 1358 1347 1395 manns
1369 1341 1559 1411 Copernioum;
1590 1359 1629 1397 ax

289 1443 343 1500 qno
362 1440 422 1480 aum
441 1423 570 1488 sohenm,
598 1438 649 1492 per
669 1423 739 1492 quod
764 1435 867 1475 meeum
897 1421 976 1492 agis,
1006 1421 1051 1474 diu
1067 1419 1163 1474 'anxie
1184 1421 1393 1492 quaesivissem,
1428 1422 1542 1492 deniquo
1562 1421 1628 1475 insi.
1733 1477 1737 1484 Ι

288 1507 337 1572 dit,
356 1503 456 1566 vidisse
475 1519 520 1558 me
545 1503 574 1558 in
594 1502 658 1557 'Ibis
678 1501 766 1555 literis
786 1501 921 1571 prioribus
948 1499 1084 1570 adjectum
1108 1503 1219 1556 sebenia
1238 1502 1391 1556 Lunaribus
1413 1501 1628 1574 quaestionibus,

288 1587 366 1658 majus
386 1601 465 1640 nsum
485 1590 549 1638 tuno
567 1583 674 1637 nullum
693 1581 784 1636 ridere
804 1581 890 1652 potui.
921 1585 1039 1649 (Schema
1058 1583 1130 1648 tau.)
1171 1588 1261 1654 Atque
1281 1599 1334 1653 ego
1364 1579 1390 1636 in
1411 1585 1506 1637 eadem
1527 1583 1631 1636 scheda

286 1675 367 1722 notas
386 1681 462 1720 meas
476 1665 511 1718 ad
524 1662 699 1734 quaestiones
712 1660 835 1716 Lunares
856 1662 1077 1732 perscripseram,
1099 1662 1192 1734 itaque
1206 1663 1317 1726 factum,
1332 1667 1364 1717 ut
1377 1671 1407 1716 et
1419 1662 1496 1728 illud,
1513 1663 1564 1716 nisi
1584 1679 1627 1716 me

215 1745 221 1760 '
287 1746 364 1802 altit
382 1745 519 1809 memoria,
540 1744 576 1798 ab
591 1741 750 1796 amanuensi
770 1742 842 1796 inter
854 1743 977 1795 Lunares
999 1749 1107 1797 nostras
1128 1743 1330 1814 depingeretur.
1364 1743 1425 1796 Jam
1446 1743 1629 1812 respondebo,

289 1828 336 1883 sed
365 1820 430 1897 quia
457 1825 574 1879 obseura
602 1829 647 1878 est
674 1823 827 1884 sententia.
856 1821 942 1875 dioam
973 1822 1078 1892 aliqua,
1109 1839 1179 1892 quae
1208 1825 1278 1880 forte
1306 1841 1358 1876 non
1385 1823 1563 1892 pertinebunt
1593 1823 1629 1876 ad

287 1906 438 1964 rhombum.

375 1985 421 2041 sie
440 1985 498 2039 lis:
519 1982 586 2056 qnia
603 1983 676 2037 ΕΓΒ
695 2002 733 2030 =
751 1980 832 2044 DCB,
853 1981 917 2036 hino
937 1981 1045 2051 colligit
1065 1981 1239 2053 Copernious,
1261 1999 1354 2038 aream
1368 1983 1440 2038 ACL
1455 1999 1516 2037 esse
1537 1981 1629 2036 insen·

288 2066 403 2124 sibilum.
434 2063 489 2120 His
508 2079 563 2134 ego
583 2061 642 2116 dieo
663 2062 762 2132 primo:
782 2061 806 2114 si
820 2067 895 2114 esaei
915 2061 1054 2131 possibile,
1075 2080 1123 2116 nos
1145 2064 1236 2116 ridere
1257 2081 1294 2117 ex
1314 2066 1339 2116 A
1360 2065 1446 2118 Terra
1459 2069 1589 2134 punctum
1605 2063 1630 2114 B

287 2149 413 2211 harum,
434 2160 494 2198 enm
514 2160 567 2214 quo
587 2144 609 2197 F
629 2141 676 2197 Sol
696 2142 804 2196 videtur
822 2141 960 2213 oonjungi,
981 2141 1020 2195 sio
1041 2159 1077 2195 ex
1099 2143 1119 2197 C
1139 2151 1269 2213 punctum
1289 2145 1323 2207 D,
1345 2141 1497 2198 tuncnihil
1518 2144 1552 2197 ad
1573 2159 1631 2196 rem

289 2229 411 2292 lauret,
449 2223 507 2278 sira
536 2222 672 2277 sensibilis
701 2223 760 2275 sive
788 2220 953 2275 insensibilis
987 2227 1061 2275 esset
1091 2238 1158 2277 urea
1184 2225 1263 2278 ACL.
1314 2225 1522 2278 Numeraremus
1559 2221 1632 2275 enim

292 2307 396 2382 gradus
416 2321 435 2360 a
454 2303 477 2358 B
498 2303 526 2358 in
545 2303 581 2368 D,
602 2302 644 2356 ilii
663 2308 852 2356 memorarent
865 2301 930 2356 mihi
945 2302 1075 2372 angulum
1088 2303 1160 2358 DFB
1173 2305 1219 2357 vei
1233 2304 1310 2367 AFC,
1326 2304 1391 2375 quia
1404 2303 1493 2358 lineae
1509 2303 1564 2366 OD,
1581 2301 1631 2355 ΔΒ

289 2405 341 2460 per
359 2392 482 2440 senmum
501 2384 524 2438 F
542 2389 695 2438 sensenna.

370 2465 470 2537 Atqui,
490 2462 543 2518 etsi
562 2467 677 2533 propter
689 2460 760 2516 Solis
781 2460 966 2531 praesentiam
985 2477 1039 2516 non
1063 2478 1204 2531 possumus
1225 2463 1317 2518 ridere
1337 2470 1465 2534 punctum
1485 2465 1508 2517 B
1530 2462 1576 2515 rel
1594 2461 1631 2524 D,

292 2565 343 2604 neo
363 2546 387 2600 si
405 2545 557 2600 rideremus
578 2557 804 2614 agnosceremus,
827 2557 886 2594 eum
913 2556 967 2595 non
987 2541 1042 2595 sint
1061 2542 1206 2612 appositae
1226 2549 1309 2598 notae
1330 2561 1513 2607 numerorum,
1544 2551 1577 2598 ut
1605 2543 1634 2598 in

292 2625 393 2684 nostris
424 2623 531 2679 assutis
560 2621 739 2684 mechanicis,
770 2628 861 2675 tamen
889 2620 1137 2690 eomprehendimus
1163 2623 1214 2677 illa
1244 2624 1304 2694 ipsa
1330 2631 1434 2696 puncta
1462 2624 1575 2679 seorsim
1604 2629 1635 2678 et

292 2720 465 2765 numeramus
484 2703 543 2758 illa.
587 2704 657 2757 Nam
677 2707 838 2773 eomparata
856 2699 928 2756 Solis
952 2701 1069 2756 altitudo
1088 2719 1147 2758 oum
1168 2705 1325 2776 aequaturis
1346 2705 1491 2758 altitudine
1512 2703 1635 2760 ostendit

291 2786 501 2845 deelinationem
529 2791 690 2855 punctorum
719 2782 863 2852 ecliptioae
883 2782 915 2845 B,
936 2782 971 2846 D,
994 2799 1064 2852 quae
1086 2785 1179 2855 quovis
1210 2786 1237 2839 in
1257 2788 1344 2856 gradu
1372 2792 1418 2840 est
1444 2785 1508 2843 alia.
1549 2784 1634 2841 Vides

291 2884 361 2941 ergo
380 2866 480 2937 primo,
510 2866 563 2919 etsi
583 2864 669 2918 'l'erra
689 2881 743 2918 non
771 2862 809 2916 sit
834 2862 862 2916 in
883 2869 976 2916 oentro
997 2862 1087 2917 mundi
1106 2866 1141 2929 F,
1162 2868 1232 2935 quod
1261 2875 1353 2919 tamen
1382 2865 1536 2921 innotescat
1556 2866 1635 2920 nobis

292 2948 412 3022 aagalus
433 2947 468 3001 sd
490 2944 513 3001 P
531 2951 561 2999 et
581 2960 660 2999 arom
680 2944 731 2999 ΠΒ
752 2942 910 3012 eoliptioae,
941 2958 990 2995 nec
1012 2960 1079 3013 opus
1106 2944 1142 2998 eit
1162 2946 1197 2998 ad
1217 2945 1269 2999 hoo
1298 2946 1433 3016 positione
1453 2946 1634 3018 aequalitatis

292 3026 456 3101 aoprslorum
474 3023 554 3088 ΜΒ.
576 3024 658 3079 DGB.
699 3024 796 3094 ltaque
817 3040 854 3076 ex
867 3022 1009 3076 Solaribus
1031 3024 1266 3079 observationibus
1286 3043 1340 3081 non
1361 3025 1498 3081 invenitur
1519 3026 1634 3081 insensi-

293 3109 388 3165 bilitas
409 3118 492 3160 areae
512 3103 594 3159 acL.
639 3103 781 3159 invenitur
809 3108 902 3158 antem
927 3102 1058 3158 diameter
1078 3104 1123 3158 CL
1142 3105 1308 3161 insensibilis
1335 3108 1369 3161 ad
1389 3107 1460 3163 lixas
1482 3124 1519 3161 ex
1540 3108 1634 3161 obser·

292 3189 404 3245 satione
418 3185 566 3240 distantiae
586 3185 729 3239 stellarum
748 3184 873 3246 lixarum,
896 3198 966 3255 qnae
980 3189 1024 3236 est
1042 3194 1177 3255 perpetuo
1198 3187 1301 3251 eadem,
1323 3187 1380 3240 sive
1401 3204 1438 3253 ex
1453 3187 1473 3241 C
1488 3186 1546 3241 sive
1560 3184 1634 3241 exL

292 3272 472 3326 mensuretur.
499 3265 570 3320 Nam
590 3265 614 3319 si
634 3262 868 3321 cursantibus
890 3263 1066 3332 proportione
1087 3272 1161 3319 esset
1181 3268 1215 3319 ad
1235 3266 1316 3332 fixas,
1337 3266 1470 3323 distantia
1483 3267 1533 3321 DB
1547 3266 1634 3323 minor

293 3368 331 3406 sx
350 3349 380 3413 C,
400 3346 488 3417 major
507 3363 544 3400 ex
564 3346 588 3398 L
607 3350 757 3416 appareret
776 3342 949 3399 sensibiliter.

372 3439 435 3492 iam
459 3438 648 3491 demonstrata
667 3431 879 3488 insensibilitate
901 3432 1024 3495 aliunde,
1045 3432 1078 3485 ui
1096 3433 1209 3497 dietum,
1231 3440 1305 3487 reete
1325 3436 1514 3506 progredimur
1534 3454 1580 3499 eo,
1601 3442 1635 3491 ut

295 3518 360 3591 qnia
377 3516 577 3572 mmidiameter
591 3511 635 3568 Gi*
646 3512 819 3576 insensibilis,
844 3512 928 3566 etiam
943 3513 1060 3584 angulus
1075 3513 1142 3567 FBC
1156 3513 1193 3567 eit
1214 3514 1389 3579 insensibilis,
1411 3515 1504 3586 itaque
1518 3516 1590 3569 DFB
1605 3524 1635 3569 et

293 3598 366 3654 DCB
380 3598 415 3653 ad
435 3612 544 3653 sensum
557 3594 697 3665 aequales.
726 3593 861 3655 Quorsum
880 3592 951 3645 baso
970 3593 1070 3646 utilia?
1103 3595 1146 3646 ad
1167 3594 1302 3649 sciendam
1316 3594 1491 3650 remotionem
1511 3596 1584 3651 lixae
1605 3596 1635 3651 in

294 3678 320 3735 B
340 3694 359 3733 a
377 3678 438 3731 loeo
457 3675 529 3731 Solis
549 3674 578 3729 in
596 3674 624 3728 D
644 3690 682 3727 ex
702 3673 722 3727 C
743 3674 828 3727 Terra
848 3672 1002 3743 inspectae,
1033 3672 1168 3727 mediante
1189 3674 1296 3729 Venere
1316 3676 1362 3729 vel
1381 3664 1474 3731 Luna'
1511 3674 1581 3731 Nam
1611 3677 1635 3731 si

294 3758 339 3816 N
348 3755 485 3814 sensibilis
498 3761 581 3819 esset,
596 3754 715 3825 angerius
725 3752 796 3807 DCB
807 3768 908 3822 parvus
919 3760 1075 3822 appareret,
1092 3759 1120 3805 et
1129 3760 1161 3807 ιιι
1173 3752 1226 3825 ipsi
1235 3754 1261 3807 D
1272 3762 1374 3809 eertum
1384 3755 1412 3811 in
1421 3755 1531 3809 zodiaco
1545 3757 1635 3811 locum

297 3838 467 3902 definiamus,
497 3835 586 3906 ipsum
613 3840 744 3903 punctum
763 3828 786 3887 B
807 3833 945 3886 videretur
974 3832 1026 3903 ipsi
1046 3834 1072 3887 D
1092 3833 1204 3903 propius
1229 3851 1265 3887 ex
1287 3835 1307 3888 0
1328 3852 1409 3906 qnam
1437 3852 1474 3890 ex
1499 3838 1635 3891 Foentro

296 3918 394 3975 muudi.
427 3918 506 3972 Haeo
525 3914 698 3969 memoranda
711 3914 828 3976 luerunt,
851 3912 875 3967 si
895 3913 966 3966 forte
988 3912 1061 3966 eirea
1081 3930 1115 3967 ea
1135 3913 1297 3985 impedieris.
1336 3916 1448 3986 Pergis:
1477 3915 1532 3978 ,sie
1552 3916 1635 3971 intel·

296 3999 365 4069 ligo,
386 3998 472 4052 solam
492 3993 671 4051 differentiam
683 3994 764 4057 ΕΓΒ,
778 3993 859 4057 Des,
874 3992 926 4045 hoo
947 3999 991 4045 est
1003 3990 1078 4055 FBG,
1095 3992 1277 4048 insensibilem
1300 3996 1387 4049 esse.“
1425 3996 1510 4059 Quasi
1530 3997 1634 4051 diceres

296 4080 385 4135 solnm
404 4077 448 4133 CF
466 4074 658 4137 insensssrilem,
680 4090 733 4127 non
753 4088 819 4127 vero
838 4072 1023 4128 insensibilem
1044 4072 1088 4126 CL
1109 4074 1228 4142 duplum.
1270 4076 1309 4127 At
1329 4074 1352 4128 si
1373 4074 1497 4147 simplum
1521 4076 1635 4131 insensi-

297 4158 370 4222 bile,
400 4157 512 4227 duplnm
531 4156 648 4210 nondum
667 4152 809 4218 sensibile,
839 4154 888 4207 sed
916 4152 1033 4206 fortasse
1054 4154 1210 4223 centuplum
1240 4160 1290 4208 aut
1317 4154 1501 4227 millecuplum
1528 4158 1636 4213 demum

297 4236 410 4309 incipiet
428 4252 488 4291 esse
508 4234 645 4291 sensibile.

319 4343 322 4352 ·
389 4317 521 4380 ,Videtur
541 4316 580 4370 sie
599 4312 706 4368 institui
726 4324 808 4385 posse
827 4310 1001 4384 hypothesis,
1021 4318 1054 4366 ut
1075 4310 1123 4367 Sul
1143 4310 1179 4363 sit
1200 4312 1227 4365 in
1248 4312 1281 4378 G,
1303 4320 1424 4369 oentrum
1445 4315 1535 4371 mundi
1555 4316 1584 4371 in
1603 4316 1634 4383 Γ,
1734 4332 1739 4341 ’

299 4400 388 4455 'l'erra
406 4396 434 4451 in
452 4396 506 4450 Ε.“
547 4390 664 4450 Primum
683 4392 728 4447 hio
747 4394 789 4448 'l'u
808 4394 859 4446 EG
877 4390 945 4447 faois
973 4390 1116 4462 aequalem
1143 4390 1195 4461 ipsi
1216 4392 1268 4457 ci,
1298 4412 1335 4447 ex
1363 4411 1415 4466 quo
1443 4403 1574 4466 apparet,
1595 4397 1635 4451 Te

299 4484 431 4541 metuere,
452 4473 476 4529 si
495 4482 582 4531 mutm
602 4474 746 4530 distantias
760 4472 831 4528 Solis
846 4488 864 4525 a
877 4472 972 4533 Terra,
993 4488 1028 4525 ue
1047 4471 1075 4525 in
1095 4472 1243 4525 observata
1261 4472 1370 4529 Solaria
1390 4492 1494 4545 peones.
1528 4476 1635 4531 Deinde

300 4558 372 4617 ratio
392 4555 573 4612 uaesaniae
594 4554 796 4625 Copernieanse
820 4553 891 4606 haeo
910 4558 968 4615 est,
998 4556 1031 4605 ut
1051 4551 1151 4605 indicet
1179 4550 1324 4609 distantias
1353 4556 1527 4625 planetarum
1555 4556 1637 4612 abF

301 4645 396 4696 osnmo
416 4635 514 4699 mundi,
534 4635 670 4689 mediante
683 4631 816 4687 dmtantia
834 4632 937 4685 Terrae
956 4630 981 4685 Ε
1001 4632 1037 4684 ab
1057 4633 1150 4685 eodem
1164 4630 1186 4685 F
1199 4640 1300 4689 aentro.
1333 4635 1408 4706 Ergo
1429 4636 1452 4689 si
1473 4636 1558 4690 Terra
1573 4637 1635 4707 jam

301 4719 402 4774 saltem
421 4714 528 4771 dimidio
548 4716 643 4779 distet,
672 4731 727 4769 non
752 4710 874 4767 manebit
894 4711 1009 4781 amplius
1029 4711 1252 4767 commensuratio
1272 4713 1463 4770 dutmuarnm
1482 4717 1584 4771 Terrae
1604 4720 1636 4773 et

301 4798 466 4870 reliquorum
486 4811 505 4850 a
523 4794 599 4850 Sole:
621 4806 675 4848 non
693 4794 780 4865 igitur
798 4798 941 4847 manerent
960 4792 1078 4849 eaedem
1112 4795 1170 4845 Ant
1189 4791 1260 4847 enim
1280 4793 1350 4851 Solis
1364 4810 1382 4848 a
1396 4794 1482 4851 ‘l'erra
1501 4796 1635 4853 demntia

302 4878 488 4949 duplicaretur
507 4880 556 4930 ant
574 4872 697 4944 reliquae
717 4872 927 4928 dimidiareatur.

390 4953 490 5020 Tertio,
513 4953 555 5036 bis
575 4952 709 5009 eonmseis
729 4962 823 5007 sesam
836 4950 943 5023 quidem
956 4956 1007 5017 est,
1027 4963 1183 5007 mansuram
1193 4948 1334 5025 reliqum.
1346 4954 1479 5015 neonem
1493 4952 1635 5013 loomim
