3517 5525
663 425 805 496 cetm-
1338 429 1404 498 ors

62 602 180 666 induxit
197 601 263 662 him
281 602 419 706 'epicyqlo
443 603 564 676 afferre,
588 602 626 664 ad
649 603 821 683 parallaxss
852 606 1113 678 examinandas'
1088 627 1205 672 sincere
1229 606 1327 670 animo
1350 608 1404 672 dc-

61 691 165 766 cessit,
189 691 392 773 invenitque'
385 712 414 754 ιιι
439 692 627 772 quadraturis
651 711 708 754 noo
733 711 799 756 esse
830 696 973 774 majorem
1003 697 1136 779 epicyclo
1167 697 1404 778 amplitudinem,

61 801 149 862 quam
174 777 193 844 6
218 779 507 843 semidiametromm
523 783 643 844 Terrmae
683 781 775 862 cujus
770 784 857 844 modi
881 786 998 886 quidem
1022 787 1187 866 amplitudo
1210 807 1267 848 nou
1291 787 1406 867 patitur

61 869 271 951 aequationem
295 870 333 932 ad
358 866 397 934 3⁰
419 889 606 942 excrescere,
624 890 704 933 cum
729 872 858 936 maxima
881 873 912 935 iu
935 875 1126 955 quadraturis
1160 876 1300 958 aequatio
1324 870 1406 959 7¹)⁰

60 960 205 1041 postulet
239 959 382 1038 Itaque
370 977 434 1038 Jam
449 967 487 1020 et
494 957 525 1020 in
541 961 627 1022 Luna
644 969 750 1022 natura
772 961 857 1024 nobis
872 971 1079 1064 argumentum
1099 965 1278 1027 monstravit
1295 983 1405 1028 causae
1522 1033 1525 1039 ,

60 1049 205 1131 physicae
228 1048 472 1121 introducendae,
497 1067 556 1110 nou
578 1050 674 1114 minus
699 1069 785 1130 quarn
810 1051 892 1128 prius
914 1051 944 1112 in
958 1053 1056 1116 tribus
1078 1053 1288 1136 superioribus.
1318 1053 1405 1124 Quo-

61 1138 151 1200 modo
174 1136 238 1199 id’
228 1155 258 1198 ιιι
284 1137 400 1198 theoria
423 1136 506 1200 Solis
529 1155 643 1218 quoque
666 1138 771 1219 prtobe
773 1159 822 1216 ur,
850 1140 960 1221 partim
985 1141 1059 1223 Gap.
1083 1143 1124 1206 ΙΙ.
1149 1143 1270 1208 dictum
1294 1142 1405 1206 ubido

62 1233 230 1308 apparente
245 1225 327 1289 Solis
351 1226 498 1290 diametro
521 1227 694 1306 agebamus,
717 1228 826 1307 partim
845 1229 1040 1294 differendum
1054 1233 1125 1294 est
1117 1252 1147 1296 ιιι
1163 1241 1278 1312 partem
1302 1240 1405 1295 astro-

60 1317 179 1388 nomiae
207 1315 379 1398 physicam,
412 1336 517 1397 qnam
529 1311 587 1378 una
620 1335 683 1378 cum
716 1317 969 1382 demonstratione
1001 1329 1133 1382 motuum
1166 1322 1273 1384 stellae
1296 1322 1406 1384 Martis

59 1407 158 1487 primo
182 1423 297 1486 quoqne
320 1412 454 1486 tempore
479 1405 543 1466 Deo
568 1406 662 1467 vitam
685 1415 716 1467 et
737 1407 818 1468 vires
843 1409 1041 1487 largientem
1065 1411 1162 1473 lucem
1184 1411 1278 1486 dabo,
1308 1412 1404 1472 hauo-

61 1514 119 1576 que
150 1493 350 1574 inaequalium
381 1503 512 1556 motuum
547 1513 668 1556 causam
694 1495 849 1577 physicam
880 1497 1046 1560 luculenter
1075 1506 1107 1560 et
1137 1500 1255 1579 legibus
1286 1499 1406 1581 quidem

60 1583 262 1664 geometricis,
286 1602 328 1654 ue.
347 1603 404 1664 qua
426 1593 543 1645 metuas
567 1583 696 1657 calculo,
721 1585 868 1648 tractabo.
914 1588 950 1648 In
972 1589 1145 1666 praeseutia
1166 1595 1283 1652 ιιιιιιιιιιι
1306 1589 1405 1651 dicere

61 1673 164 1746 volui,
192 1679 312 1734 veteres
344 1672 425 1734 circa
457 1672 618 1734 diametros
648 1673 835 1736 luminarium
865 1682 955 1756 atque
984 1675 1079 1757 ipsius
1105 1677 1229 1740 umbras
1251 1678 1282 1740 iu
1304 1696 1405 1740 errore

61 1780 133 1824 esse
166 1761 204 1822 ob
236 1761 404 1840 neglectam
436 1762 514 1824 hanc
551 1761 707 1843 physicam
738 1782 860 1826 causam
895 1764 1043 1844 nimisque
1074 1774 1194 1840 anctum
1229 1767 1403 1848 epinyclum.

61 1852 190 1931 Jamque
215 1845 247 1912 et
266 1849 436 1916 Ptolemaei
468 1851 639 1913 methodum
662 1859 692 1912 et
715 1852 843 1932 quaein
866 1852 920 1916 illa
943 1863 1084 1936 suspecta
1113 1858 1176 1919 sint
1203 1857 1266 1918 lere
1297 1852 1403 1918 tanes:

61 1946 203 2020 superest
224 1947 258 2001 ut
280 1941 318 2002 ad
342 1941 430 2020 hujus
454 1959 568 2020 quoque
592 1940 686 2002 libelli
709 1941 882 2004 methodum
901 1945 1055 2007 ,meadum

471 2135 587 2196 ,De
622 2155 704 2198 mea
741 2137 940 2201 Methodo.

153 2295 307 2376 lugcnium
336 2247 391 2357 tibi
421 2295 516 2358 lector
546 2295 711 2360 traditurus
743 2315 825 2359 eram
858 2299 1035 2362 contexendi
1065 2300 1165 2388 operis
1195 2300 1285 2376 talis,
1317 2246 1405 2382 quale

61 2385 256 2448 Ptolemaeus
279 2384 414 2466 appellat
426 2387 549 2462 uayutqe
564 2384 707 2459 sunnin,
733 2404 807 2465 opus
823 2388 920 2468 ipsum
938 2388 1046 2467 majori
1063 2396 1173 2452 conatu
1196 2408 1404 2469 aggressurus.

62 2475 164 2554 Leges
187 2473 279 2554 igitur
300 2475 501 2536 theoremata
510 2483 542 2536 et
562 2475 750 2554 problemata
780 2477 979 2541 exstruendae
1009 2497 1046 2539 ex
1070 2477 1232 2556 eclipsibus
1264 2485 1406 2542 astrono-

60 2563 160 2636 miae;
190 2581 298 2642 sparsa
320 2563 373 2624 illa
396 2582 450 2624 neo
473 2563 562 2642 plane
585 2564 795 2640 cohaerentia,
821 2565 873 2627 sed
896 2555 1116 2629 conditionibus
1148 2567 1250 2670 aliqua
1277 2568 1406 2630 eircum-

34 2642 189 2733 1scripta.
236 2652 298 2714 Sed
320 2660 438 2727 minen,
470 2651 514 2715 uti
537 2654 686 2734 quondam
708 2653 863 2718 Daedalus
892 2665 976 2717 suam
1002 2656 1169 2726 Venerem,
1193 2656 1238 2718 sic
1260 2675 1316 2736 ego
1338 2677 1407 2720 mea

61 2741 253 2824 problemata
275 2749 381 2823 captus
405 2759 505 2803 amore
529 2742 739 2823 descriptionis
761 2759 871 2824 magna
894 2752 1041 2825 exparte
1064 2745 1198 2808 animata
1222 2745 1360 2822 reddidi,
1373 2753 1407 2809 ut

11 2848 13 2855 ⁴
62 2849 205 2911 magnam
226 2840 343 2912 partem
366 2830 466 2911 operis
490 2832 758 2911 amplectentum
751 2852 780 2893 ιιι
803 2833 910 2914 quibus
932 2835 1103 2898 methodum
1125 2835 1203 2906 banc
1224 2836 1360 2899 notabis.

155 2920 288 2983 Primum
311 2920 489 3001 ostenditur,
513 2921 626 3002 quanta
649 2921 692 2985 sit
712 2940 861 3002 apparens
884 2922 1030 2985 diameter
1047 2922 1129 2987 Solis
1148 2923 1278 2986 adhaec
1301 2933 1406 2991 nostm

62 3012 210 3089 tempora.

154 3098 292 3161 Secundo
317 3097 442 3159 eandem
465 3116 567 3161 curam
590 3100 619 3160 in
639 3100 816 3161 diametrum
835 3101 939 3161 Lunae
962 3107 1156 3181 apparentem
1178 3100 1403 3164 transferemus.

153 3188 256 3251 Tertio
279 3186 480 3249 necessarium
504 3190 562 3251 erit
585 3189 757 3268 explanare,
781 3196 923 3269 quantum
945 3195 1086 3251 abcessus
1109 3197 1141 3249 et
1162 3206 1299 3253 recessus
1322 3189 1406 3253 Solis

62 3277 201 3340 umbram
223 3277 333 3339 Terrae
357 3276 464 3352 namet,
488 3286 520 3337 ut
544 3287 655 3341 certum
679 3278 731 3380 ιίι,Ι
751 3276 927 3339 insensibile
950 3277 1101 3359 quippiam
1124 3277 1154 3339 id
1178 3298 1270 3342 esse

157 3356 301 3437 Quarto
299 3365 488 3429 Qlatitudinis
508 3365 678 3447 angulum
671 3386 700 3429 ιιι
723 3364 797 3445 ipsis
828 3367 1068 3447 oppositionibus
1096 3375 1128 3429 et
1148 3368 1404 3447 conjunctionibus

64 3454 217 3535 ecliptieis
240 3454 463 3527 constituemus.

157 3541 269 3614 Quinto
292 3553 403 3607 motum
427 3544 595 3609 latitudiuis
618 3551 650 3605 et
664 3542 761 3625 ipsam
783 3544 970 3608 latitudinem
993 3545 1080 3608 novis
1094 3545 1314 3626 problematis
1304 3508 1404 3628 mqui-

64 3653 134 3696 rere
160 3632 340 3695 docebimus.
1335 3676 1341 3685 ·

158 3721 262 3785 Sexto.
308 3722 385 3783 Hinc
408 3720 551 3785 diameter
578 3720 735 3785 umbrae'
727 3741 756 3782 m
780 3721 872 3784 certis
900 3723 975 3785 loeis
1003 3724 1169 3786 anomaliae
1192 3724 1295 3787 Lunae
1318 3742 1404 3785 men·
1426 3795 1433 3805 ἱ

65 3811 229 3875 curabitur.

157 3898 291 3979 Septimo
314 3897 486 3978 parallaxes
511 3904 542 3959 et
564 3898 741 3961 altitudines
764 3899 867 3961 Lunae
890 3921 910 3959 a
932 3902 1026 3963 Terra
1048 3902 1130 3964 varie
1153 3900 1345 3981 inquirantur.

157 3988 287 4064 Octavo,
311 3988 378 4049 hinc
402 3986 619 4049 examinabitur
641 3987 795 4068 proportio
818 4008 984 4067 corporum.

39 4117 45 4123 -
157 4079 255 4152 Nono,
278 4077 347 4141 hine
366 4086 477 4138 motum
502 4076 656 4140 horarium·
674 4074 845 4139 docebimus
868 4076 1010 4153 invenire,
1034 4095 1091 4157 quo
1115 4074 1282 4140 rectissime
1307 4078 1403 4160 hypo-

64 4169 171 4231 theses
194 4167 319 4230 aliorum
342 4166 556 4228 examinentur.

157 4255 290 4330 Decimo,
315 4274 390 4337 quae
412 4254 481 4318 hinc
505 4256 543 4317 ad
569 4258 666 4335 ipsam
689 4257 715 4327 b
741 4253 919 4337 hypothesin
951 4256 990 4317 ad
1011 4256 1157 4318 theoriam
1181 4252 1238 4332 Θ,
1267 4258 1306 4319 ad
1328 4275 1404 4338 geo-

65 4346 226 4427 graphiam
249 4345 301 4409 duc.
327 4344 500 4418 redundent,
525 4344 621 4408 obiter
642 4343 861 4406 indicabuntur.

138 4434 303 4515 Pleraque
326 4452 364 4495 ex
392 4432 574 4513 simplicibus
608 4442 639 4495 et
662 4432 749 4495 facile
782 4431 1033 4516 comparabilibus
1063 4430 1340 4510 obseruationibus,
1371 4444 1404 4497 ut

65 4523 231 4588 identidem
255 4522 323 4585 aliis
346 4521 489 4602 exemplis
507 4521 643 4585 reiterari
662 4530 694 4583 et
708 4523 910 4585 communiora
928 4522 993 4584 lieri
1012 4523 1140 4603 possint,
1164 4524 1214 4605 qui
1226 4526 1403 4607 praecipuus

65 4613 158 4695 hujus
182 4611 275 4683 libelli
297 4612 364 4679 finis
388 4619 444 4675 est.
