<?xml version="1.0" encoding="UTF-8"?>
<!DOCTYPE html PUBLIC "-//W3C//DTD XHTML 1.0 Transitional//EN"
    "http://www.w3.org/TR/xhtml1/DTD/xhtml1-transitional.dtd">
<html xmlns="http://www.w3.org/1999/xhtml" xml:lang="en" lang="en">
 <head>
  <title>
</title>
<meta http-equiv="Content-Type" content="text/html;charset=utf-8" />
  <meta name='ocr-system' content='tesseract 3.04.00' />
  <meta name='ocr-capabilities' content='ocr_page ocr_carea ocr_par ocr_line ocrx_word'/>
</head>
<body>
  <div class='ocr_page' id='page_1' title='image "./joanniskepleria23frisgoog/joanniskepleria23frisgoog_0712.png"; bbox 0 0 3517 5525; ppageno 0'>
   <div class='ocr_carea' id='block_1_1' title="bbox 657 382 1479 498">
    <p class='ocr_par' dir='ltr' id='par_1_1' title="bbox 657 382 1479 498">
     <span class='ocr_line' id='line_1_1' title="bbox 657 382 1479 498; baseline 0 -15"><span class='ocrx_word' id='word_1_1' title='bbox 657 429 798 498; x_wconf 68' lang='lat' dir='ltr'><strong>suque</strong></span> <span class='ocrx_word' id='word_1_2' title='bbox 816 430 956 485; x_wconf 66' lang='lat' dir='ltr'><strong>emenone</strong></span> <span class='ocrx_word' id='word_1_3' title='bbox 980 382 983 390; x_wconf 38' lang='lat'>¹</span> <span class='ocrx_word' id='word_1_4' title='bbox 1416 411 1479 485; x_wconf 81' lang='grc'><strong>703</strong></span> 
     </span>
    </p>
   </div>
   <div class='ocr_carea' id='block_1_2' title="bbox 139 603 1535 870">
    <p class='ocr_par' dir='ltr' id='par_1_2' title="bbox 139 603 1535 870">
     <span class='ocr_line' id='line_1_2' title="bbox 234 603 1535 702; baseline -0.01 -30"><span class='ocrx_word' id='word_1_5' title='bbox 234 607 268 672; x_wconf 89' lang='lat' dir='ltr'><strong>Si</strong></span> <span class='ocrx_word' id='word_1_6' title='bbox 283 608 348 690; x_wconf 90' lang='lat' dir='ltr'><strong>quis</strong></span> <span class='ocrx_word' id='word_1_7' title='bbox 367 628 437 671; x_wconf 86' lang='lat' dir='ltr'><strong>vero</strong></span> <span class='ocrx_word' id='word_1_8' title='bbox 452 607 526 672; x_wconf 90' lang='lat' dir='ltr'><strong>nolit</strong></span> <span class='ocrx_word' id='word_1_9' title='bbox 540 609 692 692; x_wconf 83' lang='lat' dir='ltr'>negligere</span> <span class='ocrx_word' id='word_1_10' title='bbox 707 610 894 690; x_wconf 81' lang='lat' dir='ltr'><strong>aequationis</strong></span> <span class='ocrx_word' id='word_1_11' title='bbox 907 616 1024 689; x_wconf 81' lang='lat' dir='ltr'><strong>partem</strong></span> <span class='ocrx_word' id='word_1_12' title='bbox 1038 607 1164 671; x_wconf 80' lang='lat' dir='ltr'><strong>alterum</strong></span> <span class='ocrx_word' id='word_1_13' title='bbox 1183 603 1479 702; x_wconf 73' lang='lat' dir='ltr'><strong>eTyehoneexter·</strong></span> <span class='ocrx_word' id='word_1_14' title='bbox 1531 610 1535 619; x_wconf 92' lang='grc'>’</span> 
     </span>
     <span class='ocr_line' id='line_1_3' title="bbox 139 697 1480 780; baseline -0.012 -16"><span class='ocrx_word' id='word_1_15' title='bbox 139 697 301 773; x_wconf 35' lang='lat' dir='ltr'><strong>ruinosam,</strong></span> <span class='ocrx_word' id='word_1_16' title='bbox 325 698 351 760; x_wconf 90' lang='lat' dir='ltr'><strong>is</strong></span> <span class='ocrx_word' id='word_1_17' title='bbox 375 699 466 760; x_wconf 84' lang='lat' dir='ltr'><strong>adest</strong></span> <span class='ocrx_word' id='word_1_18' title='bbox 479 697 702 764; x_wconf 87' lang='lat' dir='ltr'><strong>Pruteniearum</strong></span> <span class='ocrx_word' id='word_1_19' title='bbox 720 699 838 762; x_wconf 86' lang='lat' dir='ltr'><strong>modurn</strong></span> <span class='ocrx_word' id='word_1_20' title='bbox 853 697 1038 780; x_wconf 83' lang='lat' dir='ltr'><strong>aequationis</strong></span> <span class='ocrx_word' id='word_1_21' title='bbox 1060 697 1193 778; x_wconf 88' lang='lat' dir='ltr'><strong>primum.</strong></span> <span class='ocrx_word' id='word_1_22' title='bbox 1230 698 1299 760; x_wconf 85' lang='lat' dir='ltr'><strong>Jam</strong></span> <span class='ocrx_word' id='word_1_23' title='bbox 1322 709 1401 754; x_wconf 87' lang='lat' dir='ltr'><strong>enun</strong></span> <span class='ocrx_word' id='word_1_24' title='bbox 1423 707 1480 750; x_wconf 89' lang='lat' dir='ltr'><strong>nun</strong></span> 
     </span>
     <span class='ocr_line' id='line_1_4' title="bbox 145 787 1494 870; baseline -0.001 -21"><span class='ocrx_word' id='word_1_25' title='bbox 145 787 327 870; x_wconf 82' lang='lat' dir='ltr'><strong>Tychonico,</strong></span> <span class='ocrx_word' id='word_1_26' title='bbox 351 788 405 849; x_wconf 90' lang='lat' dir='ltr'><strong>sed</strong></span> <span class='ocrx_word' id='word_1_27' title='bbox 426 788 611 849; x_wconf 83' lang='lat' dir='ltr'><strong>Ptolemaiou</strong></span> <span class='ocrx_word' id='word_1_28' title='bbox 634 789 721 850; x_wconf 90' lang='lat' dir='ltr'><strong>modo</strong></span> <span class='ocrx_word' id='word_1_29' title='bbox 745 789 895 868; x_wconf 80' lang='lat' dir='ltr'><strong>aequabit.</strong></span> <span class='ocrx_word' id='word_1_30' title='bbox 1491 800 1494 804; x_wconf 57' lang='lat'><em>⁴</em></span> 
     </span>
    </p>
   </div>
   <div class='ocr_carea' id='block_1_3' title="bbox 61 905 1531 1674">
    <p class='ocr_par' dir='ltr' id='par_1_3' title="bbox 144 905 1499 1120">
     <span class='ocr_line' id='line_1_5' title="bbox 235 905 1480 975; baseline -0.009 -15"><span class='ocrx_word' id='word_1_31' title='bbox 235 911 291 960; x_wconf 83' lang='lat' dir='ltr'><strong>lluc</strong></span> <span class='ocrx_word' id='word_1_32' title='bbox 309 924 384 975; x_wconf 87' lang='lat' dir='ltr'><strong>nsque</strong></span> <span class='ocrx_word' id='word_1_33' title='bbox 397 910 532 974; x_wconf 85' lang='lat' dir='ltr'><strong>Keplerns;</strong></span> <span class='ocrx_word' id='word_1_34' title='bbox 552 910 673 962; x_wconf 72' lang='lat' dir='ltr'>conclusio</span> <span class='ocrx_word' id='word_1_35' title='bbox 690 910 816 960; x_wconf 75' lang='lat' dir='ltr'><strong>literarum</strong></span> <span class='ocrx_word' id='word_1_36' title='bbox 834 913 859 960; x_wconf 90' lang='lat' dir='ltr'><strong>in</strong></span> <span class='ocrx_word' id='word_1_37' title='bbox 877 911 1043 974; x_wconf 84' lang='lat' dir='ltr'><strong>manuscripto</strong></span> <span class='ocrx_word' id='word_1_38' title='bbox 1055 905 1133 958; x_wconf 82' lang='lat' dir='ltr'><strong>deest·</strong></span> <span class='ocrx_word' id='word_1_39' title='bbox 1160 908 1197 957; x_wconf 82' lang='lat' dir='ltr'><strong>Ex</strong></span> <span class='ocrx_word' id='word_1_40' title='bbox 1212 905 1365 957; x_wconf 77' lang='lat' dir='ltr'><strong>Hervartl</strong></span> <span class='ocrx_word' id='word_1_41' title='bbox 1382 914 1480 965; x_wconf 85' lang='lat' dir='ltr'><strong>respon·</strong></span> 
     </span>
     <span class='ocr_line' id='line_1_6' title="bbox 145 970 1483 1051; baseline -0.005 -20"><span class='ocrx_word' id='word_1_42' title='bbox 145 982 225 1038; x_wconf 85' lang='lat' dir='ltr'><strong>siene,</strong></span> <span class='ocrx_word' id='word_1_43' title='bbox 243 981 265 1031; x_wconf 89' lang='lat' dir='ltr'><strong>d.</strong></span> <span class='ocrx_word' id='word_1_44' title='bbox 286 982 311 1031; x_wconf 91' lang='lat' dir='ltr'><strong>d.</strong></span> <span class='ocrx_word' id='word_1_45' title='bbox 330 979 371 1032; x_wconf 77' lang='lat'><strong>20.</strong></span> <span class='ocrx_word' id='word_1_46' title='bbox 392 981 453 1032; x_wconf 82' lang='lat' dir='ltr'><strong>Nor.</strong></span> <span class='ocrx_word' id='word_1_47' title='bbox 474 977 550 1040; x_wconf 80' lang='grc'>1002,</span> <span class='ocrx_word' id='word_1_48' title='bbox 569 982 636 1032; x_wconf 71' lang='lat' dir='ltr'><strong>haec«</strong></span> <span class='ocrx_word' id='word_1_49' title='bbox 649 989 745 1032; x_wconf 87' lang='lat' dir='ltr'><strong>tautum</strong></span> <span class='ocrx_word' id='word_1_50' title='bbox 765 983 797 1033; x_wconf 92' lang='lat' dir='ltr'><strong>ad</strong></span> <span class='ocrx_word' id='word_1_51' title='bbox 815 985 950 1046; x_wconf 84' lang='lat' dir='ltr'><strong>praemissa</strong></span> <span class='ocrx_word' id='word_1_52' title='bbox 966 984 1104 1048; x_wconf 85' lang='lat' dir='ltr'><strong>pertinent:</strong></span> <span class='ocrx_word' id='word_1_53' title='bbox 1131 971 1245 1051; x_wconf 16' lang='lat' dir='ltr'><strong>lien-1).</strong></span> <span class='ocrx_word' id='word_1_54' title='bbox 1264 973 1417 1040; x_wconf 74' lang='lat' dir='ltr'><strong>Teugnagell</strong></span> <span class='ocrx_word' id='word_1_55' title='bbox 1433 970 1483 1021; x_wconf 79' lang='lat' dir='ltr'><strong>hob</strong></span> 
     </span>
     <span class='ocr_line' id='line_1_7' title="bbox 144 1052 1499 1120; baseline 0.001 -18"><span class='ocrx_word' id='word_1_56' title='bbox 144 1053 188 1103; x_wconf 87' lang='lat' dir='ltr'><strong>ich</strong></span> <span class='ocrx_word' id='word_1_57' title='bbox 202 1055 289 1120; x_wconf 75' lang='lat' dir='ltr'><strong>junget</strong></span> <span class='ocrx_word' id='word_1_58' title='bbox 306 1053 464 1120; x_wconf 73' lang='lat' dir='ltr'><strong>qesehrlebeu</strong></span> <span class='ocrx_word' id='word_1_59' title='bbox 481 1055 532 1104; x_wconf 89' lang='lat' dir='ltr'><strong>und</strong></span> <span class='ocrx_word' id='word_1_60' title='bbox 549 1069 635 1119; x_wconf 69' lang='lat' dir='ltr'><strong>regen</strong></span> <span class='ocrx_word' id='word_1_61' title='bbox 654 1055 800 1120; x_wconf 72' lang='lat' dir='ltr'><strong>Erqenrung</strong></span> <span class='ocrx_word' id='word_1_62' title='bbox 819 1055 861 1104; x_wconf 82' lang='lat' dir='ltr'><strong>des</strong></span> <span class='ocrx_word' id='word_1_63' title='bbox 879 1055 998 1120; x_wconf 79' lang='lat' dir='ltr'><strong>Abgangs</strong></span> <span class='ocrx_word' id='word_1_64' title='bbox 1016 1052 1081 1103; x_wconf 79' lang='lat' dir='ltr'><strong>danlr</strong></span> <span class='ocrx_word' id='word_1_65' title='bbox 1099 1057 1194 1117; x_wconf 75' lang='lat' dir='ltr'><strong>geoegt.</strong></span> <span class='ocrx_word' id='word_1_66' title='bbox 1495 1098 1499 1104; x_wconf 89' lang='grc'><em>,</em></span> 
     </span>
    </p>

    <p class='ocr_par' dir='ltr' id='par_1_4' title="bbox 145 1116 1484 1406">
     <span class='ocr_line' id='line_1_8' title="bbox 235 1116 1483 1192; baseline -0.009 -16"><span class='ocrx_word' id='word_1_67' title='bbox 235 1125 264 1176; x_wconf 86' lang='lat' dir='ltr'><strong>lu</strong></span> <span class='ocrx_word' id='word_1_68' title='bbox 284 1127 433 1175; x_wconf 69' lang='lat' dir='ltr'><strong>assumtione</strong></span> <span class='ocrx_word' id='word_1_69' title='bbox 452 1127 565 1189; x_wconf 89' lang='lat' dir='ltr'><strong>temporis</strong></span> <span class='ocrx_word' id='word_1_70' title='bbox 584 1125 731 1190; x_wconf 71' lang='lat' dir='ltr'><strong>aequinoctii</strong></span> <span class='ocrx_word' id='word_1_71' title='bbox 749 1128 780 1176; x_wconf 83' lang='lat' dir='ltr'><strong>ab</strong></span> <span class='ocrx_word' id='word_1_72' title='bbox 800 1126 948 1192; x_wconf 73' lang='lat' dir='ltr'><strong>Albategnio</strong></span> <span class='ocrx_word' id='word_1_73' title='bbox 965 1125 1085 1176; x_wconf 80' lang='lat' dir='ltr'><strong>observati</strong></span> <span class='ocrx_word' id='word_1_74' title='bbox 1103 1122 1208 1173; x_wconf 78' lang='lat' dir='ltr'><strong>svelielt</strong></span> <span class='ocrx_word' id='word_1_75' title='bbox 1223 1121 1270 1171; x_wconf 89' lang='lat' dir='ltr'><strong>mir</strong></span> <span class='ocrx_word' id='word_1_76' title='bbox 1287 1120 1338 1177; x_wconf 84' lang='lat' dir='ltr'><strong>nit,</strong></span> <span class='ocrx_word' id='word_1_77' title='bbox 1357 1117 1414 1167; x_wconf 88' lang='lat' dir='ltr'><strong>dass</strong></span> <span class='ocrx_word' id='word_1_78' title='bbox 1431 1116 1483 1166; x_wconf 82' lang='lat' dir='ltr'><strong>siolr</strong></span> 
     </span>
     <span class='ocr_line' id='line_1_9' title="bbox 145 1195 1482 1261; baseline -0.007 -15"><span class='ocrx_word' id='word_1_79' title='bbox 145 1195 269 1246; x_wconf 83' lang='lat' dir='ltr'><strong>Reiubold</strong></span> <span class='ocrx_word' id='word_1_80' title='bbox 297 1197 371 1260; x_wconf 74' lang='lat' dir='ltr'><strong>geirrt</strong></span> <span class='ocrx_word' id='word_1_81' title='bbox 393 1196 443 1246; x_wconf 87' lang='lat' dir='ltr'><strong>und</strong></span> <span class='ocrx_word' id='word_1_82' title='bbox 466 1209 543 1246; x_wconf 83' lang='lat' dir='ltr'><strong>annos</strong></span> <span class='ocrx_word' id='word_1_83' title='bbox 569 1199 674 1261; x_wconf 86' lang='lat' dir='ltr'><strong>tropicos</strong></span> <span class='ocrx_word' id='word_1_84' title='bbox 698 1213 741 1261; x_wconf 91' lang='lat' dir='ltr'><strong>pro</strong></span> <span class='ocrx_word' id='word_1_85' title='bbox 765 1195 982 1261; x_wconf 76' lang='lat' dir='ltr'><strong>aequinoctialibus</strong></span> <span class='ocrx_word' id='word_1_86' title='bbox 1005 1196 1146 1246; x_wconf 86' lang='lat' dir='ltr'><strong>Ptolemaeo</strong></span> <span class='ocrx_word' id='word_1_87' title='bbox 1172 1195 1269 1243; x_wconf 74' lang='grc' dir='ltr'>οοίοοοίο</span> <span class='ocrx_word' id='word_1_88' title='bbox 1296 1203 1482 1255; x_wconf 73' lang='lat' dir='ltr'><strong>anpeuommen,</strong></span> 
     </span>
     <span class='ocr_line' id='line_1_10' title="bbox 146 1257 1484 1333; baseline -0.007 -16"><span class='ocrx_word' id='word_1_89' title='bbox 146 1269 193 1317; x_wconf 76' lang='lat' dir='ltr'><strong>vlo</strong></span> <span class='ocrx_word' id='word_1_90' title='bbox 211 1267 251 1317; x_wconf 87' lang='lat' dir='ltr'><strong>leb</strong></span> <span class='ocrx_word' id='word_1_91' title='bbox 270 1267 334 1317; x_wconf 88' lang='lat' dir='ltr'><strong>deun</strong></span> <span class='ocrx_word' id='word_1_92' title='bbox 352 1269 390 1318; x_wconf 86' lang='lat' dir='ltr'><strong>nit</strong></span> <span class='ocrx_word' id='word_1_93' title='bbox 406 1271 492 1325; x_wconf 64' lang='lat' dir='ltr'><strong>utam,</strong></span> <span class='ocrx_word' id='word_1_94' title='bbox 511 1269 556 1318; x_wconf 78' lang='lat' dir='ltr'><strong>wie</strong></span> <span class='ocrx_word' id='word_1_95' title='bbox 575 1283 602 1318; x_wconf 88' lang='lat' dir='ltr'><strong>es</strong></span> <span class='ocrx_word' id='word_1_96' title='bbox 619 1268 671 1319; x_wconf 86' lang='lat' dir='ltr'><strong>sich</strong></span> <span class='ocrx_word' id='word_1_97' title='bbox 689 1275 788 1318; x_wconf 88' lang='lat' dir='ltr'><strong>sonsten</strong></span> <span class='ocrx_word' id='word_1_98' title='bbox 806 1268 974 1333; x_wconf 70' lang='lat' dir='ltr'><strong>rertheidigen</strong></span> <span class='ocrx_word' id='word_1_99' title='bbox 991 1269 1071 1318; x_wconf 85' lang='lat' dir='ltr'><strong>liesse.</strong></span> <span class='ocrx_word' id='word_1_100' title='bbox 1099 1266 1154 1316; x_wconf 85' lang='lat' dir='ltr'><strong>Das</strong></span> <span class='ocrx_word' id='word_1_101' title='bbox 1165 1257 1484 1315; x_wconf 82' lang='lat' dir='ltr'><strong>ronPtolsmaeusbeaioht</strong></span> 
     </span>
     <span class='ocr_line' id='line_1_11' title="bbox 145 1335 1328 1406; baseline -0.004 -18"><span class='ocrx_word' id='word_1_102' title='bbox 145 1338 199 1389; x_wconf 86' lang='lat' dir='ltr'><strong>sich</strong></span> <span class='ocrx_word' id='word_1_103' title='bbox 216 1338 268 1389; x_wconf 92' lang='lat' dir='ltr'><strong>blos</strong></span> <span class='ocrx_word' id='word_1_104' title='bbox 286 1339 330 1388; x_wconf 82' lang='lat' dir='ltr'><strong>eui</strong></span> <span class='ocrx_word' id='word_1_105' title='bbox 346 1339 385 1390; x_wconf 87' lang='lat' dir='ltr'><strong>die</strong></span> <span class='ocrx_word' id='word_1_106' title='bbox 404 1354 495 1389; x_wconf 88' lang='lat' dir='ltr'><strong>errores</strong></span> <span class='ocrx_word' id='word_1_107' title='bbox 514 1340 696 1406; x_wconf 76' lang='lat' dir='ltr'><strong>chronologicos</strong></span> <span class='ocrx_word' id='word_1_108' title='bbox 714 1341 765 1390; x_wconf 90' lang='lat' dir='ltr'><strong>und</strong></span> <span class='ocrx_word' id='word_1_109' title='bbox 782 1339 963 1391; x_wconf 81' lang='lat' dir='ltr'><strong>observationes</strong></span> <span class='ocrx_word' id='word_1_110' title='bbox 981 1339 1093 1395; x_wconf 72' lang='lat' dir='ltr'><strong>crassiori</strong></span> <span class='ocrx_word' id='word_1_111' title='bbox 1110 1335 1223 1386; x_wconf 74' lang='lat' dir='ltr'><strong>Minerva</strong></span> <span class='ocrx_word' id='word_1_112' title='bbox 1238 1336 1328 1385; x_wconf 85' lang='lat' dir='ltr'><strong>iactas.</strong></span> 
     </span>
    </p>

    <p class='ocr_par' dir='ltr' id='par_1_5' title="bbox 61 1400 1531 1619">
     <span class='ocr_line' id='line_1_12' title="bbox 234 1400 1483 1476; baseline -0.006 -18"><span class='ocrx_word' id='word_1_113' title='bbox 234 1409 291 1459; x_wconf 86' lang='lat' dir='ltr'><strong>Vou</strong></span> <span class='ocrx_word' id='word_1_114' title='bbox 301 1411 426 1474; x_wconf 82' lang='lat' dir='ltr'><strong>Hippareh</strong></span> <span class='ocrx_word' id='word_1_115' title='bbox 442 1413 474 1460; x_wconf 91' lang='lat' dir='ltr'><strong>ist</strong></span> <span class='ocrx_word' id='word_1_116' title='bbox 494 1411 540 1467; x_wconf 84' lang='lat' dir='ltr'><strong>„de</strong></span> <span class='ocrx_word' id='word_1_117' title='bbox 552 1411 722 1476; x_wconf 77' lang='lat' dir='ltr'><strong>magnitudine</strong></span> <span class='ocrx_word' id='word_1_118' title='bbox 734 1411 808 1460; x_wconf 69' lang='lat' dir='ltr'><strong>unni*</strong></span> <span class='ocrx_word' id='word_1_119' title='bbox 828 1411 908 1462; x_wconf 87' lang='lat' dir='ltr'><strong>niehts</strong></span> <span class='ocrx_word' id='word_1_120' title='bbox 920 1411 1069 1462; x_wconf 83' lang='lat' dir='ltr'><strong>verbanden.</strong></span> <span class='ocrx_word' id='word_1_121' title='bbox 1096 1408 1150 1458; x_wconf 84' lang='lat' dir='ltr'><strong>Das</strong></span> <span class='ocrx_word' id='word_1_122' title='bbox 1162 1423 1189 1458; x_wconf 88' lang='lat' dir='ltr'><strong>so</strong></span> <span class='ocrx_word' id='word_1_123' title='bbox 1202 1421 1266 1458; x_wconf 82' lang='lat' dir='ltr'><strong>suno</strong></span> <span class='ocrx_word' id='word_1_124' title='bbox 1280 1400 1321 1453; x_wconf 77' lang='grc'><strong>07.</strong></span> <span class='ocrx_word' id='word_1_125' title='bbox 1340 1417 1370 1454; x_wconf 83' lang='lat' dir='ltr'><strong>sn</strong></span> <span class='ocrx_word' id='word_1_126' title='bbox 1382 1403 1483 1454; x_wconf 82' lang='lat' dir='ltr'><strong>Florena</strong></span> 
     </span>
     <span class='ocr_line' id='line_1_13' title="bbox 147 1481 1531 1558; baseline -0.001 -26"><span class='ocrx_word' id='word_1_127' title='bbox 147 1481 267 1548; x_wconf 64' lang='grc' dir='ltr'>ιοοςίος,</span> <span class='ocrx_word' id='word_1_128' title='bbox 286 1494 349 1548; x_wconf 82' lang='grc' dir='ltr'><strong>περι</strong></span> <span class='ocrx_word' id='word_1_129' title='bbox 368 1495 559 1550; x_wconf 69' lang='lat' dir='ltr'><strong>percepturos,</strong></span> <span class='ocrx_word' id='word_1_130' title='bbox 578 1485 610 1530; x_wconf 88' lang='lat' dir='ltr'><strong>ist</strong></span> <span class='ocrx_word' id='word_1_131' title='bbox 628 1484 679 1530; x_wconf 88' lang='lat' dir='ltr'><strong>sein</strong></span> <span class='ocrx_word' id='word_1_132' title='bbox 699 1481 773 1531; x_wconf 80' lang='lat' dir='ltr'><strong>Werk</strong></span> <span class='ocrx_word' id='word_1_133' title='bbox 790 1484 835 1532; x_wconf 90' lang='lat' dir='ltr'><strong>uit.</strong></span> <span class='ocrx_word' id='word_1_134' title='bbox 1156 1499 1160 1506; x_wconf 89' lang='lat'>·</span> <span class='ocrx_word' id='word_1_135' title='bbox 1340 1530 1344 1538; x_wconf 78' lang='grc'><em>,</em></span> <span class='ocrx_word' id='word_1_136' title='bbox 1525 1537 1531 1558; x_wconf 40' lang='lat'>⁸</span> 
     </span>
     <span class='ocr_line' id='line_1_14' title="bbox 61 1542 1484 1619; baseline -0.006 -17"><span class='ocrx_word' id='word_1_137' title='bbox 61 1585 65 1602; x_wconf 89' lang='grc'><strong>.</strong></span> <span class='ocrx_word' id='word_1_138' title='bbox 234 1552 284 1601; x_wconf 75' lang='lat' dir='ltr'><strong>Filr</strong></span> <span class='ocrx_word' id='word_1_139' title='bbox 302 1554 340 1602; x_wconf 90' lang='lat' dir='ltr'><strong>dle</strong></span> <span class='ocrx_word' id='word_1_140' title='bbox 359 1555 531 1619; x_wconf 80' lang='lat' dir='ltr'><strong>angescbickte</strong></span> <span class='ocrx_word' id='word_1_141' title='bbox 550 1554 701 1606; x_wconf 67' lang='lat' dir='ltr'><strong>declaration</strong></span> <span class='ocrx_word' id='word_1_142' title='bbox 719 1553 903 1616; x_wconf 78' lang='lat' dir='ltr'><strong>supercalcnlo</strong></span> <span class='ocrx_word' id='word_1_143' title='bbox 915 1551 1055 1617; x_wconf 83' lang='lat' dir='ltr'><strong>&#39;lychonleo</strong></span> <span class='ocrx_word' id='word_1_144' title='bbox 1067 1549 1117 1602; x_wconf 92' lang='lat' dir='ltr'><strong>und</strong></span> <span class='ocrx_word' id='word_1_145' title='bbox 1138 1550 1182 1600; x_wconf 89' lang='lat' dir='ltr'><strong>der</strong></span> <span class='ocrx_word' id='word_1_146' title='bbox 1193 1547 1339 1615; x_wconf 81' lang='lat' dir='ltr'><strong>Spholmata</strong></span> <span class='ocrx_word' id='word_1_147' title='bbox 1355 1547 1389 1596; x_wconf 90' lang='lat' dir='ltr'><strong>lm</strong></span> <span class='ocrx_word' id='word_1_148' title='bbox 1401 1542 1484 1595; x_wconf 73' lang='lat' dir='ltr'><strong>Druck</strong></span> 
     </span>
    </p>

    <p class='ocr_par' dir='ltr' id='par_1_6' title="bbox 146 1619 500 1674">
     <span class='ocr_line' id='line_1_15' title="bbox 146 1619 500 1674; baseline 0 -2"><span class='ocrx_word' id='word_1_149' title='bbox 146 1619 206 1674; x_wconf 85' lang='lat' dir='ltr'><strong>thus</strong></span> <span class='ocrx_word' id='word_1_150' title='bbox 225 1623 265 1673; x_wconf 89' lang='lat' dir='ltr'><strong>ich</strong></span> <span class='ocrx_word' id='word_1_151' title='bbox 282 1623 347 1674; x_wconf 86' lang='lat' dir='ltr'><strong>mich</strong></span> <span class='ocrx_word' id='word_1_152' title='bbox 364 1624 500 1674; x_wconf 83' lang='lat' dir='ltr'><strong>bedanken.</strong></span> 
     </span>
    </p>
   </div>
   <div class='ocr_carea' id='block_1_4' title="bbox 199 1681 1585 1766">
    <p class='ocr_par' dir='ltr' id='par_1_7' title="bbox 199 1681 1585 1766">
     <span class='ocr_line' id='line_1_16' title="bbox 199 1681 1585 1766; baseline 0.002 -23"><span class='ocrx_word' id='word_1_153' title='bbox 199 1721 201 1730; x_wconf 41' lang='grc' dir='ltr'><strong><em>ι</em></strong></span> <span class='ocrx_word' id='word_1_154' title='bbox 236 1693 332 1744; x_wconf 79' lang='lat' dir='ltr'><strong>Deinde</strong></span> <span class='ocrx_word' id='word_1_155' title='bbox 350 1693 507 1752; x_wconf 71' lang='lat' dir='ltr'><strong>Hermus,</strong></span> <span class='ocrx_word' id='word_1_156' title='bbox 534 1711 577 1760; x_wconf 89' lang='lat' dir='ltr'><strong>pro</strong></span> <span class='ocrx_word' id='word_1_157' title='bbox 603 1696 752 1746; x_wconf 76' lang='lat' dir='ltr'><strong>transmissis</strong></span> <span class='ocrx_word' id='word_1_158' title='bbox 775 1693 875 1744; x_wconf 80' lang='lat' dir='ltr'><strong>Tabulis</strong></span> <span class='ocrx_word' id='word_1_159' title='bbox 893 1694 994 1766; x_wconf 86' lang='lat' dir='ltr'><strong>Kepleri</strong></span> <span class='ocrx_word' id='word_1_160' title='bbox 1012 1694 1149 1744; x_wconf 81' lang='lat' dir='ltr'><strong>Lunsribus</strong></span> <span class='ocrx_word' id='word_1_161' title='bbox 1175 1690 1241 1754; x_wconf 85' lang='lat' dir='ltr'><strong>(ride</strong></span> <span class='ocrx_word' id='word_1_162' title='bbox 1265 1703 1339 1755; x_wconf 82' lang='lat' dir='ltr'><strong>supra</strong></span> <span class='ocrx_word' id='word_1_163' title='bbox 1362 1701 1420 1752; x_wconf 66' lang='lat' dir='ltr'><strong>pag·</strong></span> <span class='ocrx_word' id='word_1_164' title='bbox 1439 1682 1484 1746; x_wconf 76' lang='lat'><strong>3⁰)</strong></span> <span class='ocrx_word' id='word_1_165' title='bbox 1579 1681 1585 1693; x_wconf 66' lang='grc'><strong>’</strong></span> 
     </span>
    </p>
   </div>
   <div class='ocr_carea' id='block_1_5' title="bbox 141 1756 1515 2536">
    <p class='ocr_par' dir='ltr' id='par_1_8' title="bbox 141 1756 1515 2536">
     <span class='ocr_line' id='line_1_17' title="bbox 147 1756 1484 1832; baseline -0.006 -17"><span class='ocrx_word' id='word_1_166' title='bbox 147 1766 241 1832; x_wconf 72' lang='lat' dir='ltr'><strong>gratiss</strong></span> <span class='ocrx_word' id='word_1_167' title='bbox 260 1779 349 1830; x_wconf 77' lang='lat' dir='ltr'><strong>agens,</strong></span> <span class='ocrx_word' id='word_1_168' title='bbox 370 1757 451 1816; x_wconf 81' lang='lat' dir='ltr'><strong>addit:</strong></span> <span class='ocrx_word' id='word_1_169' title='bbox 478 1767 527 1817; x_wconf 88' lang='lat' dir='ltr'><strong>Die</strong></span> <span class='ocrx_word' id='word_1_170' title='bbox 546 1765 654 1818; x_wconf 75' lang='lat' dir='ltr'><strong>Tabulae</strong></span> <span class='ocrx_word' id='word_1_171' title='bbox 671 1767 719 1816; x_wconf 92' lang='lat' dir='ltr'><strong>bab</strong></span> <span class='ocrx_word' id='word_1_172' title='bbox 736 1766 776 1816; x_wconf 84' lang='lat' dir='ltr'><strong>iub</strong></span> <span class='ocrx_word' id='word_1_173' title='bbox 794 1781 839 1831; x_wconf 75' lang='lat' dir='ltr'><strong>gar</strong></span> <span class='ocrx_word' id='word_1_174' title='bbox 856 1781 916 1831; x_wconf 72' lang='lat' dir='ltr'><strong>geru</strong></span> <span class='ocrx_word' id='word_1_175' title='bbox 934 1766 1057 1832; x_wconf 71' lang='lat' dir='ltr'><strong>genehen,</strong></span> <span class='ocrx_word' id='word_1_176' title='bbox 1080 1764 1131 1814; x_wconf 83' lang='lat' dir='ltr'><strong>und</strong></span> <span class='ocrx_word' id='word_1_177' title='bbox 1153 1763 1198 1813; x_wconf 88' lang='lat' dir='ltr'><strong>bat</strong></span> <span class='ocrx_word' id='word_1_178' title='bbox 1220 1763 1264 1812; x_wconf 89' lang='lat' dir='ltr'><strong>der</strong></span> <span class='ocrx_word' id='word_1_179' title='bbox 1281 1759 1345 1811; x_wconf 87' lang='lat' dir='ltr'><strong>Herr</strong></span> <span class='ocrx_word' id='word_1_180' title='bbox 1362 1759 1409 1809; x_wconf 87' lang='lat' dir='ltr'><strong>den</strong></span> <span class='ocrx_word' id='word_1_181' title='bbox 1427 1756 1484 1807; x_wconf 86' lang='lat' dir='ltr'><strong>Stu-</strong></span> 
     </span>
     <span class='ocr_line' id='line_1_18' title="bbox 147 1829 1485 1913; baseline -0.004 -27"><span class='ocrx_word' id='word_1_182' title='bbox 147 1837 222 1886; x_wconf 86' lang='lat' dir='ltr'><strong>diosis</strong></span> <span class='ocrx_word' id='word_1_183' title='bbox 240 1835 382 1886; x_wconf 82' lang='lat' dir='ltr'><strong>Mathessos</strong></span> <span class='ocrx_word' id='word_1_184' title='bbox 400 1839 485 1888; x_wconf 87' lang='lat' dir='ltr'><strong>hieran</strong></span> <span class='ocrx_word' id='word_1_185' title='bbox 503 1839 638 1904; x_wconf 69' lang='lat' dir='ltr'><strong>gevissllcb</strong></span> <span class='ocrx_word' id='word_1_186' title='bbox 657 1839 696 1886; x_wconf 89' lang='lat' dir='ltr'><strong>ein</strong></span> <span class='ocrx_word' id='word_1_187' title='bbox 719 1838 834 1888; x_wconf 78' lang='lat' dir='ltr'><strong>conderes</strong></span> <span class='ocrx_word' id='word_1_188' title='bbox 856 1838 1002 1888; x_wconf 80' lang='lat' dir='ltr'><strong>beneficium</strong></span> <span class='ocrx_word' id='word_1_189' title='bbox 1019 1835 1121 1905; x_wconf 76' lang='lat' dir='ltr'><strong>gethan.</strong></span> <span class='ocrx_word' id='word_1_190' title='bbox 1157 1834 1199 1885; x_wconf 86' lang='lat' dir='ltr'><strong>Da</strong></span> <span class='ocrx_word' id='word_1_191' title='bbox 1216 1837 1252 1884; x_wconf 87' lang='lat' dir='ltr'><strong>sie</strong></span> <span class='ocrx_word' id='word_1_192' title='bbox 1268 1833 1322 1883; x_wconf 85' lang='lat' dir='ltr'><strong>blos</strong></span> <span class='ocrx_word' id='word_1_193' title='bbox 1340 1829 1485 1913; x_wconf 45' lang='lat' dir='ltr'><strong>temporales·</strong></span> 
     </span>
     <span class='ocr_line' id='line_1_19' title="bbox 148 1899 1515 1973; baseline -0.004 -15"><span class='ocrx_word' id='word_1_194' title='bbox 148 1929 184 1950; x_wconf 74' lang='lat' dir='ltr'><strong>-v-</strong></span> <span class='ocrx_word' id='word_1_195' title='bbox 202 1909 234 1958; x_wconf 86' lang='lat' dir='ltr'><strong>ab</strong></span> <span class='ocrx_word' id='word_1_196' title='bbox 248 1922 317 1958; x_wconf 85' lang='lat' dir='ltr'><strong>-anno</strong></span> <span class='ocrx_word' id='word_1_197' title='bbox 337 1905 406 1958; x_wconf 80' lang='grc'>1100</span> <span class='ocrx_word' id='word_1_198' title='bbox 418 1910 451 1960; x_wconf 85' lang='lat' dir='ltr'><strong>ad</strong></span> <span class='ocrx_word' id='word_1_199' title='bbox 464 1907 532 1973; x_wconf 84' lang='grc'>1800</span> <span class='ocrx_word' id='word_1_200' title='bbox 550 1940 581 1948; x_wconf 99' lang='grc'>-</span> <span class='ocrx_word' id='word_1_201' title='bbox 600 1925 627 1960; x_wconf 90' lang='lat' dir='ltr'><strong>so</strong></span> <span class='ocrx_word' id='word_1_202' title='bbox 645 1909 700 1960; x_wconf 84' lang='lat' dir='ltr'><strong>siud</strong></span> <span class='ocrx_word' id='word_1_203' title='bbox 716 1910 752 1969; x_wconf 77' lang='lat' dir='ltr'><strong>sie</strong></span> <span class='ocrx_word' id='word_1_204' title='bbox 770 1909 815 1958; x_wconf 87' lang='lat' dir='ltr'><strong>mir</strong></span> <span class='ocrx_word' id='word_1_205' title='bbox 833 1924 864 1959; x_wconf 84' lang='lat' dir='ltr'><strong>nu</strong></span> <span class='ocrx_word' id='word_1_206' title='bbox 883 1911 931 1960; x_wconf 91' lang='lat' dir='ltr'><strong>den</strong></span> <span class='ocrx_word' id='word_1_207' title='bbox 949 1908 1123 1966; x_wconf 84' lang='lat' dir='ltr'><strong>dmtemissen,</strong></span> <span class='ocrx_word' id='word_1_208' title='bbox 1141 1921 1169 1958; x_wconf 85' lang='lat' dir='ltr'><strong>so</strong></span> <span class='ocrx_word' id='word_1_209' title='bbox 1186 1907 1254 1956; x_wconf 81' lang='lat' dir='ltr'><strong>cirea</strong></span> <span class='ocrx_word' id='word_1_210' title='bbox 1269 1911 1380 1968; x_wconf 79' lang='lat' dir='ltr'><strong>temporo</strong></span> <span class='ocrx_word' id='word_1_211' title='bbox 1398 1899 1485 1952; x_wconf 75' lang='lat' dir='ltr'><strong>cunm</strong></span> <span class='ocrx_word' id='word_1_212' title='bbox 1513 1904 1515 1911; x_wconf 92' lang='lat'>&#39;</span> 
     </span>
     <span class='ocr_line' id='line_1_20' title="bbox 148 1975 1502 2045; baseline -0.003 -17"><span class='ocrx_word' id='word_1_213' title='bbox 148 1984 175 2028; x_wconf 90' lang='lat' dir='ltr'><strong>et</strong></span> <span class='ocrx_word' id='word_1_214' title='bbox 192 1985 252 2030; x_wconf 83' lang='lat' dir='ltr'><strong>aute</strong></span> <span class='ocrx_word' id='word_1_215' title='bbox 264 1975 386 2030; x_wconf 74' lang='lat' dir='ltr'><strong>Christum</strong></span> <span class='ocrx_word' id='word_1_216' title='bbox 403 1979 455 2030; x_wconf 88' lang='lat' dir='ltr'><strong>sich</strong></span> <span class='ocrx_word' id='word_1_217' title='bbox 473 1981 592 2045; x_wconf 75' lang='lat' dir='ltr'><strong>begeben.</strong></span> <span class='ocrx_word' id='word_1_218' title='bbox 612 1980 648 2030; x_wconf 79' lang='lat' dir='ltr'><strong>als</strong></span> <span class='ocrx_word' id='word_1_219' title='bbox 666 1979 774 2030; x_wconf 82' lang='lat' dir='ltr'><strong>weloben</strong></span> <span class='ocrx_word' id='word_1_220' title='bbox 791 1978 833 2030; x_wconf 85' lang='lat' dir='ltr'><strong>ich</strong></span> <span class='ocrx_word' id='word_1_221' title='bbox 851 1979 925 2030; x_wconf 85' lang='lat' dir='ltr'><strong>allelu</strong></span> <span class='ocrx_word' id='word_1_222' title='bbox 942 1979 1113 2038; x_wconf 69' lang='lat' dir='ltr'><strong>noobmchta</strong></span> <span class='ocrx_word' id='word_1_223' title='bbox 1131 1979 1169 2027; x_wconf 89' lang='lat' dir='ltr'><strong>uit</strong></span> <span class='ocrx_word' id='word_1_224' title='bbox 1186 1975 1329 2033; x_wconf 64' lang='lat' dir='ltr'><strong>dienstlioh}</strong></span> <span class='ocrx_word' id='word_1_225' title='bbox 1348 1981 1404 2039; x_wconf 75' lang='lat' dir='ltr'><strong>neg</strong></span> <span class='ocrx_word' id='word_1_226' title='bbox 1421 1986 1502 2042; x_wconf 65' lang='lat' dir='ltr'><strong>serg.¹</strong></span> 
     </span>
     <span class='ocr_line' id='line_1_21' title="bbox 147 2050 1458 2114; baseline -0.001 -14"><span class='ocrx_word' id='word_1_227' title='bbox 147 2051 184 2100; x_wconf 89' lang='lat' dir='ltr'><strong>sie</strong></span> <span class='ocrx_word' id='word_1_228' title='bbox 202 2063 277 2113; x_wconf 83' lang='lat' dir='ltr'><strong>seyen</strong></span> <span class='ocrx_word' id='word_1_229' title='bbox 297 2050 329 2100; x_wconf 87' lang='lat' dir='ltr'><strong>sd</strong></span> <span class='ocrx_word' id='word_1_230' title='bbox 347 2057 457 2114; x_wconf 90' lang='lat' dir='ltr'><strong>tempora</strong></span> <span class='ocrx_word' id='word_1_231' title='bbox 475 2059 533 2102; x_wconf 82' lang='lat' dir='ltr'><strong>ante</strong></span> <span class='ocrx_word' id='word_1_232' title='bbox 553 2051 673 2102; x_wconf 82' lang='lat' dir='ltr'><strong>Christum</strong></span> <span class='ocrx_word' id='word_1_233' title='bbox 691 2052 777 2100; x_wconf 86' lang='lat' dir='ltr'><strong>nitzu</strong></span> <span class='ocrx_word' id='word_1_234' title='bbox 794 2050 945 2102; x_wconf 84' lang='lat' dir='ltr'><strong>extendiren.</strong></span> <span class='ocrx_word' id='word_1_235' title='bbox 1442 2093 1458 2100; x_wconf 83' lang='lat'><strong>..</strong></span> 
     </span>
     <span class='ocr_line' id='line_1_22' title="bbox 235 2112 1486 2189; baseline -0.003 -19"><span class='ocrx_word' id='word_1_236' title='bbox 235 2120 279 2172; x_wconf 87' lang='lat' dir='ltr'><strong>leb</strong></span> <span class='ocrx_word' id='word_1_237' title='bbox 292 2121 350 2171; x_wconf 87' lang='lat' dir='ltr'><strong>&#39;halt</strong></span> <span class='ocrx_word' id='word_1_238' title='bbox 368 2121 434 2172; x_wconf 86' lang='lat' dir='ltr'><strong>auch</strong></span> <span class='ocrx_word' id='word_1_239' title='bbox 453 2122 492 2172; x_wconf 82' lang='lat' dir='ltr'><strong>tur</strong></span> <span class='ocrx_word' id='word_1_240' title='bbox 516 2125 617 2189; x_wconf 74' lang='lat' dir='ltr'><strong>genius.</strong></span> <span class='ocrx_word' id='word_1_241' title='bbox 643 2123 699 2172; x_wconf 76' lang='lat' dir='ltr'><strong>dees</strong></span> <span class='ocrx_word' id='word_1_242' title='bbox 724 2137 794 2172; x_wconf 82' lang='lat' dir='ltr'><strong>weun</strong></span> <span class='ocrx_word' id='word_1_243' title='bbox 814 2123 881 2172; x_wconf 87' lang='lat' dir='ltr'><strong>disse</strong></span> <span class='ocrx_word' id='word_1_244' title='bbox 906 2122 1046 2172; x_wconf 81' lang='lat' dir='ltr'><strong>dilucidatio</strong></span> <span class='ocrx_word' id='word_1_245' title='bbox 1069 2119 1207 2170; x_wconf 87' lang='lat' dir='ltr'><strong>tabularum</strong></span> <span class='ocrx_word' id='word_1_246' title='bbox 1229 2116 1349 2184; x_wconf 77' lang='lat' dir='ltr'><strong>gedmelt</strong></span> <span class='ocrx_word' id='word_1_247' title='bbox 1369 2114 1420 2164; x_wconf 87' lang='lat' dir='ltr'><strong>und</strong></span> <span class='ocrx_word' id='word_1_248' title='bbox 1438 2112 1486 2166; x_wconf 82' lang='lat' dir='ltr'><strong>deu</strong></span> 
     </span>
     <span class='ocr_line' id='line_1_23' title="bbox 142 2185 1485 2260; baseline -0.005 -18"><span class='ocrx_word' id='word_1_249' title='bbox 142 2191 369 2258; x_wconf 74' lang='lat' dir='ltr'><strong>Progymnasmatis</strong></span> <span class='ocrx_word' id='word_1_250' title='bbox 384 2193 512 2260; x_wconf 68' lang='lat' dir='ltr'><strong>beigstngt</strong></span> <span class='ocrx_word' id='word_1_251' title='bbox 524 2194 633 2252; x_wconf 78' lang='lat' dir='ltr'><strong>worden,</strong></span> <span class='ocrx_word' id='word_1_252' title='bbox 651 2209 677 2244; x_wconf 91' lang='lat' dir='ltr'><strong>es</strong></span> <span class='ocrx_word' id='word_1_253' title='bbox 689 2194 770 2243; x_wconf 77' lang='lat' dir='ltr'><strong>werde</strong></span> <span class='ocrx_word' id='word_1_254' title='bbox 783 2208 814 2244; x_wconf 85' lang='lat' dir='ltr'><strong>zu</strong></span> <span class='ocrx_word' id='word_1_255' title='bbox 826 2187 950 2244; x_wconf 80' lang='lat' dir='ltr'><strong>bessorum</strong></span> <span class='ocrx_word' id='word_1_256' title='bbox 962 2193 1067 2258; x_wconf 74' lang='lat' dir='ltr'><strong>Abgsng</strong></span> <span class='ocrx_word' id='word_1_257' title='bbox 1080 2191 1123 2242; x_wconf 89' lang='lat' dir='ltr'><strong>der</strong></span> <span class='ocrx_word' id='word_1_258' title='bbox 1133 2189 1380 2257; x_wconf 74' lang='lat' dir='ltr'><strong>Progymnasrnotum</strong></span> <span class='ocrx_word' id='word_1_259' title='bbox 1391 2185 1485 2236; x_wconf 79' lang='lat' dir='ltr'><strong>oleme-</strong></span> 
     </span>
     <span class='ocr_line' id='line_1_24' title="bbox 141 2259 1485 2329; baseline 0.001 -17"><span class='ocrx_word' id='word_1_260' title='bbox 141 2261 192 2313; x_wconf 89' lang='lat' dir='ltr'><strong>licb</strong></span> <span class='ocrx_word' id='word_1_261' title='bbox 209 2278 276 2327; x_wconf 87' lang='lat' dir='ltr'><strong>seyn.</strong></span> <span class='ocrx_word' id='word_1_262' title='bbox 314 2263 358 2314; x_wconf 84' lang='lat' dir='ltr'><strong>Ich</strong></span> <span class='ocrx_word' id='word_1_263' title='bbox 375 2264 433 2314; x_wconf 72' lang='lat' dir='ltr'><strong>volt</strong></span> <span class='ocrx_word' id='word_1_264' title='bbox 451 2266 515 2316; x_wconf 86' lang='lat' dir='ltr'><strong>anob</strong></span> <span class='ocrx_word' id='word_1_265' title='bbox 537 2268 575 2315; x_wconf 92' lang='lat' dir='ltr'><strong>nit</strong></span> <span class='ocrx_word' id='word_1_266' title='bbox 598 2266 766 2322; x_wconf 72' lang='lat' dir='ltr'><strong>rutenenses,</strong></span> <span class='ocrx_word' id='word_1_267' title='bbox 791 2265 914 2329; x_wconf 88' lang='lat' dir='ltr'><strong>quondam</strong></span> <span class='ocrx_word' id='word_1_268' title='bbox 933 2263 1055 2327; x_wconf 83' lang='lat' dir='ltr'><strong>Tycbonis</strong></span> <span class='ocrx_word' id='word_1_269' title='bbox 1072 2262 1191 2313; x_wconf 86' lang='lat' dir='ltr'><strong>haeredes</strong></span> <span class='ocrx_word' id='word_1_270' title='bbox 1213 2260 1301 2313; x_wconf 86' lang='lat' dir='ltr'><strong>dessen</strong></span> <span class='ocrx_word' id='word_1_271' title='bbox 1323 2274 1354 2308; x_wconf 82' lang='lat' dir='ltr'><strong>su</strong></span> <span class='ocrx_word' id='word_1_272' title='bbox 1372 2259 1485 2313; x_wconf 75' lang='grc' dir='ltr'><strong>ινὶοἱηο.</strong></span> 
     </span>
     <span class='ocr_line' id='line_1_25' title="bbox 142 2330 1485 2402; baseline -0.003 -20"><span class='ocrx_word' id='word_1_273' title='bbox 142 2348 216 2386; x_wconf 72' lang='lat' dir='ltr'><strong>vanu</strong></span> <span class='ocrx_word' id='word_1_274' title='bbox 234 2335 275 2384; x_wconf 85' lang='lat' dir='ltr'><strong>leh</strong></span> <span class='ocrx_word' id='word_1_275' title='bbox 292 2340 393 2393; x_wconf 65' lang='lat' dir='ltr'><strong>visam,</strong></span> <span class='ocrx_word' id='word_1_276' title='bbox 410 2337 456 2391; x_wconf 78' lang='lat' dir='ltr'><strong>wic</strong></span> <span class='ocrx_word' id='word_1_277' title='bbox 474 2335 569 2388; x_wconf 78' lang='lat' dir='ltr'><strong>solebeo</strong></span> <span class='ocrx_word' id='word_1_278' title='bbox 587 2335 726 2402; x_wconf 78' lang='lat' dir='ltr'><strong>geschelteu</strong></span> <span class='ocrx_word' id='word_1_279' title='bbox 738 2335 820 2394; x_wconf 63' lang='lat' dir='ltr'><strong>&#39;sollu</strong></span> <span class='ocrx_word' id='word_1_280' title='bbox 843 2336 908 2386; x_wconf 86' lang='lat' dir='ltr'><strong>donn</strong></span> <span class='ocrx_word' id='word_1_281' title='bbox 926 2336 977 2392; x_wconf 80' lang='lat' dir='ltr'><strong>ich,</strong></span> <span class='ocrx_word' id='word_1_282' title='bbox 993 2349 1044 2384; x_wconf 71' lang='lat' dir='ltr'><strong>ver</strong></span> <span class='ocrx_word' id='word_1_283' title='bbox 1060 2336 1096 2384; x_wconf 83' lang='lat' dir='ltr'><strong>aie</strong></span> <span class='ocrx_word' id='word_1_284' title='bbox 1115 2332 1246 2402; x_wconf 74' lang='lat' dir='ltr'><strong>algentlleb</strong></span> <span class='ocrx_word' id='word_1_285' title='bbox 1264 2347 1334 2398; x_wconf 66' lang='lat' dir='ltr'><strong>sequ,</strong></span> <span class='ocrx_word' id='word_1_286' title='bbox 1351 2331 1390 2380; x_wconf 91' lang='lat' dir='ltr'><strong>nlt</strong></span> <span class='ocrx_word' id='word_1_287' title='bbox 1404 2330 1485 2380; x_wconf 70' lang='lat' dir='ltr'><strong>veisa</strong></span> 
     </span>
     <span class='ocr_line' id='line_1_26' title="bbox 232 2405 1484 2472; baseline 0.002 -17"><span class='ocrx_word' id='word_1_288' title='bbox 232 2405 289 2455; x_wconf 87' lang='lat' dir='ltr'><strong>Von</strong></span> <span class='ocrx_word' id='word_1_289' title='bbox 306 2407 408 2472; x_wconf 73' lang='lat' dir='ltr'><strong>llbrigen</strong></span> <span class='ocrx_word' id='word_1_290' title='bbox 426 2406 491 2458; x_wconf 90' lang='lat' dir='ltr'><strong>blelb</strong></span> <span class='ocrx_word' id='word_1_291' title='bbox 509 2408 549 2458; x_wconf 89' lang='lat' dir='ltr'><strong>iob</strong></span> <span class='ocrx_word' id='word_1_292' title='bbox 568 2415 616 2460; x_wconf 88' lang='lat' dir='ltr'><strong>ete.</strong></span> <span class='ocrx_word' id='word_1_293' title='bbox 1481 2431 1484 2438; x_wconf 92' lang='lat'><em>·</em></span> 
     </span>
     <span class='ocr_line' id='line_1_27' title="bbox 196 2473 733 2536; baseline 0.007 -10"><span class='ocrx_word' id='word_1_294' title='bbox 196 2525 201 2536; x_wconf 68' lang='lat'><em>,</em></span> <span class='ocrx_word' id='word_1_295' title='bbox 234 2476 327 2528; x_wconf 88' lang='lat' dir='ltr'><strong>Datum</strong></span> <span class='ocrx_word' id='word_1_296' title='bbox 346 2476 472 2528; x_wconf 81' lang='lat' dir='ltr'><strong>Mdnehen</strong></span> <span class='ocrx_word' id='word_1_297' title='bbox 491 2477 515 2530; x_wconf 87' lang='lat' dir='ltr'><strong>d.</strong></span> <span class='ocrx_word' id='word_1_298' title='bbox 535 2474 559 2530; x_wconf 81' lang='grc' dir='ltr'><strong>θ.</strong></span> <span class='ocrx_word' id='word_1_299' title='bbox 578 2479 636 2530; x_wconf 83' lang='lat' dir='ltr'><strong>Juni</strong></span> <span class='ocrx_word' id='word_1_300' title='bbox 657 2473 733 2530; x_wconf 76' lang='grc'>1003.</span> 
     </span>
    </p>
   </div>
   <div class='ocr_carea' id='block_1_6' title="bbox 141 2574 1486 2738">
    <p class='ocr_par' dir='ltr' id='par_1_9' title="bbox 141 2574 1486 2738">
     <span class='ocr_line' id='line_1_28' title="bbox 228 2574 1486 2651; baseline 0.002 -17"><span class='ocrx_word' id='word_1_301' title='bbox 228 2574 364 2648; x_wconf 72' lang='lat' dir='ltr'><strong>Kepleri</strong></span> <span class='ocrx_word' id='word_1_302' title='bbox 383 2585 547 2648; x_wconf 85' lang='lat' dir='ltr'><strong>responsionis</strong></span> <span class='ocrx_word' id='word_1_303' title='bbox 565 2584 600 2648; x_wconf 89' lang='lat' dir='ltr'><strong>(d.</strong></span> <span class='ocrx_word' id='word_1_304' title='bbox 621 2586 645 2637; x_wconf 83' lang='lat'><strong>5.</strong></span> <span class='ocrx_word' id='word_1_305' title='bbox 659 2585 708 2636; x_wconf 79' lang='lat' dir='ltr'><strong>lul.</strong></span> <span class='ocrx_word' id='word_1_306' title='bbox 730 2583 810 2649; x_wconf 79' lang='lat'><strong>160³)</strong></span> <span class='ocrx_word' id='word_1_307' title='bbox 829 2587 952 2638; x_wconf 76' lang='lat' dir='ltr'><strong>exordium</strong></span> <span class='ocrx_word' id='word_1_308' title='bbox 970 2586 1121 2638; x_wconf 76' lang='lat' dir='ltr'><strong>exhibuimus</strong></span> <span class='ocrx_word' id='word_1_309' title='bbox 1138 2585 1198 2639; x_wconf 70' lang='lat' dir='ltr'><strong>Vol.¹</strong></span> <span class='ocrx_word' id='word_1_310' title='bbox 1213 2586 1234 2645; x_wconf 82' lang='grc' dir='ltr'><strong>Ι,</strong></span> <span class='ocrx_word' id='word_1_311' title='bbox 1252 2602 1276 2651; x_wconf 90' lang='lat' dir='ltr'><strong>p.</strong></span> <span class='ocrx_word' id='word_1_312' title='bbox 1292 2582 1351 2635; x_wconf 77' lang='lat' dir='ltr'><strong>ost.</strong></span> <span class='ocrx_word' id='word_1_313' title='bbox 1380 2583 1486 2650; x_wconf 79' lang='lat' dir='ltr'><strong>Reliqua</strong></span> 
     </span>
     <span class='ocr_line' id='line_1_29' title="bbox 141 2656 1485 2738; baseline 0.002 -22"><span class='ocrx_word' id='word_1_314' title='bbox 141 2662 208 2716; x_wconf 82' lang='lat' dir='ltr'><strong>taor</strong></span> <span class='ocrx_word' id='word_1_315' title='bbox 229 2671 301 2714; x_wconf 81' lang='lat' dir='ltr'><strong>suos:</strong></span> <span class='ocrx_word' id='word_1_316' title='bbox 328 2656 363 2716; x_wconf 94' lang='lat' dir='ltr'><strong>In</strong></span> <span class='ocrx_word' id='word_1_317' title='bbox 380 2656 528 2734; x_wconf 82' lang='lat' dir='ltr'><strong>prioribus</strong></span> <span class='ocrx_word' id='word_1_318' title='bbox 544 2657 640 2719; x_wconf 88' lang='lat' dir='ltr'><strong>literis</strong></span> <span class='ocrx_word' id='word_1_319' title='bbox 657 2659 774 2734; x_wconf 89' lang='lat' dir='ltr'><strong>scribis,</strong></span> <span class='ocrx_word' id='word_1_320' title='bbox 799 2660 848 2721; x_wconf 94' lang='lat' dir='ltr'><strong>diu</strong></span> <span class='ocrx_word' id='word_1_321' title='bbox 865 2660 1020 2722; x_wconf 89' lang='lat' dir='ltr'><strong>delituisse</strong></span> <span class='ocrx_word' id='word_1_322' title='bbox 1034 2658 1168 2722; x_wconf 79' lang='lat' dir='ltr'><strong>Lonorio</strong></span> <span class='ocrx_word' id='word_1_323' title='bbox 1185 2678 1261 2734; x_wconf 87' lang='lat' dir='ltr'><strong>mea,</strong></span> <span class='ocrx_word' id='word_1_324' title='bbox 1285 2656 1362 2738; x_wconf 92' lang='lat' dir='ltr'><strong>quod</strong></span> <span class='ocrx_word' id='word_1_325' title='bbox 1385 2656 1485 2734; x_wconf 88' lang='lat' dir='ltr'><strong>miror,</strong></span> 
     </span>
    </p>
   </div>
   <div class='ocr_carea' id='block_1_7' title="bbox 142 2743 1485 3184">
    <p class='ocr_par' dir='ltr' id='par_1_10' title="bbox 142 2743 1485 3184">
     <span class='ocr_line' id='line_1_30' title="bbox 143 2743 1485 2834; baseline 0.001 -27"><span class='ocrx_word' id='word_1_326' title='bbox 143 2764 199 2807; x_wconf 87' lang='lat' dir='ltr'><strong>neo</strong></span> <span class='ocrx_word' id='word_1_327' title='bbox 223 2743 330 2834; x_wconf 75' lang='lat' dir='ltr'><strong>injurio</strong></span> <span class='ocrx_word' id='word_1_328' title='bbox 353 2743 467 2826; x_wconf 90' lang='lat' dir='ltr'><strong>aliquid</strong></span> <span class='ocrx_word' id='word_1_329' title='bbox 491 2745 646 2829; x_wconf 87' lang='lat' dir='ltr'><strong>suspicor;</strong></span> <span class='ocrx_word' id='word_1_330' title='bbox 678 2769 750 2830; x_wconf 84' lang='lat' dir='ltr'><strong>rogo</strong></span> <span class='ocrx_word' id='word_1_331' title='bbox 774 2748 874 2829; x_wconf 83' lang='lat' dir='ltr'><strong>itaque</strong></span> <span class='ocrx_word' id='word_1_332' title='bbox 899 2749 1041 2830; x_wconf 85' lang='lat' dir='ltr'><strong>majorem</strong></span> <span class='ocrx_word' id='word_1_333' title='bbox 1070 2748 1101 2823; x_wconf 85' lang='lat' dir='ltr'><strong>in</strong></span> <span class='ocrx_word' id='word_1_334' title='bbox 1129 2748 1327 2824; x_wconf 90' lang='lat' dir='ltr'><strong>modum,·ut</strong></span> <span class='ocrx_word' id='word_1_335' title='bbox 1348 2766 1395 2829; x_wconf 84' lang='lat' dir='ltr'><strong>me</strong></span> <span class='ocrx_word' id='word_1_336' title='bbox 1418 2766 1485 2809; x_wconf 87' lang='lat' dir='ltr'><strong>cer-</strong></span> 
     </span>
     <span class='ocr_line' id='line_1_31' title="bbox 142 2834 1484 2919; baseline 0.001 -22"><span class='ocrx_word' id='word_1_337' title='bbox 142 2834 251 2897; x_wconf 89' lang='lat' dir='ltr'><strong>tiorem</strong></span> <span class='ocrx_word' id='word_1_338' title='bbox 275 2834 369 2896; x_wconf 80' lang='lat' dir='ltr'><strong>faciet</strong></span> <span class='ocrx_word' id='word_1_339' title='bbox 387 2834 430 2897; x_wconf 90' lang='lat' dir='ltr'><strong>M.</strong></span> <span class='ocrx_word' id='word_1_340' title='bbox 446 2834 493 2909; x_wconf 87' lang='grc' dir='ltr'><strong>Τ.,</strong></span> <span class='ocrx_word' id='word_1_341' title='bbox 516 2856 553 2897; x_wconf 84' lang='lat' dir='ltr'><strong>an</strong></span> <span class='ocrx_word' id='word_1_342' title='bbox 578 2837 607 2898; x_wconf 94' lang='lat' dir='ltr'><strong>in</strong></span> <span class='ocrx_word' id='word_1_343' title='bbox 631 2837 729 2907; x_wconf 82' lang='lat' dir='ltr'><strong>lituris</strong></span> <span class='ocrx_word' id='word_1_344' title='bbox 753 2838 929 2919; x_wconf 84' lang='lat' dir='ltr'><strong>quibusdam</strong></span> <span class='ocrx_word' id='word_1_345' title='bbox 953 2845 1099 2918; x_wconf 82' lang='lat' dir='ltr'><strong>agnoscet</strong></span> <span class='ocrx_word' id='word_1_346' title='bbox 1117 2840 1161 2901; x_wconf 89' lang='grc' dir='ltr'><strong>Μ.</strong></span> <span class='ocrx_word' id='word_1_347' title='bbox 1178 2840 1212 2901; x_wconf 86' lang='grc' dir='ltr'><strong>Τ.</strong></span> <span class='ocrx_word' id='word_1_348' title='bbox 1236 2857 1334 2899; x_wconf 80' lang='lat' dir='ltr'><strong>meum</strong></span> <span class='ocrx_word' id='word_1_349' title='bbox 1355 2856 1484 2901; x_wconf 86' lang='lat' dir='ltr'><strong>manum.</strong></span> 
     </span>
     <span class='ocr_line' id='line_1_32' title="bbox 144 2921 1485 3007; baseline 0.001 -22"><span class='ocrx_word' id='word_1_350' title='bbox 144 2921 236 2995; x_wconf 79' lang='lat' dir='ltr'><strong>Quod</strong></span> <span class='ocrx_word' id='word_1_351' title='bbox 258 2922 370 2985; x_wconf 81' lang='lat' dir='ltr'><strong>attinet</strong></span> <span class='ocrx_word' id='word_1_352' title='bbox 384 2922 522 3004; x_wconf 88' lang='lat' dir='ltr'><strong>eclipses,</strong></span> <span class='ocrx_word' id='word_1_353' title='bbox 547 2944 607 2987; x_wconf 89' lang='lat' dir='ltr'><strong>non</strong></span> <span class='ocrx_word' id='word_1_354' title='bbox 621 2926 877 2997; x_wconf 83' lang='lat' dir='ltr'><strong>dissimulandum,</strong></span> <span class='ocrx_word' id='word_1_355' title='bbox 902 2926 1140 3006; x_wconf 75' lang='lat' dir='ltr'><strong>compendiosius</strong></span> <span class='ocrx_word' id='word_1_356' title='bbox 1155 2945 1195 2987; x_wconf 86' lang='lat' dir='ltr'><strong>ex</strong></span> <span class='ocrx_word' id='word_1_357' title='bbox 1209 2926 1322 2989; x_wconf 87' lang='lat' dir='ltr'><strong>tabulis</strong></span> <span class='ocrx_word' id='word_1_358' title='bbox 1335 2925 1485 3007; x_wconf 77' lang='lat' dir='ltr'><strong>Typhonis</strong></span> 
     </span>
     <span class='ocr_line' id='line_1_33' title="bbox 146 3010 1485 3096; baseline 0.003 -23"><span class='ocrx_word' id='word_1_359' title='bbox 146 3010 273 3073; x_wconf 89' lang='lat' dir='ltr'><strong>inveniri</strong></span> <span class='ocrx_word' id='word_1_360' title='bbox 286 3012 416 3073; x_wconf 84' lang='lat' dir='ltr'><strong>Lunsris</strong></span> <span class='ocrx_word' id='word_1_361' title='bbox 433 3010 554 3093; x_wconf 85' lang='lat' dir='ltr'><strong>eclipsis</strong></span> <span class='ocrx_word' id='word_1_362' title='bbox 578 3014 706 3077; x_wconf 87' lang='lat' dir='ltr'><strong>medinm</strong></span> <span class='ocrx_word' id='word_1_363' title='bbox 729 3014 919 3085; x_wconf 87' lang='lat' dir='ltr'><strong>m&#39;omentum,</strong></span> <span class='ocrx_word' id='word_1_364' title='bbox 943 3017 972 3077; x_wconf 91' lang='lat' dir='ltr'><strong>in</strong></span> <span class='ocrx_word' id='word_1_365' title='bbox 987 3014 1143 3078; x_wconf 87' lang='lat' dir='ltr'><strong>Solaribue</strong></span> <span class='ocrx_word' id='word_1_366' title='bbox 1167 3016 1294 3094; x_wconf 87' lang='lat' dir='ltr'><strong>quidem,</strong></span> <span class='ocrx_word' id='word_1_367' title='bbox 1318 3014 1368 3076; x_wconf 88' lang='lat' dir='ltr'><strong>ubi</strong></span> <span class='ocrx_word' id='word_1_368' title='bbox 1383 3014 1485 3096; x_wconf 78' lang='lat' dir='ltr'><strong>Tychc</strong></span> 
     </span>
     <span class='ocr_line' id='line_1_34' title="bbox 146 3099 1484 3184; baseline 0.005 -24"><span class='ocrx_word' id='word_1_369' title='bbox 146 3099 291 3161; x_wconf 85' lang='lat' dir='ltr'><strong>admiscet</strong></span> <span class='ocrx_word' id='word_1_370' title='bbox 314 3100 496 3181; x_wconf 81' lang='lat' dir='ltr'><strong>triangulum</strong></span> <span class='ocrx_word' id='word_1_371' title='bbox 520 3122 604 3165; x_wconf 89' lang='lat' dir='ltr'><strong>snum</strong></span> <span class='ocrx_word' id='word_1_372' title='bbox 627 3104 829 3179; x_wconf 83' lang='lat' dir='ltr'><strong>rectilineum,</strong></span> <span class='ocrx_word' id='word_1_373' title='bbox 863 3122 901 3168; x_wconf 79' lang='lat' dir='ltr'><strong>ex</strong></span> <span class='ocrx_word' id='word_1_374' title='bbox 932 3105 1007 3167; x_wconf 89' lang='lat' dir='ltr'><strong>meis</strong></span> <span class='ocrx_word' id='word_1_375' title='bbox 1038 3104 1276 3183; x_wconf 85' lang='lat' dir='ltr'><strong>compendiosius</strong></span> <span class='ocrx_word' id='word_1_376' title='bbox 1297 3103 1484 3184; x_wconf 79' lang='lat' dir='ltr'><strong>procedetur.</strong></span> 
     </span>
    </p>
   </div>
   <div class='ocr_carea' id='block_1_8' title="bbox 47 3183 1487 3275">
    <p class='ocr_par' dir='ltr' id='par_1_11' title="bbox 47 3183 1487 3275">
     <span class='ocr_line' id='line_1_35' title="bbox 47 3183 1487 3275; baseline 0.008 -31"><span class='ocrx_word' id='word_1_377' title='bbox 47 3235 50 3244; x_wconf 94' lang='lat'>.</span> <span class='ocrx_word' id='word_1_378' title='bbox 144 3188 223 3251; x_wconf 87' lang='lat' dir='ltr'><strong>Nam</strong></span> <span class='ocrx_word' id='word_1_379' title='bbox 246 3183 309 3251; x_wconf 89' lang='lat' dir='ltr'><strong>etsi</strong></span> <span class='ocrx_word' id='word_1_380' title='bbox 327 3189 357 3249; x_wconf 92' lang='lat' dir='ltr'><strong>in</strong></span> <span class='ocrx_word' id='word_1_381' title='bbox 380 3191 551 3254; x_wconf 85' lang='lat' dir='ltr'><strong>uuiversum</strong></span> <span class='ocrx_word' id='word_1_382' title='bbox 574 3192 603 3253; x_wconf 91' lang='lat' dir='ltr'><strong>in</strong></span> <span class='ocrx_word' id='word_1_383' title='bbox 626 3193 682 3255; x_wconf 90' lang='lat' dir='ltr'><strong>hoc</strong></span> <span class='ocrx_word' id='word_1_384' title='bbox 706 3202 811 3275; x_wconf 88' lang='lat' dir='ltr'><strong>reputo</strong></span> <span class='ocrx_word' id='word_1_385' title='bbox 835 3193 1039 3273; x_wconf 88' lang='lat' dir='ltr'><strong>compendium</strong></span> <span class='ocrx_word' id='word_1_386' title='bbox 1062 3193 1178 3267; x_wconf 87' lang='lat' dir='ltr'><strong>inesse,</strong></span> <span class='ocrx_word' id='word_1_387' title='bbox 1206 3194 1284 3273; x_wconf 91' lang='lat' dir='ltr'><strong>quod</strong></span> <span class='ocrx_word' id='word_1_388' title='bbox 1307 3192 1431 3274; x_wconf 80' lang='lat' dir='ltr'><strong>apogeei</strong></span> <span class='ocrx_word' id='word_1_389' title='bbox 1455 3203 1487 3257; x_wconf 87' lang='lat' dir='ltr'><strong>et</strong></span> 
     </span>
    </p>
   </div>
   <div class='ocr_carea' id='block_1_9' title="bbox 144 3277 1487 5039">
    <p class='ocr_par' dir='ltr' id='par_1_12' title="bbox 144 3277 1487 4070">
     <span class='ocr_line' id='line_1_36' title="bbox 145 3277 1486 3363; baseline 0.003 -24"><span class='ocrx_word' id='word_1_390' title='bbox 145 3277 214 3339; x_wconf 89' lang='lat' dir='ltr'><strong>nodi</strong></span> <span class='ocrx_word' id='word_1_391' title='bbox 238 3286 351 3340; x_wconf 91' lang='lat' dir='ltr'><strong>motum</strong></span> <span class='ocrx_word' id='word_1_392' title='bbox 378 3278 416 3341; x_wconf 85' lang='lat' dir='ltr'><strong>ab</strong></span> <span class='ocrx_word' id='word_1_393' title='bbox 448 3280 635 3362; x_wconf 89' lang='lat' dir='ltr'><strong>aequinoctio</strong></span> <span class='ocrx_word' id='word_1_394' title='bbox 668 3282 814 3363; x_wconf 87' lang='lat' dir='ltr'><strong>inquirere</strong></span> <span class='ocrx_word' id='word_1_395' title='bbox 844 3283 954 3356; x_wconf 90' lang='lat' dir='ltr'><strong>doceo,</strong></span> <span class='ocrx_word' id='word_1_396' title='bbox 983 3282 1031 3345; x_wconf 90' lang='lat' dir='ltr'><strong>bic</strong></span> <span class='ocrx_word' id='word_1_397' title='bbox 1059 3289 1161 3344; x_wconf 90' lang='lat' dir='ltr'><strong>tamen</strong></span> <span class='ocrx_word' id='word_1_398' title='bbox 1187 3282 1293 3345; x_wconf 90' lang='lat' dir='ltr'><strong>modus</strong></span> <span class='ocrx_word' id='word_1_399' title='bbox 1315 3282 1486 3345; x_wconf 80' lang='lat' dir='ltr'><strong>necessario</strong></span> 
     </span>
     <span class='ocr_line' id='line_1_37' title="bbox 144 3366 1487 3455; baseline 0.006 -28"><span class='ocrx_word' id='word_1_400' title='bbox 144 3366 335 3447; x_wconf 83' lang='lat' dir='ltr'><strong>particularis</strong></span> <span class='ocrx_word' id='word_1_401' title='bbox 359 3376 420 3441; x_wconf 88' lang='lat' dir='ltr'><strong>est,</strong></span> <span class='ocrx_word' id='word_1_402' title='bbox 446 3369 524 3448; x_wconf 90' lang='lat' dir='ltr'><strong>qnod</strong></span> <span class='ocrx_word' id='word_1_403' title='bbox 548 3371 672 3433; x_wconf 87' lang='lat' dir='ltr'><strong>oonsilio</strong></span> <span class='ocrx_word' id='word_1_404' title='bbox 695 3372 769 3444; x_wconf 88' lang='lat' dir='ltr'><strong>feei,</strong></span> <span class='ocrx_word' id='word_1_405' title='bbox 798 3378 831 3433; x_wconf 96' lang='lat' dir='ltr'><strong>ut</strong></span> <span class='ocrx_word' id='word_1_406' title='bbox 854 3372 920 3435; x_wconf 87' lang='lat' dir='ltr'><strong>curu</strong></span> <span class='ocrx_word' id='word_1_407' title='bbox 943 3371 1093 3455; x_wconf 82' lang='lat' dir='ltr'><strong>Tyohonis</strong></span> <span class='ocrx_word' id='word_1_408' title='bbox 1115 3371 1284 3436; x_wconf 83' lang='lat' dir='ltr'><strong>Luceribus</strong></span> <span class='ocrx_word' id='word_1_409' title='bbox 1305 3371 1372 3451; x_wconf 87' lang='lat' dir='ltr'><strong>pari</strong></span> <span class='ocrx_word' id='word_1_410' title='bbox 1391 3373 1487 3453; x_wconf 86' lang='lat' dir='ltr'><strong>passu</strong></span> 
     </span>
     <span class='ocr_line' id='line_1_38' title="bbox 146 3454 1484 3543; baseline 0.004 -27"><span class='ocrx_word' id='word_1_411' title='bbox 146 3454 340 3517; x_wconf 80' lang='lat' dir='ltr'><strong>ambularem.</strong></span> <span class='ocrx_word' id='word_1_412' title='bbox 380 3456 536 3528; x_wconf 83' lang='lat' dir='ltr'><strong>Quomodo</strong></span> <span class='ocrx_word' id='word_1_413' title='bbox 559 3478 630 3521; x_wconf 87' lang='lat' dir='ltr'><strong>vero</strong></span> <span class='ocrx_word' id='word_1_414' title='bbox 653 3460 775 3523; x_wconf 82' lang='lat' dir='ltr'><strong>tabulae</strong></span> <span class='ocrx_word' id='word_1_415' title='bbox 799 3461 950 3543; x_wconf 84' lang='lat' dir='ltr'><strong>Tyehonis</strong></span> <span class='ocrx_word' id='word_1_416' title='bbox 972 3462 1011 3522; x_wconf 84' lang='lat' dir='ltr'><strong>od</strong></span> <span class='ocrx_word' id='word_1_417' title='bbox 1034 3461 1158 3541; x_wconf 80' lang='lat' dir='ltr'><strong>antiqua</strong></span> <span class='ocrx_word' id='word_1_418' title='bbox 1179 3468 1317 3542; x_wconf 88' lang='lat' dir='ltr'><strong>tempora</strong></span> <span class='ocrx_word' id='word_1_419' title='bbox 1339 3460 1484 3542; x_wconf 84' lang='lat' dir='ltr'><strong>quodem-</strong></span> 
     </span>
     <span class='ocr_line' id='line_1_39' title="bbox 145 3542 1484 3629; baseline 0.004 -22"><span class='ocrx_word' id='word_1_420' title='bbox 145 3544 234 3607; x_wconf 87' lang='lat' dir='ltr'><strong>modo</strong></span> <span class='ocrx_word' id='word_1_421' title='bbox 257 3542 376 3623; x_wconf 87' lang='lat' dir='ltr'><strong>possint</strong></span> <span class='ocrx_word' id='word_1_422' title='bbox 399 3548 632 3621; x_wconf 81' lang='lat' dir='ltr'><strong>accommodari,</strong></span> <span class='ocrx_word' id='word_1_423' title='bbox 663 3550 820 3629; x_wconf 88' lang='lat' dir='ltr'><strong>scripsisse</strong></span> <span class='ocrx_word' id='word_1_424' title='bbox 844 3569 890 3611; x_wconf 89' lang='lat' dir='ltr'><strong>me</strong></span> <span class='ocrx_word' id='word_1_425' title='bbox 913 3550 1032 3614; x_wconf 89' lang='lat' dir='ltr'><strong>memini</strong></span> <span class='ocrx_word' id='word_1_426' title='bbox 1055 3550 1206 3629; x_wconf 88' lang='lat' dir='ltr'><strong>superiore</strong></span> <span class='ocrx_word' id='word_1_427' title='bbox 1229 3570 1316 3613; x_wconf 85' lang='lat' dir='ltr'><strong>enno.</strong></span> <span class='ocrx_word' id='word_1_428' title='bbox 1361 3550 1409 3612; x_wconf 85' lang='lat' dir='ltr'><strong>Es</strong></span> <span class='ocrx_word' id='word_1_429' title='bbox 1431 3569 1484 3612; x_wconf 86' lang='lat' dir='ltr'><strong>ac·</strong></span> 
     </span>
     <span class='ocr_line' id='line_1_40' title="bbox 146 3630 1485 3722; baseline 0.004 -27"><span class='ocrx_word' id='word_1_430' title='bbox 146 3630 344 3695; x_wconf 77' lang='lat' dir='ltr'><strong>commodatio</strong></span> <span class='ocrx_word' id='word_1_431' title='bbox 368 3634 397 3697; x_wconf 90' lang='lat' dir='ltr'><strong>in</strong></span> <span class='ocrx_word' id='word_1_432' title='bbox 420 3634 468 3697; x_wconf 89' lang='lat' dir='ltr'><strong>his</strong></span> <span class='ocrx_word' id='word_1_433' title='bbox 492 3636 566 3698; x_wconf 88' lang='lat' dir='ltr'><strong>meis</strong></span> <span class='ocrx_word' id='word_1_434' title='bbox 589 3638 700 3701; x_wconf 84' lang='lat' dir='ltr'><strong>tabulis</strong></span> <span class='ocrx_word' id='word_1_435' title='bbox 724 3640 783 3707; x_wconf 85' lang='lat' dir='ltr'><strong>fiet,</strong></span> <span class='ocrx_word' id='word_1_436' title='bbox 799 3641 954 3719; x_wconf 84' lang='lat' dir='ltr'><strong>operosior</strong></span> <span class='ocrx_word' id='word_1_437' title='bbox 976 3648 1008 3701; x_wconf 89' lang='lat' dir='ltr'><strong>et</strong></span> <span class='ocrx_word' id='word_1_438' title='bbox 1030 3638 1162 3720; x_wconf 88' lang='lat' dir='ltr'><strong>requiret</strong></span> <span class='ocrx_word' id='word_1_439' title='bbox 1182 3640 1290 3714; x_wconf 84' lang='lat' dir='ltr'><strong>multa,</strong></span> <span class='ocrx_word' id='word_1_440' title='bbox 1321 3639 1357 3701; x_wconf 91' lang='lat' dir='ltr'><strong>de</strong></span> <span class='ocrx_word' id='word_1_441' title='bbox 1380 3637 1485 3722; x_wconf 86' lang='lat' dir='ltr'><strong>quibus</strong></span> 
     </span>
     <span class='ocr_line' id='line_1_41' title="bbox 144 3719 1484 3809; baseline 0.004 -26"><span class='ocrx_word' id='word_1_442' title='bbox 144 3719 272 3783; x_wconf 87' lang='lat' dir='ltr'><strong>nendum</strong></span> <span class='ocrx_word' id='word_1_443' title='bbox 288 3722 361 3783; x_wconf 88' lang='lat' dir='ltr'><strong>certi</strong></span> <span class='ocrx_word' id='word_1_444' title='bbox 382 3730 451 3785; x_wconf 88' lang='lat' dir='ltr'><strong>suut</strong></span> <span class='ocrx_word' id='word_1_445' title='bbox 467 3727 640 3801; x_wconf 88' lang='lat' dir='ltr'><strong>astronomi,</strong></span> <span class='ocrx_word' id='word_1_446' title='bbox 663 3727 708 3791; x_wconf 87' lang='lat' dir='ltr'><strong>ite</strong></span> <span class='ocrx_word' id='word_1_447' title='bbox 721 3726 914 3792; x_wconf 86' lang='lat' dir='ltr'><strong>inhabilioree</strong></span> <span class='ocrx_word' id='word_1_448' title='bbox 934 3736 1004 3791; x_wconf 88' lang='lat' dir='ltr'><strong>sunt</strong></span> <span class='ocrx_word' id='word_1_449' title='bbox 1018 3728 1074 3791; x_wconf 83' lang='lat' dir='ltr'><strong>hae</strong></span> <span class='ocrx_word' id='word_1_450' title='bbox 1093 3748 1176 3791; x_wconf 83' lang='lat' dir='ltr'><strong>mese</strong></span> <span class='ocrx_word' id='word_1_451' title='bbox 1199 3729 1236 3790; x_wconf 86' lang='lat' dir='ltr'><strong>ad</strong></span> <span class='ocrx_word' id='word_1_452' title='bbox 1261 3728 1383 3809; x_wconf 85' lang='lat' dir='ltr'><strong>antiqua</strong></span> <span class='ocrx_word' id='word_1_453' title='bbox 1405 3735 1484 3789; x_wconf 91' lang='lat' dir='ltr'><strong>tem-</strong></span> 
     </span>
     <span class='ocr_line' id='line_1_42' title="bbox 144 3810 1484 3899; baseline 0.004 -27"><span class='ocrx_word' id='word_1_454' title='bbox 144 3828 236 3892; x_wconf 86' lang='lat' dir='ltr'><strong>pora,·</strong></span> <span class='ocrx_word' id='word_1_455' title='bbox 260 3829 348 3892; x_wconf 83' lang='lat' dir='ltr'><strong>quem</strong></span> <span class='ocrx_word' id='word_1_456' title='bbox 372 3810 568 3895; x_wconf 83' lang='lat' dir='ltr'><strong>Tychonicee.</strong></span> <span class='ocrx_word' id='word_1_457' title='bbox 615 3816 663 3877; x_wconf 89' lang='lat' dir='ltr'><strong>Ac</strong></span> <span class='ocrx_word' id='word_1_458' title='bbox 686 3816 743 3878; x_wconf 86' lang='lat' dir='ltr'><strong>etei</strong></span> <span class='ocrx_word' id='word_1_459' title='bbox 767 3827 894 3899; x_wconf 86' lang='lat' dir='ltr'><strong>possunt</strong></span> <span class='ocrx_word' id='word_1_460' title='bbox 916 3817 1148 3893; x_wconf 85' lang='lat' dir='ltr'><strong>accommodari,</strong></span> <span class='ocrx_word' id='word_1_461' title='bbox 1172 3837 1230 3881; x_wconf 90' lang='lat' dir='ltr'><strong>non</strong></span> <span class='ocrx_word' id='word_1_462' title='bbox 1253 3823 1352 3880; x_wconf 84' lang='lat' dir='ltr'><strong>tamen</strong></span> <span class='ocrx_word' id='word_1_463' title='bbox 1376 3822 1484 3898; x_wconf 75' lang='lat' dir='ltr'><strong>operae</strong></span> 
     </span>
     <span class='ocr_line' id='line_1_43' title="bbox 145 3899 1484 3987; baseline 0.004 -26"><span class='ocrx_word' id='word_1_464' title='bbox 145 3899 287 3979; x_wconf 84' lang='lat' dir='ltr'><strong>pretium·</strong></span> <span class='ocrx_word' id='word_1_465' title='bbox 329 3900 395 3980; x_wconf 80' lang='lat' dir='ltr'><strong>Ego</strong></span> <span class='ocrx_word' id='word_1_466' title='bbox 419 3903 537 3983; x_wconf 90' lang='lat' dir='ltr'><strong>quidem</strong></span> <span class='ocrx_word' id='word_1_467' title='bbox 561 3922 657 3967; x_wconf 90' lang='lat' dir='ltr'><strong>meum</strong></span> <span class='ocrx_word' id='word_1_468' title='bbox 681 3906 836 3968; x_wconf 90' lang='lat' dir='ltr'><strong>consilium</strong></span> <span class='ocrx_word' id='word_1_469' title='bbox 860 3917 892 3969; x_wconf 93' lang='lat' dir='ltr'><strong>et</strong></span> <span class='ocrx_word' id='word_1_470' title='bbox 919 3927 1005 3969; x_wconf 90' lang='lat' dir='ltr'><strong>nsum</strong></span> <span class='ocrx_word' id='word_1_471' title='bbox 1028 3925 1143 3969; x_wconf 90' lang='lat' dir='ltr'><strong>ornnem</strong></span> <span class='ocrx_word' id='word_1_472' title='bbox 1166 3908 1196 3968; x_wconf 91' lang='lat' dir='ltr'><strong>in</strong></span> <span class='ocrx_word' id='word_1_473' title='bbox 1218 3906 1405 3987; x_wconf 83' lang='lat' dir='ltr'><strong>praefatione</strong></span> <span class='ocrx_word' id='word_1_474' title='bbox 1429 3924 1484 3967; x_wconf 85' lang='lat' dir='ltr'><strong>ex-</strong></span> 
     </span>
     <span class='ocr_line' id='line_1_44' title="bbox 145 3988 333 4070; baseline 0.005 -20"><span class='ocrx_word' id='word_1_475' title='bbox 145 3988 266 4070; x_wconf 82' lang='lat' dir='ltr'><strong>plicavi.</strong></span> <span class='ocrx_word' id='word_1_476' title='bbox 291 4020 333 4033; x_wconf 82' lang='lat'>-</span> 
     </span>
    </p>

    <p class='ocr_par' dir='ltr' id='par_1_13' title="bbox 144 4076 1486 4497">
     <span class='ocr_line' id='line_1_45' title="bbox 235 4076 1483 4165; baseline 0.006 -26"><span class='ocrx_word' id='word_1_477' title='bbox 235 4076 323 4149; x_wconf 79' lang='lat' dir='ltr'><strong>Quod</strong></span> <span class='ocrx_word' id='word_1_478' title='bbox 354 4076 501 4141; x_wconf 83' lang='lat' dir='ltr'><strong>haeredes</strong></span> <span class='ocrx_word' id='word_1_479' title='bbox 532 4080 641 4143; x_wconf 81' lang='lat' dir='ltr'><strong>attinet</strong></span> <span class='ocrx_word' id='word_1_480' title='bbox 668 4081 874 4165; x_wconf 86' lang='lat' dir='ltr'><strong>Tyehonicos,</strong></span> <span class='ocrx_word' id='word_1_481' title='bbox 906 4102 981 4147; x_wconf 89' lang='lat' dir='ltr'><strong>unus</strong></span> <span class='ocrx_word' id='word_1_482' title='bbox 1010 4090 1058 4146; x_wconf 88' lang='lat' dir='ltr'><strong>est</strong></span> <span class='ocrx_word' id='word_1_483' title='bbox 1087 4081 1183 4145; x_wconf 81' lang='lat' dir='ltr'><strong>instar</strong></span> <span class='ocrx_word' id='word_1_484' title='bbox 1212 4082 1339 4147; x_wconf 87' lang='lat' dir='ltr'><strong>omnium</strong></span> <span class='ocrx_word' id='word_1_485' title='bbox 1370 4082 1419 4146; x_wconf 84' lang='lat' dir='ltr'><strong>Fr.</strong></span> <span class='ocrx_word' id='word_1_486' title='bbox 1444 4081 1483 4147; x_wconf 78' lang='lat' dir='ltr'><strong>G.</strong></span> 
     </span>
     <span class='ocr_line' id='line_1_46' title="bbox 147 4166 1486 4253; baseline 0.004 -24"><span class='ocrx_word' id='word_1_487' title='bbox 147 4166 301 4247; x_wconf 81' lang='lat' dir='ltr'><strong>Tegnogl‚</strong></span> <span class='ocrx_word' id='word_1_488' title='bbox 333 4166 426 4229; x_wconf 91' lang='lat' dir='ltr'><strong>nobili</strong></span> <span class='ocrx_word' id='word_1_489' title='bbox 454 4186 563 4248; x_wconf 82' lang='lat' dir='ltr'><strong>genere</strong></span> <span class='ocrx_word' id='word_1_490' title='bbox 591 4167 792 4251; x_wconf 82' lang='lat' dir='ltr'><strong>Westphelus</strong></span> <span class='ocrx_word' id='word_1_491' title='bbox 823 4172 915 4249; x_wconf 82' lang='lat' dir='ltr'><strong>etin</strong></span> <span class='ocrx_word' id='word_1_492' title='bbox 942 4190 1087 4252; x_wconf 80' lang='lat' dir='ltr'><strong>praesens</strong></span> <span class='ocrx_word' id='word_1_493' title='bbox 1114 4170 1284 4235; x_wconf 81' lang='lat' dir='ltr'><strong>Caesareae</strong></span> <span class='ocrx_word' id='word_1_494' title='bbox 1310 4172 1486 4253; x_wconf 85' lang='lat' dir='ltr'><strong>Majeetatis</strong></span> 
     </span>
     <span class='ocr_line' id='line_1_47' title="bbox 144 4252 1485 4324; baseline 0.004 -7"><span class='ocrx_word' id='word_1_495' title='bbox 144 4255 282 4318; x_wconf 86' lang='lat' dir='ltr'><strong>minister</strong></span> <span class='ocrx_word' id='word_1_496' title='bbox 304 4252 428 4319; x_wconf 78' lang='lat' dir='ltr'><strong>aulicus.</strong></span> <span class='ocrx_word' id='word_1_497' title='bbox 474 4257 709 4321; x_wconf 80' lang='lat' dir='ltr'><strong>Mathematicus</strong></span> <span class='ocrx_word' id='word_1_498' title='bbox 737 4260 814 4323; x_wconf 86' lang='lat' dir='ltr'><strong>enim</strong></span> <span class='ocrx_word' id='word_1_499' title='bbox 844 4280 903 4323; x_wconf 90' lang='lat' dir='ltr'><strong>non</strong></span> <span class='ocrx_word' id='word_1_500' title='bbox 929 4262 994 4323; x_wconf 85' lang='lat' dir='ltr'><strong>vult</strong></span> <span class='ocrx_word' id='word_1_501' title='bbox 1021 4262 1133 4324; x_wconf 88' lang='lat' dir='ltr'><strong>andire.</strong></span> <span class='ocrx_word' id='word_1_502' title='bbox 1179 4260 1263 4324; x_wconf 87' lang='lat' dir='ltr'><strong>Nihil</strong></span> <span class='ocrx_word' id='word_1_503' title='bbox 1285 4260 1406 4324; x_wconf 86' lang='lat' dir='ltr'><strong>honoris</strong></span> <span class='ocrx_word' id='word_1_504' title='bbox 1428 4262 1485 4323; x_wconf 87' lang='lat' dir='ltr'><strong>bac</strong></span> 
     </span>
     <span class='ocr_line' id='line_1_48' title="bbox 146 4344 1485 4433; baseline 0.004 -27"><span class='ocrx_word' id='word_1_505' title='bbox 146 4344 294 4406; x_wconf 88' lang='lat' dir='ltr'><strong>mentione</strong></span> <span class='ocrx_word' id='word_1_506' title='bbox 317 4346 359 4408; x_wconf 91' lang='lat' dir='ltr'><strong>M.</strong></span> <span class='ocrx_word' id='word_1_507' title='bbox 385 4346 420 4407; x_wconf 88' lang='grc' dir='ltr'><strong>Τ.</strong></span> <span class='ocrx_word' id='word_1_508' title='bbox 444 4344 571 4426; x_wconf 89' lang='lat' dir='ltr'><strong>impono.</strong></span> <span class='ocrx_word' id='word_1_509' title='bbox 619 4347 698 4411; x_wconf 90' lang='lat' dir='ltr'><strong>Volo</strong></span> <span class='ocrx_word' id='word_1_510' title='bbox 722 4358 755 4411; x_wconf 94' lang='lat' dir='ltr'><strong>nt</strong></span> <span class='ocrx_word' id='word_1_511' title='bbox 781 4368 834 4431; x_wconf 87' lang='lat' dir='ltr'><strong>pro</strong></span> <span class='ocrx_word' id='word_1_512' title='bbox 865 4368 947 4413; x_wconf 90' lang='lat' dir='ltr'><strong>mero</strong></span> <span class='ocrx_word' id='word_1_513' title='bbox 975 4350 1099 4414; x_wconf 89' lang='lat' dir='ltr'><strong>arbitrio</strong></span> <span class='ocrx_word' id='word_1_514' title='bbox 1122 4370 1176 4412; x_wconf 90' lang='lat' dir='ltr'><strong>suo</strong></span> <span class='ocrx_word' id='word_1_515' title='bbox 1199 4351 1242 4415; x_wconf 86' lang='grc' dir='ltr'><strong>Μ.</strong></span> <span class='ocrx_word' id='word_1_516' title='bbox 1267 4354 1300 4413; x_wconf 87' lang='lat' dir='ltr'><strong>T.</strong></span> <span class='ocrx_word' id='word_1_517' title='bbox 1325 4359 1398 4433; x_wconf 78' lang='lat' dir='ltr'><strong>ngat</strong></span> <span class='ocrx_word' id='word_1_518' title='bbox 1419 4370 1485 4413; x_wconf 89' lang='lat' dir='ltr'><strong>eum</strong></span> 
     </span>
     <span class='ocr_line' id='line_1_49' title="bbox 147 4432 337 4497; baseline 0 -2"><span class='ocrx_word' id='word_1_519' title='bbox 147 4432 195 4495; x_wconf 91' lang='lat' dir='ltr'><strong>bie</strong></span> <span class='ocrx_word' id='word_1_520' title='bbox 217 4434 337 4497; x_wconf 81' lang='lat' dir='ltr'><strong>tabulis.</strong></span> 
     </span>
    </p>

    <p class='ocr_par' dir='ltr' id='par_1_14' title="bbox 147 4520 1485 5039">
     <span class='ocr_line' id='line_1_50' title="bbox 234 4520 1485 4610; baseline 0.002 -25"><span class='ocrx_word' id='word_1_521' title='bbox 234 4522 280 4585; x_wconf 91' lang='lat' dir='ltr'><strong>Ne</strong></span> <span class='ocrx_word' id='word_1_522' title='bbox 303 4542 374 4587; x_wconf 88' lang='lat' dir='ltr'><strong>veru</strong></span> <span class='ocrx_word' id='word_1_523' title='bbox 398 4521 472 4585; x_wconf 89' lang='lat' dir='ltr'><strong>nihil</strong></span> <span class='ocrx_word' id='word_1_524' title='bbox 494 4520 676 4603; x_wconf 82' lang='lat' dir='ltr'><strong>scripserim,</strong></span> <span class='ocrx_word' id='word_1_525' title='bbox 699 4525 807 4587; x_wconf 77' lang='lat' dir='ltr'><strong>addam</strong></span> <span class='ocrx_word' id='word_1_526' title='bbox 822 4527 1027 4609; x_wconf 89' lang='lat' dir='ltr'><strong>compendium</strong></span> <span class='ocrx_word' id='word_1_527' title='bbox 1046 4526 1303 4609; x_wconf 85' lang='lat' dir='ltr'><strong>expeditissimum</strong></span> <span class='ocrx_word' id='word_1_528' title='bbox 1326 4525 1485 4610; x_wconf 85' lang='lat' dir='ltr'><strong>quaerendi</strong></span> 
     </span>
     <span class='ocr_line' id='line_1_51' title="bbox 147 4606 1485 4698; baseline 0.007 -26"><span class='ocrx_word' id='word_1_529' title='bbox 147 4610 178 4673; x_wconf 93' lang='lat' dir='ltr'><strong>in</strong></span> <span class='ocrx_word' id='word_1_530' title='bbox 201 4606 358 4675; x_wconf 83' lang='lat' dir='ltr'><strong>Solaribns</strong></span> <span class='ocrx_word' id='word_1_531' title='bbox 384 4611 546 4693; x_wconf 87' lang='lat' dir='ltr'><strong>eclipsibus</strong></span> <span class='ocrx_word' id='word_1_532' title='bbox 573 4614 745 4693; x_wconf 82' lang='lat' dir='ltr'><strong>parsllsxes</strong></span> <span class='ocrx_word' id='word_1_533' title='bbox 773 4616 949 4680; x_wconf 80' lang='lat' dir='ltr'><strong>latitudinis.</strong></span> <span class='ocrx_word' id='word_1_534' title='bbox 995 4618 1031 4681; x_wconf 92' lang='lat' dir='ltr'><strong>In</strong></span> <span class='ocrx_word' id='word_1_535' title='bbox 1055 4616 1221 4698; x_wconf 84' lang='lat' dir='ltr'><strong>Cepernico</strong></span> <span class='ocrx_word' id='word_1_536' title='bbox 1249 4625 1352 4682; x_wconf 81' lang='lat' dir='ltr'><strong>exstat</strong></span> <span class='ocrx_word' id='word_1_537' title='bbox 1381 4615 1485 4681; x_wconf 83' lang='lat' dir='ltr'><strong>tsbulo</strong></span> 
     </span>
     <span class='ocr_line' id='line_1_52' title="bbox 147 4700 1485 4791; baseline 0.003 -30"><span class='ocrx_word' id='word_1_538' title='bbox 147 4700 321 4780; x_wconf 86' lang='lat' dir='ltr'><strong>angulorum</strong></span> <span class='ocrx_word' id='word_1_539' title='bbox 339 4700 493 4782; x_wconf 86' lang='lat' dir='ltr'><strong>eclipticae</strong></span> <span class='ocrx_word' id='word_1_540' title='bbox 510 4720 575 4763; x_wconf 88' lang='lat' dir='ltr'><strong>cum</strong></span> <span class='ocrx_word' id='word_1_541' title='bbox 596 4702 766 4780; x_wconf 82' lang='lat' dir='ltr'><strong>horizonte3</strong></span> <span class='ocrx_word' id='word_1_542' title='bbox 790 4724 854 4768; x_wconf 88' lang='lat' dir='ltr'><strong>curn</strong></span> <span class='ocrx_word' id='word_1_543' title='bbox 877 4708 934 4769; x_wconf 89' lang='lat' dir='ltr'><strong>hoc</strong></span> <span class='ocrx_word' id='word_1_544' title='bbox 956 4707 1047 4788; x_wconf 82' lang='lat' dir='ltr'><strong>igitur</strong></span> <span class='ocrx_word' id='word_1_545' title='bbox 1069 4707 1177 4787; x_wconf 80' lang='lat' dir='ltr'><strong>angulo</strong></span> <span class='ocrx_word' id='word_1_546' title='bbox 1202 4703 1358 4791; x_wconf 80' lang='lat' dir='ltr'><strong>(tanquam</strong></span> <span class='ocrx_word' id='word_1_547' title='bbox 1382 4714 1485 4767; x_wconf 90' lang='lat' dir='ltr'><strong>essent</strong></span> 
     </span>
     <span class='ocr_line' id='line_1_53' title="bbox 148 4789 1484 4881; baseline 0.003 -30"><span class='ocrx_word' id='word_1_548' title='bbox 148 4790 259 4869; x_wconf 81' lang='lat' dir='ltr'><strong>gradus</strong></span> <span class='ocrx_word' id='word_1_549' title='bbox 282 4790 448 4853; x_wconf 79' lang='lat' dir='ltr'><strong>altitudinis</strong></span> <span class='ocrx_word' id='word_1_550' title='bbox 470 4790 566 4865; x_wconf 87' lang='lat' dir='ltr'><strong>Solis)</strong></span> <span class='ocrx_word' id='word_1_551' title='bbox 590 4789 745 4873; x_wconf 78' lang='lat' dir='ltr'><strong>ingredere</strong></span> <span class='ocrx_word' id='word_1_552' title='bbox 768 4794 901 4858; x_wconf 82' lang='lat' dir='ltr'><strong>tabulam</strong></span> <span class='ocrx_word' id='word_1_553' title='bbox 919 4797 1145 4881; x_wconf 83' lang='lat' dir='ltr'><strong>peralloetioem</strong></span> <span class='ocrx_word' id='word_1_554' title='bbox 1160 4796 1310 4880; x_wconf 85' lang='lat' dir='ltr'><strong>Tychonis</strong></span> <span class='ocrx_word' id='word_1_555' title='bbox 1333 4796 1387 4857; x_wconf 91' lang='lat' dir='ltr'><strong>sub</strong></span> <span class='ocrx_word' id='word_1_556' title='bbox 1410 4813 1484 4855; x_wconf 90' lang='lat' dir='ltr'><strong>con-</strong></span> 
     </span>
     <span class='ocr_line' id='line_1_54' title="bbox 147 4880 1485 4967; baseline 0.013 -30"><span class='ocrx_word' id='word_1_557' title='bbox 147 4880 279 4943; x_wconf 87' lang='lat' dir='ltr'><strong>venienti</strong></span> <span class='ocrx_word' id='word_1_558' title='bbox 302 4880 387 4942; x_wconf 91' lang='lat' dir='ltr'><strong>titulo</strong></span> <span class='ocrx_word' id='word_1_559' title='bbox 412 4880 699 4951; x_wconf 79' lang='lat' dir='ltr'><strong>semidiametturum</strong></span> <span class='ocrx_word' id='word_1_560' title='bbox 721 4882 849 4961; x_wconf 77' lang='lat' dir='ltr'><strong>Terrae,</strong></span> <span class='ocrx_word' id='word_1_561' title='bbox 878 4893 909 4947; x_wconf 88' lang='lat' dir='ltr'><strong>et</strong></span> <span class='ocrx_word' id='word_1_562' title='bbox 935 4904 1007 4947; x_wconf 87' lang='lat' dir='ltr'><strong>ares</strong></span> <span class='ocrx_word' id='word_1_563' title='bbox 1033 4886 1137 4949; x_wconf 87' lang='lat' dir='ltr'><strong>statim</strong></span> <span class='ocrx_word' id='word_1_564' title='bbox 1165 4888 1287 4953; x_wconf 85' lang='lat' dir='ltr'><strong>exhibet</strong></span> <span class='ocrx_word' id='word_1_565' title='bbox 1314 4883 1485 4967; x_wconf 61' lang='grc'>0000110110</span> 
     </span>
     <span class='ocr_line' id='line_1_55' title="bbox 148 4968 533 5039; baseline 0.008 -4"><span class='ocrx_word' id='word_1_566' title='bbox 148 4968 315 5036; x_wconf 76' lang='lat' dir='ltr'><strong>latitudinis</strong></span> <span class='ocrx_word' id='word_1_567' title='bbox 337 4968 533 5039; x_wconf 82' lang='lat' dir='ltr'><strong>verissimam.</strong></span> 
     </span>
    </p>
   </div>
   <div class='ocr_carea' id='block_1_10' title="bbox 0 0 1771 5525">
    <p class='ocr_par' dir='ltr' id='par_1_15' title="bbox 0 0 1771 5525">
     <span class='ocr_line' id='line_1_56' title="bbox 0 0 1771 5525; baseline 0 0"><span class='ocrx_word' id='word_1_568' title='bbox 0 0 1771 5525; x_wconf 95' lang='lat' dir='ltr'><strong> </strong></span> 
     </span>
    </p>
   </div>
  </div>
 </body>
</html>
