3517 5525
304 356 367 428 rra
471 394 476 416 .
781 360 822 414 m
839 362 948 415 meua
967 360 1060 417 saun
1079 362 1166 415 ιιιιιι
1271 312 1275 321 ’

301 548 336 605 ιι
363 538 455 607 aliter
478 540 597 623 quidem
620 538 828 621 explicandum
851 560 890 603 ex
913 539 1079 604 Purbacbio
1104 540 1267 621 secundum
1290 536 1523 603 Aristotelis
1491 536 1649 673 principia,

302 632 392 696 aliter
417 631 510 694 etiarn
533 651 571 693 ex
592 630 743 714 Tycbone.

391 721 586 785 Ptolemaeus
612 720 708 782 nudos
735 718 824 781 nobis
851 718 942 781 hosce
973 717 1100 783 circulos
1128 718 1302 799 descripsit,
1346 718 1452 799 quales
1482 668 1650 799 geometria

236 857 241 865 .
305 810 477 873 obseruatis
507 810 660 891 applicata
690 808 815 871 indicat.
864 808 1052 872 Purbachins
1084 809 1202 871 modurn
1226 806 1397 882 constitnit,
1422 828 1478 888 quc
1503 808 1647 871 decurre-

303 908 416 975 reutur,
439 908 561 963 secutus
583 896 794 974 Aristotelem,
817 897 866 979 qui
890 898 946 959 hoc
969 897 1078 961 idem'
1072 918 1101 959 ιι
1124 896 1242 961 Eudoxi
1266 906 1299 959 et
1313 894 1432 977 Calippi
1446 896 1647 977 geometricas

302 988 541 1071 suppositiones,
577 988 683 1071 quibus
714 987 929 1049 astronomiam
960 988 1165 1058 tradiderant,
1200 987 1374 1067 attentavit.
1396 982 1438 1060 ²²)
1471 986 1547 1051 Gum
1570 986 1649 1049 enim

302 1088 442 1140 auctores
474 1077 530 1141 illi
555 1078 644 1140 orbes
671 1073 714 1141 25
748 1076 926 1138 adhiberent
956 1078 994 1139 ad
1022 1077 1286 1142 demonstrandam
1320 1094 1437 1139 amnem
1460 1076 1649 1155 planetarum

301 1166 558 1250 inaequalitatem,
583 1165 836 1239 Aristoteles,
860 1166 966 1227 solidis
990 1166 1111 1230 orbibus
1126 1166 1240 1229 coelum
1256 1166 1396 1227 refertum
1411 1165 1546 1239 credens,
1571 1165 1649 1227 alios

301 1253 345 1320 24
375 1256 565 1319 revolventes
594 1255 711 1318 censuit
733 1254 985 1334 interponendos;
1014 1263 1050 1319 ut
1072 1255 1188 1319 scilicet
1208 1254 1332 1317 inferior
1355 1252 1479 1335 quisque
1502 1252 1585 1317 orbis
1609 1272 1645 1315 eo

302 1354 410 1426 raptu,
435 1362 521 1426 quem
544 1352 668 1425 propter
690 1344 918 1423 contiguitatem
942 1344 1162 1425 superficierum
1186 1350 1253 1406 erat
1276 1364 1293 1405 a
1316 1343 1469 1424 superiore
1491 1361 1646 1422 passurus,

301 1433 491 1507 liberaretur.
536 1433 650 1513 Igitur,
681 1452 747 1495 curn
771 1433 803 1495 in
826 1432 996 1497 universum
1019 1434 1108 1497 orbes
1132 1428 1174 1497 49
1196 1433 1277 1507 (sive
1301 1432 1461 1499 secundum
1486 1430 1648 1515 Calippnm

301 1520 343 1587 53
368 1530 421 1585 ιιι
444 1522 502 1599 55)
527 1522 755 1597 accumulasset,
781 1522 906 1601 singulis
930 1522 1065 1603 singulus
1089 1531 1220 1585 mutares
1245 1521 1379 1597 addidit;
1410 1539 1532 1601 quorum
1556 1521 1646 1603 quili-

301 1612 354 1675 bet
389 1612 455 1674 orbi
486 1630 541 1673 suo
578 1620 610 1675 et
633 1612 770 1675 omnibus
794 1612 999 1682 inferioribus,
1033 1631 1108 1693 qnos
1131 1612 1182 1675 ille
1205 1618 1288 1673 esset
1310 1610 1496 1691 complexus,
1535 1618 1649 1673 motum

182 1702 186 1708 ’
302 1700 578 1783 aequabilissimnm
600 1701 631 1763 in
655 1701 727 1763 orbe
750 1702 902 1781 superiore
927 1702 1029 1764 orbern
1052 1720 1137 1765 snum
1160 1701 1293 1783 proxime
1309 1700 1480 1772 ambennte,
1503 1706 1650 1779 tauquam

300 1790 331 1853 in
356 1792 421 1852 loco
446 1790 584 1869 quodam,
606 1798 788 1871 praestaret,
807 1800 840 1853 et
862 1810 883 1852 a
905 1809 962 1871 quo
981 1799 1013 1853 et
1028 1791 1147 1873 plagae,
1170 1790 1199 1852 in
1224 1810 1312 1871 qnam
1334 1802 1439 1875 motus
1458 1788 1530 1851 ferri
1553 1789 1648 1851 debe-

300 1880 363 1956 bat,
386 1886 420 1941 et
443 1880 627 1955 celeritatis,
657 1899 717 1960 qna
738 1887 821 1943 esset
845 1880 926 1942 orbis
950 1880 988 1943 ad
1012 1898 1097 1943 snum
1119 1878 1293 1960 principium
1317 1878 1536 1953 restituendus,
1574 1898 1649 1941 cou-

301 1976 388 2031 staus
410 1968 488 2031 ratio
512 1969 699 2049 procederet.
734 1971 791 2055 'Ac
813 1989 881 2031 curn
903 1969 1069 2048 placuisset
1090 1968 1134 2032 illi
1153 1968 1339 2049 philosopho,
1364 1976 1476 2032 matum
1492 1975 1650 2031 aeternum

301 2078 383 2132 esse,
416 2066 548 2119 mutares
571 2068 687 2140 quoque
711 2068 853 2121 aeternos
876 2060 1004 2121 statuit:
1038 2058 1087 2140 qui
1111 2077 1177 2121 curu
1201 2059 1316 2121 infinito
1340 2066 1474 2141 tempore
1496 2064 1649 2131 moveant,

301 2146 459 2209 infinitatis
489 2165 561 2209 vero
584 2148 696 2210 nullum
720 2148 912 2210 materiatum
935 2165 1032 2227 capax
1056 2166 1124 2211 esse
1148 2148 1256 2221 sciret,
1284 2146 1502 2209 immateriatos
1533 2164 1649 2226 qnoque

302 2244 334 2297 et
362 2235 511 2317 principia
542 2244 704 2317 separata,
737 2257 829 2318 quare
857 2237 1022 2303 immobilia
1048 2257 1116 2299 esse
1144 2238 1248 2303 voluit.
1303 2235 1349 2299 Ac
1381 2254 1448 2297 cum
1480 2254 1519 2297 ex
1550 2243 1650 2299 motus

227 2376 235 2388 ,
301 2325 481 2387 aeternitate
504 2325 645 2389 mnndum
668 2327 869 2389 exstruxisset
892 2335 1056 2402 aeteruum,
1081 2335 1220 2407 essetque
1243 2326 1319 2389 haec
1343 2324 1462 2387 duratio
1486 2324 1648 2399 esseutiae,

303 2413 396 2476 totins
419 2414 520 2475 mnndi
540 2413 660 2478 bonitas
683 2424 715 2477 et
736 2416 890 2495 perfectio,
916 2417 1056 2497 opposita
1079 2416 1220 2492 interitui,
1245 2415 1294 2495 qui
1317 2415 1415 2476 malus
1438 2422 1541 2489 ιιιιι;
1563 2412 1650 2492 prin-

303 2502 391 2583 cipiis
419 2502 479 2565 illis
502 2503 715 2594 perfectionem
745 2523 893 2570 summam
920 2502 1040 2579 tribuit,
1074 2504 1196 2587 ejusque
1226 2504 1461 2567 intellectionem
1486 2511 1517 2564 et
1540 2522 1578 2565 ex
1600 2502 1649 2565 ia-

303 2592 431 2661 telleetn
454 2591 531 2654 bano
554 2584 740 2655 voluntatem
765 2594 794 2655 id
817 2594 1031 2674 prosequendi,
1060 2614 1097 2655 ne
1125 2595 1234 2657 bonurn
1257 2612 1314 2655 non
1339 2592 1415 2655 bene
1439 2592 1568 2665 faceret·
1592 2610 1651 2672 quo
1712 2594 1716 2603 '

302 2689 396 2762 pacto
419 2688 536 2743 mentes
559 2689 727 2764 separatas,
750 2682 877 2766 deniqne
895 2684 967 2745 deos
983 2684 1068 2746 nobis
1092 2683 1266 2759 introduxit,
1291 2690 1390 2744 motus
1413 2682 1651 2762 coelornmper-

297 2769 389 2834 eoois
421 2769 624 2837 administros.
670 2772 863 2836 Addiderunt
891 2781 923 2835 et
945 2774 1077 2836 animam
1100 2773 1268 2849 matricem,
1299 2772 1419 2835 orbibus
1443 2769 1555 2834 arctim
1578 2772 1650 2834 alli-

302 2869 408 2940 gatam
430 2879 542 2942 eosque
564 2861 790 2937 informantem,
813 2870 849 2925 ut
871 2881 956 2925 mens
980 2871 1096 2926 tautum
1121 2864 1272 2926 adstaret:
1297 2863 1346 2924 vel
1370 2861 1448 2943 quod
1470 2878 1595 2924 movens
1619 2869 1653 2922 ιι

303 2947 415 3012 mobile
444 2949 601 3012 convenire
630 2951 671 3013 in*
690 2951 789 3034 aliquo
817 2972 941 3014 necesse
971 2951 1136 3024 videretur,
1177 2951 1225 3014 vel
1258 2951 1336 3032 quod
1366 2951 1504 3030 patentia
1531 2949 1650 3013 ratione

304 3037 396 3120 spatii
423 3037 594 3118 trajiciendi
617 3059 676 3102 non
698 3041 816 3104 infinita
837 3049 935 3118 esset,
960 3043 1003 3104 nti
1027 3061 1122 3125 neque
1146 3049 1244 3104 motus
1267 3041 1344 3103 nllus
1367 3039 1499 3102 infinitus
1514 3047 1572 3108 eat,
1595 3040 1650 3102 sed

196 3132 198 3136 ’
303 3127 437 3190 dimensa
469 3133 604 3210 tempore
634 3148 688 3211 per
710 3129 876 3194 dimensum
900 3129 1041 3212 spatium.
1087 3131 1174 3194 Hanc
1196 3131 1298 3210 itaque
1320 3129 1489 3209 potentiam
1512 3129 1651 3191 movendi

304 3216 576 3298 transscripserunt
598 3219 726 3296 animae,
750 3239 843 3301 enque
865 3221 984 3283 nornine
1008 3219 1157 3301 tantisper
1176 3221 1366 3282 materiatam
1385 3237 1453 3280 esse
1467 3217 1550 3298 passi
1570 3225 1650 3294 snut,

302 3316 336 3370 nt
357 3305 388 3368 in
412 3307 562 3371 coelorum
586 3308 707 3391 orbibus
730 3309 910 3374 inhaereret.
1025 3337 1027 3344 ,

393 3396 494 3479 Atque
521 3397 597 3459 haec
619 3398 728 3461 mentis
752 3406 785 3460 ιι
806 3400 924 3461 animae
947 3398 1098 3478 copulatio
1122 3416 1198 3468 sane¹
1217 3414 1360 3478 perquam
1385 3401 1587 3458 consentanea
1602 3405 1653 3457 est

301 3483 533 3566 particularibus
557 3494 794 3548 astronomorum
817 3487 1142 3550 animadversionibus:
1176 3487 1310 3568 quamvis
1333 3485 1577 3567 philosophorum
1598 3505 1650 3548 ar-

303 3573 487 3656 gumentatio
520 3575 620 3654 potins
652 3575 862 3656 metaphysica
894 3577 945 3638 sit.
995 3577 1075 3639 Nam
1103 3584 1136 3639 nt
1163 3577 1192 3638 in
1220 3575 1338 3638 homine
1362 3574 1493 3636 aliaest
1517 3573 1647 3635 facultas

302 3683 440 3739 movens,
465 3661 527 3724 alia
548 3672 686 3725 movente
710 3665 855 3728 facultate
879 3675 977 3740 utens,
1000 3665 1150 3740 voluntas,
1174 3665 1336 3726 secundum
1358 3663 1469 3726 indicia
1497 3681 1647 3736 sensuum,

303 3753 353 3835 qui
390 3760 421 3814 et
450 3751 657 3817 instrumentis
687 3773 707 3814 a
739 3753 884 3816 laenitate
914 3763 1051 3816 movente
1082 3755 1221 3816 differunt
1244 3762 1275 3816 et
1298 3751 1649 3834 fabricaepraestantia,

226 3835 229 3841 ’
302 3861 378 3923 qnae
409 3839 439 3903 in
472 3860 613 3903 sensuum
641 3842 763 3922 organis
786 3851 835 3906 est
857 3843 1061 3906 admirabilior
1084 3864 1173 3926 quam
1202 3843 1232 3906 iu
1257 3841 1412 3906 facultatis
1436 3841 1570 3904 matricis
1593 3859 1650 3902 ve-

303 3930 425 3993 hiculis:
450 3929 505 4006 ita,
528 3930 554 3992 si
576 3931 632 3992 bos
655 3931 738 4012 ipsas
761 3934 849 3996 orbes
872 3933 1085 3996 Aristotelicas
1105 3933 1142 3994 ad
1157 3933 1421 4013 contemplandum
1437 3949 1649 4011 proponamus.

303 4021 362 4082 duo
385 4019 473 4082 nobis
496 4029 670 4083 occurrent:
702 4021 758 4085 vis
787 4021 927 4085 matrix
949 4021 1014 4084 orbi
1037 4023 1163 4086 rotundo
1188 4023 1353 4098 sufficiens,
1378 4039 1416 4083 ex
1437 4019 1523 4099 cujus
1545 4019 1649 4099 vigore

304 4117 336 4171 et
357 4107 508 4171 constanti
532 4108 705 4172 fortitudine
733 4118 850 4190 tempus
882 4111 1093 4174 revolutorium
1124 4111 1232 4186 oritur,
1266 4119 1298 4173 et
1326 4111 1467 4192 plaga,
1501 4107 1529 4170 in
1561 4126 1650 4188 quam

303 4196 451 4260 eundum:
474 4217 597 4282 quarum
618 4199 672 4261 illa
683 4199 804 4262 animali
820 4201 958 4263 facultati
973 4201 1083 4263 rectius
1098 4201 1332 4276 transscribitur,
1349 4199 1423 4262 haec
1436 4215 1508 4259 vero
1523 4205 1657 4261 naturae

237 4344 239 4347 .
303 4286 485 4367 intelligenti
521 4296 575 4350 ant
609 4288 742 4353 memori.
797 4289 878 4354 Nam
908 4290 967 4354 etsi
1001 4289 1117 4370 quidem
1149 4291 1303 4370 perhanc
1327 4288 1510 4351 soliditatem
1534 4285 1651 4350 arbium

300 4375 438 4455 ¹omnibns
462 4377 579 4440 omnino
602 4377 732 4440 motibus
755 4398 808 4441 sen
831 4379 1018 4461 apparentiis
1041 4380 1221 4442 coelestibus
1244 4378 1289 4442 ita
1311 4386 1501 4460 prospectum
1525 4384 1591 4452 est,
1615 4375 1653 4438 nt¹

303 4463 509 4547 providentiae
540 4468 711 4548 praesidum
734 4468 926 4532 maturiorum
950 4467 1133 4550 relinquatur
1162 4468 1250 4536 nihil,
1284 4467 1378 4530 omnis
1410 4486 1481 4530 vero
1514 4465 1650 4528 varietas

303 4565 436 4618 motuum
468 4574 506 4617 ex
537 4555 733 4638 dispositione
767 4565 799 4618 et
825 4558 997 4637 pluralitate
1027 4557 1139 4620 orbium
1162 4557 1382 4637 proficiscatur,
1412 4555 1649 4638 necquicquam

303 4643 387 4708 aliud
407 4644 585 4725 requiratur,
613 4665 701 4727 qnam
724 4655 758 4708 ιι
781 4645 898 4709 animae
921 4646 1062 4710 matrices
1085 4647 1237 4727 accipiant
1250 4655 1281 4708 et
1294 4645 1445 4710 retineant
1460 4659 1547 4708 suum
1561 4644 1650 4728 vign-

303 4753 384 4812 rem,
417 4743 448 4799 et
477 4735 614 4816 aprima
646 4735 807 4798 creationis
838 4736 924 4799 initio
953 4738 983 4800 in
1006 4737 1128 4818 plagam
1150 4736 1302 4818 quaelibet
1325 4755 1410 4798 suam
1433 4736 1594 4813 incitentur
1617 4742 1651 4798 et

304 4824 390 4906 quasi
423 4844 439 4886 e
470 4825 640 4890 carceribus
669 4826 699 4889 in
729 4825 831 4908 spatia
859 4826 1063 4893 dimittantur:
1093 4835 1193 4888 tamen
1227 4825 1474 4888 considerandum
1498 4833 1560 4900 est,
1589 4823 1650 4888 hnc

303 4912 400 5022 ipsum
421 4913 633 5016 mentis-illius
656 4935 811 4998 supremae
835 4936 909 5000 opus
933 4936 1009 4986 esse,
1033 4917 1186 5002 planetam
1201 4915 1361 5000 quemlibet
1376 4915 1404 4978 iu
1420 4915 1647 4996 plagamsuam,
