3517 5525
305 406 371 477 202
785 406 826 462 De
845 404 954 464 Motibus
972 406 1065 463 Stellae
1082 406 1171 463 lintis

306 588 432 671 epicycli
456 588 486 650 Ω
510 593 581 651 sunt
602 588 798 667 retrogradae
821 595 853 651 et
876 590 1037 654 celeriores
1059 590 1128 671 ipso
1146 592 1173 651 Z
1195 594 1307 665 centro,
1332 596 1365 651 et
1381 588 1424 652 ibi
1445 588 1579 669 planeta,
1600 594 1654 651 nt-

305 686 376 760 pote
404 678 433 739 in
465 677 652 757 oppositione
682 696 748 744 cum
777 676 858 741 Sole.
909 680 1087 743 Antecessit
1116 678 1208 759 igitur
1239 678 1287 741 hic
1320 695 1469 759 apparens
1503 676 1653 762 oppositio

305 767 443 830 mediam.
490 768 635 846 Tempore
658 765 759 846 igitur,
784 767 862 847 qnod
885 778 1066 831 momentum
1088 786 1142 849 per
1164 770 1228 839 KP,
1245 768 1395 848 signatum
1418 766 1573 831 antecedit
1596 766 1655 839 (sit

306 866 405 919 autem
428 859 507 930 ΚΘ)
536 874 602 917 cnm
624 854 678 918 Sol
700 856 821 918 videtur
843 857 872 918 iu
897 858 978 921 linea
1000 855 1074 933 ΚΞ,
1105 858 1231 937 planeta
1252 857 1370 937 inejus
1403 855 1541 938 opposito
1564 855 1654 919 vide-

304 946 393 1021 bitur,
417 954 492 1026 pnta
515 944 577 1007 inl
597 964 651 1027 per
667 946 730 1019 Kl,
754 964 830 1025 quae
853 955 984 1009 estune
1007 955 1091 1010 recta
1114 964 1180 1008 cum
1198 941 1278 1011 ΚΞε
1302 955 1334 1007 et
1357 946 1510 1028 quiajam
1532 944 1656 1024 ponitur

304 1036 334 1097 in
359 1036 416 1096 hac
439 1053 513 1096 vera
535 1033 723 1115 oppositione
746 1052 855 1095 exuere
887 1036 1132 1117 inaequalitatem
1165 1028 1341 1111 secundam,
1374 1036 1442 1098 ideo
1465 1044 1499 1097 et
1520 1042 1654 1097 centrum

305 1124 429 1207 epicycli
451 1124 482 1185 in
506 1124 564 1184 hac
592 1123 672 1185 linea
695 1119 757 1186 ΞΚ
777 1122 938 1199 videbitur,
962 1133 1037 1205 puta
1059 1126 1090 1187 in
1115 1126 1161 1199 0;
1185 1132 1217 1186 et
1241 1126 1311 1206 quia
1338 1124 1462 1205 planeta
1471 1130 1533 1185 'est
1554 1130 1656 1185 retro-

304 1215 430 1294 gradus,
455 1230 527 1292 ergo
549 1222 683 1293 tempore
707 1215 777 1275 ΚΘ.
793 1214 891 1293 priore
923 1234 1009 1294 quam
1033 1218 1065 1276 K
1071 1217 1099 1276 P
1115 1213 1239 1293 planeta
1262 1220 1310 1275 est
1333 1215 1362 1274 in
1377 1216 1408 1275 K
1411 1218 1425 1275 l
1447 1213 1527 1276 linea
1547 1220 1655 1294 poste-

305 1303 383 1364 riore
415 1320 502 1383 quam
524 1300 600 1363 ΚΩ.
647 1300 710 1363 Sed
733 1304 787 1364 ΚΙ
805 1309 837 1363 et
858 1302 925 1364 ΚΩ
948 1312 1018 1367 aunt
1040 1310 1143 1383 partes
1167 1303 1311 1365 linearum
1329 1304 1391 1365 ΚΟ
1413 1311 1446 1363 et
1461 1304 1523 1364 KZ
1532 1320 1541 1377 3
1564 1301 1657 1382 igitur

309 1398 342 1454 et
363 1394 426 1453 ΚΟ
448 1397 497 1452 est
523 1390 619 1470 magia
642 1390 673 1451 in
697 1392 912 1471 consequentia
935 1411 1023 1474 quarn
1046 1396 1116 1455 KZ.
1156 1392 1294 1471 Apparet
1316 1392 1425 1472 itaque,
1452 1391 1522 1471 quid
1544 1390 1574 1453 iu
1598 1391 1669 1453 hac.

194 1521 198 1527 ι
309 1481 485 1542 reductione
510 1500 529 1541 a
550 1480 663 1547 medio¹
682 1480 720 1540 ad
753 1488 949 1559 apparentem
978 1480 1059 1544 Solis
1088 1488 1200 1542 motum
1232 1480 1263 1542 in
1294 1480 1373 1542 linea
1403 1480 1498 1542 centri
1530 1479 1657 1562 epicycli

306 1577 450 1631 mutetur.
496 1570 577 1631 Nam
600 1570 630 1631 iu
656 1569 685 1629 Τ
703 1576 734 1631 et
757 1570 896 1648 opposito
920 1578 1030 1651 puncto
1053 1570 1197 1650 pristinae
1228 1570 1325 1632 lineae
1349 1577 1447 1636 motis
1470 1568 1565 1632 centri
1589 1568 1656 1648 epi-

304 1659 380 1741 cycli
404 1665 546 1720 manent:
572 1658 602 1719 iu
624 1662 651 1719 Z
672 1664 864 1737 promovetur
887 1660 963 1722 haec
982 1660 1066 1721 'linea
1088 1666 1120 1721 ct
1142 1659 1172 1721 in
1195 1679 1231 1721 ea
1254 1668 1387 1721 centrum
1415 1657 1555 1741 epicycli,
1586 1657 1656 1718 adi-

304 1750 393 1810 mitur
423 1766 495 1807 vero
527 1747 654 1827 tempori
683 1746 868 1827 interlapso:
903 1749 931 1810 in
962 1749 1102 1828 opposito
1135 1748 1200 1809 loco
1230 1748 1263 1809 lit
1291 1747 1488 1817 contrarium,
1523 1745 1656 1827 tempori

305 1838 421 1900 scilicet
443 1836 573 1913 additur,
595 1837 677 1923 linea
691 1844 789 1898 motus
807 1838 904 1899 centri
925 1836 1054 1919 epicycli
1077 1838 1240 1899 retrahitur
1256 1837 1284 1897 in
1301 1837 1524 1899 antecedentia.
1548 1834 1652 1917 Atque

304 1927 349 1988 ita
370 1926 428 1987 hae
451 1926 546 1987 centri
575 1926 698 2007 epicycli
731 1926 829 1988 lineae
852 1946 872 1989 a
895 1927 1030 2006 pristinis
1065 1926 1188 2006 mpltnm
1219 1925 1374 1988 dissident
1424 1923 1526 1996 Qdare
1549 1924 1652 2001 etiam

304 2034 369 2078 cnm
393 2034 431 2077 ex
452 2014 500 2075 his
524 2014 640 2096 aliquot
661 2014 737 2077 locis
750 2015 824 2077 visis
848 2017 944 2078 centri
968 2011 1093 2098 epicycll
1117 2018 1239 2095 (nempe
1255 2015 1383 2090 calocis
1402 2013 1476 2076 visis
1498 2015 1653 2094 planetae,

303 2115 483 2185 postquem
506 2104 700 2184 supponimus
725 2104 821 2166 latere
845 2105 874 2167 in
891 2104 996 2167 eadem
1019 2105 1099 2165 linea
1123 2105 1233 2167 visoria
1253 2113 1386 2166 centrum
1411 2104 1551 2185 epicycli)
1576 2122 1657 2165 nova

304 2203 337 2256 et
349 2194 480 2273 repetita
503 2192 676 2273 operatione
690 2212 798 2255 causas
814 2201 846 2254 et
859 2212 1029 2255 mensuram
1052 2192 1276 2275 inaequalitatis
1291 2193 1404 2274 primae
1424 2192 1653 2273 investigamus,

305 2284 430 2346 effectus
450 2282 633 2362 operationis
657 2301 677 2343 a
697 2281 790 2361 priori
813 2283 940 2344 multum
969 2283 1079 2345 differt.
1125 2284 1240 2363 Nempe
1264 2298 1331 2344 cnm
1352 2283 1384 2344 iu
1407 2282 1601 2357 semicirculo,
1626 2280 1657 2343 iu

305 2392 363 2453 qno
386 2380 434 2435 est
457 2389 638 2453 apogaeum,
669 2377 789 2455 tempus
818 2371 911 2433 luerit
935 2371 1140 2448 imminutum,
1164 2380 1200 2434 ut
1222 2372 1266 2434 ita
1276 2373 1413 2452 planeta
1434 2371 1489 2435 fiat
1520 2370 1655 2446 celerior,

305 2460 438 2542 prodibit
468 2460 561 2540 igitur
592 2458 804 2521 eccentricitas
838 2460 996 2540 aequantia
1020 2460 1125 2523 minor.
1171 2460 1302 2523 Etcum
1325 2460 1354 2522 in
1378 2460 1444 2539 ejus
1476 2458 1656 2523 semicirculi

307 2552 472 2632 quadrante
495 2550 606 2630 majore
631 2550 707 2625 ΒΖ,
741 2548 792 2628 qni
819 2549 915 2610 habet
944 2568 1128 2631 apogaeum,
1161 2548 1449 2639 aequaliter,qoerit
1479 2549 1656 2613 diminutum

307 2648 425 2720 tempus
448 2638 696 2720 quemadmodum
715 2637 743 2698 in
759 2645 846 2717 parte
869 2638 982 2701 minore
1006 2638 1130 2721 reliqua,
1153 2639 1245 2701 multo
1268 2639 1358 2719 igitur
1377 2638 1501 2701 celerior
1523 2639 1554 2701 in
1576 2656 1650 2719 pro·

307 2728 592 2810 portionaplaneta
613 2721 750 2790 redditus
774 2735 822 2789 est
844 2727 874 2790 in
898 2728 953 2790 illa
974 2728 1091 2810 reliqua
1121 2734 1208 2809 parte
1244 2728 1431 2792 semicirculi.
1478 2728 1656 2810 Perigaeum

308 2819 400 2900 igitur
423 2819 461 2882 ad
484 2819 567 2882 illam
591 2817 844 2900 appropinquavit
865 2824 899 2879 et
921 2835 1088 2898 apogaeum
1111 2837 1131 2881 a
1153 2821 1186 2880 X
1207 2835 1311 2882 versus
1334 2822 1360 2879 Z
1383 2817 1548 2883 descendit.
