3517 5525
273 336 316 407 64
688 340 788 393 literas
807 340 912 405 Keplsri
930 341 1081 406 aliorumque
1098 344 1199 391 mutuae

273 518 337 571 Solis
354 522 473 583 malorem
500 534 554 573 oete
583 519 680 578 asserir.
708 532 858 586 magnopere
875 520 958 572 miror.
994 516 1067 581 Quae
1084 519 1115 571 de
1132 518 1299 584 pensilaribns
1325 517 1435 580 addudr,
1460 516 1501 569 ria
1529 521 1631 569 mum

274 592 439 643 differentiam
457 592 618 648 excusabunt,
637 607 694 642 oum
711 606 761 643 non
779 592 812 641 sit
829 593 906 643 multo
923 593 1003 654 major
1019 605 1094 654 quam
1111 591 1138 641 in
1156 588 1223 643 Sole.

363 661 503 724 Quaeritur,
523 676 556 713 an
574 668 685 713 centrum
704 664 836 714 eoceutaici
854 664 944 715 Martis
970 677 997 713 ra
1021 676 1081 713 vera
1102 663 1177 713 fixum
1201 664 1234 712 ait
1257 663 1283 711 iu
1301 660 1360 713 Sole
1384 659 1423 712 vel
1448 661 1570 713 diversum
1595 662 1633 711 ab

274 750 304 785 so
325 735 405 786 locum
423 732 537 786 habeat?
557 735 640 797 Tycha
658 734 763 798 primum
774 735 834 784 vult.
860 733 988 797 Quomodo
1001 740 1029 783 tn
1042 735 1175 791 exlsdmu.
1193 732 1303 784 hiemem
1319 734 1494 799 imaginarium
1504 732 1633 797 quoddam

272 812 391 871 puuctum
418 812 488 859 motu
513 806 595 856 medio
621 806 757 870 respicere,
786 807 807 855 ri
826 807 858 857 td
885 806 993 875 medinm
1011 813 1105 855 motum
1122 805 1164 855 ille
1186 798 1339 857 reismeturi
1371 804 1444 856 Certe
1462 804 1505 855 Sol
1521 819 1572 854 nou
1589 810 1634 853 est

275 879 449 944 imaginarium
474 883 592 943 punctum
611 884 637 928 at
653 884 739 929 tamen
758 878 823 929 illius
845 886 928 929 motus
945 885 975 927 ut
990 892 1062 927 seror
1079 878 1117 927 ita
1133 876 1230 927 madius
1247 871 1438 929 consideraturi
1469 875 1497 927 Si
1515 882 1632 927 mirum

273 950 405 1001 eocsutrici
423 949 588 1014 ¹planetarum
614 963 665 999 non
684 956 723 1000 ert
740 950 767 999 in
785 947 859 1007 Sole,
887 956 948 999 tunc
974 948 1119 999 latiordiuer
1145 949 1307 999 mutabuntur
1332 962 1436 1000 ιοωιιιι
1463 947 1503 1001 rel
1528 962 1639 1007 masau

272 1020 402 1085 eclipticas
427 1021 461 1071 ad
477 1020 573 1071 illorum
590 1020 701 1084 periodos
719 1020 782 1071 lixas
800 1027 826 1071 et
843 1035 893 1071 uno
910 1021 965 1071 loco
983 1033 1113 1089 perennes.

363 1092 507 1153 Quaeritur,
526 1107 569 1141 cur
587 1090 677 1156 duplex
693 1092 719 1142 in
736 1092 843 1157 planatis
861 1092 1015 1143 eccenhicos
1033 1098 1142 1157 atquae
1159 1104 1246 1147 carisa⁹
1264 1090 1329 1154 qnod
1347 1104 1399 1141 una
1417 1090 1520 1155 sirrplici
1538 1104 1632 1142 somn·

274 1164 383 1215 trisitate
403 1170 484 1215 motus
503 1163 616 1227 apsidum
634 1164 746 1215 eremari
764 1179 814 1214 uon
827 1162 925 1228 possit?
938 1160 983 1213 bc.
1009 1162 1084 1221 Vale,
1104 1162 1168 1228 Vipe
1187 1162 1296 1214 etFlore
1308 1162 1402 1215 Exoell.
1415 1162 1448 1212 D.
1460 1162 1570 1227 Keplere
1581 1159 1632 1211 dc.

274 1234 408 1285 Dabuntur
424 1234 605 1287 Rosterhariaa
623 1236 648 1286 in
667 1234 710 1285 Or.
728 1235 808 1285 Frisia
826 1235 849 1285 d.
872 1234 896 1284 1.
915 1236 980 1301 Aug.
1003 1232 1079 1284 1602.

364 1304 522 1371 (hscriptior
542 1306 607 1356 Dem
626 1306 736 1357 Erbaren
754 1306 805 1357 und
817 1305 1005 1372 Hoobgslarten
1016 1306 1097 1355 Herm
1109 1304 1144 1355 tl.
1154 1305 1179 1357 J.
1192 1304 1310 1369 Keplero‚
1328 1304 1403 1355 Kaio.
1414 1303 1476 1367 Mai.
1496 1304 1632 1355 bertellteu

275 1376 466 1429 Mathematico.
502 1377 613 1429 Msinem
630 1377 798 1445 vilgunrtigsn
816 1378 898 1429 Herm
916 1377 968 1427 und
985 1377 1107 1427 Frennde.
1126 1376 1166 1427 Zn
1177 1376 1253 1441 Prag-
1269 1376 1301 1426 In
1318 1376 1363 1429 det
1379 1376 1461 1427 Herm
1473 1393 1495 1425 v.
1509 1376 1630 1427 Lichten-

275 1450 352 1499 steim
365 1448 449 1499 Hauss
468 1450 513 1499 sui
528 1448 585 1499 dem
597 1448 687 1500 Rotzin
706 1464 738 1501 au
756 1450 883 1501 erknuden
901 1449 961 1499 oder
978 1450 1066 1514 perias
1085 1448 1112 1499 in
1129 1448 1173 1499 der
1190 1447 1259 1499 alten
1271 1447 1347 1500 suut
1363 1450 1390 1499 in
1407 1448 1452 1499 der
1470 1447 1632 1513 Zelterssuse

274 1534 332 1569 auur
350 1520 443 1588 guidon
460 1520 591 1571 Hirscheo.
627 1519 676 1571 isit
693 1521 771 1571 Fleits
789 1536 820 1571 ru
838 1518 980 1582 bestellcm)

362 1608 500 1674 Responsio
518 1608 673 1675 Kepleri,
699 1610 780 1673 prima
797 1624 884 1661 aarum
910 1623 973 1675 quar
991 1608 1108 1659 exhibent
1132 1610 1318 1673 manmcriptu,
1343 1608 1406 1659 data
1423 1608 1504 1659 ettd.
1524 1606 1548 1656 l.
1568 1606 1629 1658 Oet.

279 1676 356 1731 160².
394 1678 494 1746 (Oomp.
513 1679 569 1731 Vol.
588 1681 609 1739 I,
628 1696 653 1745 p.
673 1677 746 1743 306.)
782 1679 824 1735 Sic
843 1681 967 1733 exorditur
982 1682 1122 1745 Keplcrua:

369 1854 513 1939 Quisquis
528 1858 579 1922 illo
594 1858 644 1935 sit,
668 1859 716 1923 coi
732 1859 836 1922 literas
855 1859 1081 1930 commendasti,
1101 1857 1273 1922 doctissime
1292 1856 1421 1932 Fabrici,
1441 1854 1632 1936 negligenter

280 1945 349 2009 illas
372 1948 498 2011 curavit..
544 1947 707 2011 Audieram
732 1970 769 2011 ex
792 1950 972 2013 haeredibus
995 1942 1179 2023 Brabeanis,
1208 1947 1273 2027 jam
1305 1945 1419 2026 pridem
1450 1944 1629 2007 fasciculum

281 2036 433 2098 literarum
457 2038 495 2100 ad
519 2056 566 2099 me
589 2038 789 2119 spectantium
811 2039 842 2099 in
866 2058 937 2101 suas
961 2038 1053 2101 aedes
1077 2038 1225 2105 delatum.
1256 2036 1310 2097 sed
1333 2034 1522 2115 repudiatum
1543 2056 1561 2095 a
1584 2054 1630 2108 se,

279 2125 357 2205 quod
381 2126 548 2199 nescirent,
580 2128 737 2189 conclusas
771 2146 838 2190 esse
867 2136 899 2189 et
927 2127 1044 2209 aliquas
1068 2128 1107 2189 ad
1130 2146 1163 2191 se
1185 2124 1312 2187 missas:
1343 2124 1533 2187 tabellarium
1556 2142 1630 2185 vero

274 2231 402 2293 negasse
425 2224 488 2276 tem
511 2216 632 2295 longum
653 2216 712 2278 iter
736 2216 889 2279 literarum
912 2237 1005 2279 causa
1026 2215 1144 2296 ingredi
1163 2216 1249 2288 (nam
1262 2213 1294 2274 in
1308 2222 1446 2275 extrema
1460 2212 1522 2275 iere
1536 2220 1629 2293 parte

274 2321 370 2365 novae
395 2304 475 2367 urbis
498 2303 628 2380 habito),
653 2305 716 2367 fore
740 2306 844 2388 utqui
869 2304 974 2367 literas
997 2312 1125 2386 quaerat
1147 2304 1227 2365 ultro
1250 2302 1290 2363 ad
1313 2322 1346 2363 se
1370 2302 1481 2364 veniat.
1519 2301 1628 2373 Quae-

274 2391 332 2454 sivi
364 2391 433 2455 illas
465 2411 518 2473 per
546 2390 566 2458 3
597 2395 795 2475 septimanas,
821 2396 945 2475 ignarus
973 2395 1051 2459 unde
1074 2402 1187 2472 essent.
1234 2392 1369 2454 Tandem
1400 2390 1522 2453 fortuito
1553 2391 1630 2454 mihi

274 2480 394 2561 ignotus
417 2481 504 2545 homo
528 2484 658 2545 occurrit
676 2490 707 2545 et
730 2492 828 2547 utrum
842 2482 968 2565 Kepleri
981 2482 1052 2545 mibi
1067 2501 1173 2545 nomen
1188 2482 1230 2545 sit
1247 2488 1453 2562 percontatus,
1478 2480 1518 2543 ad
1536 2481 1631 2543 aedes

274 2588 322 2633 me
337 2570 566 2652 Archiepiscopi
588 2572 719 2650 ablegat,
744 2572 796 2636 ubi
818 2574 945 2635 latuere.
960 2572 1174 2635 -anrdiris
1197 2592 1217 2633 a
1230 2570 1320 2634 nimio
1343 2589 1410 2631 msc
1434 2588 1547 2645 amore,
1571 2588 1631 2651 qno

276 2658 395 2721 nomine
419 2660 474 2723 tibi
498 2660 614 2739 gratias
638 2678 706 2741 ago.
752 2660 793 2725 Et
817 2680 883 2724 cum
905 2663 1034 2743 plurima
1055 2661 1087 2723 in
1116 2661 1214 2724 literis
1244 2669 1423 2741 sequantur,
1456 2657 1486 2721 in
1519 2658 1630 2740 quibus

276 2768 365 2811 ame
389 2748 550 2812 dissentire
584 2750 673 2826 diois,
703 2752 803 2814 nescio
836 2752 983 2832 quomodo
1013 2759 1044 2814 te
1067 2751 1273 2831 disputantem
1295 2769 1362 2812 cum
1385 2748 1528 2811 laudante
1552 2770 1629 2813 con·

274 2837 373 2899 ciliem
396 2837 495 2914 aliter,
520 2839 577 2902 nisi
601 2841 679 2920 qood
703 2842 841 2904 conflictu
865 2843 1012 2922 fulgorem
1035 2840 1174 2905 veritatis
1198 2842 1306 2902 elicere
1337 2847 1367 2900 te
1389 2856 1479 2919 posse
1511 2858 1628 2919 speres.

278 2925 380 2998 Quare
403 2928 460 2990 hoc
484 2947 540 3008 age
564 2929 603 2990 mi
626 2929 761 3004 Fabrici,
792 2931 928 3010 disputes
959 2931 990 2992 in
1019 2937 1189 3012 posterum,
1213 2949 1271 2990 oon
1294 2947 1426 3008 perores.
1472 2928 1553 2992 Nam
1576 2929 1631 2990 illa

281 3015 396 3078 ratione
420 3016 506 3081 uobis
528 3019 586 3100 ipsi
610 3020 822 3100 profuerimus,
847 3021 906 3084 hac
928 3021 1065 3082 nocueris
1088 3020 1170 3101 mihi.
1216 3019 1286 3082 Non
1309 3017 1387 3079 enim
1410 3017 1555 3080 fovendus
1570 3021 1630 3080 ‘est

278 3124 363 3167 amor
386 3105 441 3177 sni,
466 3105 519 3170 sed
542 3107 621 3170 omni
644 3116 770 3172 externa
793 3119 824 3172 et
847 3110 966 3172 interna
987 3110 1017 3172 vi
1041 3091 1290 3190 pessumdandos.

364 3195 979 3276 Depatriaetuaestatuhicinandivimus
1000 3206 1045 3269 (ll,
1066 3203 1148 3267 ibt).
1168 3199 1252 3260 Dens
1262 3197 1386 3258 meliora
1396 3214 1463 3257 meo
1472 3194 1628 3258 Fabricio!

277 3283 391 3347 bialum
407 3305 491 3348 omen
506 3287 603 3368 pestis
617 3287 706 3350 simol
721 3298 752 3350 et
765 3288 906 3362 rebelli03
929 3297 1029 3350 metuo
1044 3287 1193 3366 graviora.
1231 3287 1273 3349 Te
1292 3294 1392 3348 tamen
1408 3293 1461 3347 tua
1478 3285 1628 3363 professio

275 3373 356 3454 apud
369 3375 446 3437 huno
465 3375 582 3453 hostem
600 3395 658 3439 non
677 3377 773 3438 minus
793 3377 836 3438 uti
851 3396 938 3457 spero
953 3377 1110 3451 tutabitur,
1128 3396 1216 3456 quam
1234 3375 1311 3456 apud
1331 3373 1504 3456 principem.
1542 3373 1627 3436 Deus

275 3481 346 3526 vero
370 3471 400 3524 te
424 3471 550 3545 tuosque
574 3464 612 3527 ab
636 3465 743 3529 infreni
766 3465 893 3527 militum
916 3466 1119 3546 gregariorum
1143 3464 1265 3528 licentia
1287 3465 1449 3526 clementer
1472 3471 1603 3526 tueatur.

364 3567 422 3620 lam
435 3569 558 3634 Koplaros
579 3571 743 3630 „offensiones
762 3586 819 3622 cum
830 3571 1000 3638 Tengnaglio“
1021 3572 1082 3628 adit,
1100 3586 1163 3636 quar
1180 3585 1255 3634 supra
1272 3565 1307 3634 (p.
1324 3566 1378 3632 12.)
1396 3569 1507 3628 dixirnus,
1527 3569 1625 3632 deinde,

275 3649 426 3713 memoriola
440 3649 647 3714 mqmuuomour
659 3651 812 3718 uuologisu
824 3651 858 3713 (1,
869 3648 942 3713 sot.)
954 3653 1047 3718 porgit:
1071 3642 1202 3715 Miraris,
1216 3663 1254 3704 ex
1267 3638 1289 3706 4
1303 3641 1491 3724 acronycbiis
1505 3642 1625 3722 prodire

274 3730 401 3792 eandem
424 3747 542 3810 semper
565 3733 893 3810 commensurationem,
917 3741 950 3796 et
971 3753 1038 3795 earn
1061 3741 1161 3796 tamm
1180 3733 1289 3794 falsam
1306 3750 1362 3796 nec
1376 3731 1406 3794 in
1419 3731 1625 3811 parallaxibus
1733 3729 1738 3736 ’

276 3824 390 3900 aptam.
438 3817 568 3882 Causam
593 3820 704 3884 dicam:
739 3823 843 3886 statim
874 3831 947 3901 post
976 3841 1142 3905 apogaeum
1169 3821 1300 3884 maxima
1323 3829 1372 3882 est
1394 3820 1563 3882 differentia
1586 3823 1625 3883 ad

276 3907 471 3990 aequationes
494 3908 579 3989 ipsas
601 3909 632 3971 in
654 3919 779 3992 utraque
802 3911 971 3995 hypothesi.
1018 3911 1169 3992 Aequatio
1191 3930 1263 3972 vero
1286 3911 1353 3990 ipsa
1380 3929 1488 3990 parva,
1514 3909 1625 3972 nedum

277 3997 534 4070 differentiatalt).
575 3999 712 4062 Proxime
736 3995 806 4064 reto
830 4009 901 4064 ante
924 4001 1139 4082 longitudinem
1167 4001 1295 4062 mediam
1322 3997 1455 4061 vicissim
1484 4000 1623 4081 aequatio

281 4105 391 4166 magna
414 4087 541 4167 quidem.
565 4088 619 4150 sed
642 4089 824 4154 insensibilis
844 4090 875 4152 in
900 4099 1025 4171 utraque
1055 4090 1215 4173 hypothesi
1237 4088 1415 4152 differentia.
1458 4085 1549 4150 (iirca
1561 4085 1624 4152 45⁰

277 4175 481 4238 tantummodo
504 4177 658 4240 variantur
681 4180 875 4259 aequatioues
898 4199 953 4260 per
974 4179 1110 4244 variatas
1131 4179 1315 4261 hypotheses
1337 4199 1357 4240 a
1379 4177 1507 4259 simplici
1529 4197 1623 4259 usqne

277 4263 315 4326 ad
337 4264 527 4330 rationem2
559 4267 728 4346 aequalium
760 4269 959 4350 parallaxiom
981 4277 1013 4331 et
1043 4269 1210 4350 aequantia.
1256 4269 1362 4350 ltaque
1392 4268 1624 4330 succurrendum
1722 4343 1725 4347 ¹

276 4353 336 4417 illis
359 4353 391 4416 in
413 4347 492 4430 «15⁰3
522 4375 592 4419 nam
613 4374 668 4436 per
690 4359 912 4440 usurpationem
935 4359 1081 4440 simplicis
1104 4357 1409 4440 prostbapbasreseos
1440 4355 1530 4418 nimis
1561 4357 1624 4420 illic

278 4460 404 4522 magnae
429 4444 559 4507 evadunt
582 4446 786 4528 aequationes.
832 4446 972 4511 Demisso
996 4457 1099 4511 centro
1123 4447 1281 4510 eccentrici
1310 4465 1326 4508 e
1349 4447 1414 4508 loco
1437 4445 1546 4526 priori,
1574 4447 1625 4526 qni

278 4539 401 4595 mancat
422 4540 557 4596 centmm
578 4536 746 4616 aequantia,
758 4537 842 4602 ,liunt
854 4537 926 4600 illas
939 4537 1070 4618 majores
1087 4537 1244 4618 paulatim.
1281 4536 1410 4598 Tantum
1428 4535 1507 4598 enim
1520 4544 1625 4615 potest

279 4622 310 4684 id
343 4630 477 4685 centrum
509 4623 642 4696 demitti,
675 4625 770 4688 donec
802 4645 997 4707 assequamur
1024 4627 1140 4708 justum
1165 4625 1315 4687 modulum
1344 4624 1556 4704 aequationum
1585 4643 1624 4685 ex

279 4729 452 4794 quacunque
474 4713 748 4792 prosthophaeresi.
794 4715 879 4777 Hono
912 4717 993 4780 circa
1018 4711 1090 4793 45⁰,
1121 4714 1170 4777 ubi
1197 4713 1325 4776 variatio
1352 4713 1498 4789 maxima,
1531 4715 1624 4776 talem

281 4800 435 4881 eligemus,
449 4809 493 4894 Nut
515 4821 618 4880 omues
641 4803 823 4886 hypotheses
847 4805 1024 4869 conveniant
1047 4805 1077 4868 in
1099 4802 1285 4884 longitndine
1308 4803 1408 4866 media
1438 4810 1529 4884 utque
1552 4804 1622 4884 pla-

279 4895 367 4953 netas
385 4890 500 4971 justum
522 4891 619 4956 locum
642 4893 885 4976 expresserimus.
931 4893 1033 4967 Quare
1056 4894 1084 4957 si
1102 4891 1236 4958 deviabit
1257 4891 1363 4970 adhuc,
1388 4892 1519 4958 deviatio
1542 4893 1624 4957 cirea
