3517 5525
588 404 791 459 meamus
827 404 968 473 capam
1385 401 1449 471 215

104 582 225 645 orbitae
247 583 341 663 ipsius
365 586 381 647 I
402 585 558 665 planetae,
590 592 662 647 tunc
692 604 759 648 esse
785 588 939 667 planetam
960 585 991 647 in
1015 584 1152 665 opposito
1243 580 1297 645 sig.
1318 576 1360 633 ⁶²·

102 670 199 747 Sulis,
223 691 291 734 cum
313 674 340 735 is
363 682 412 735 est
434 674 463 735 in
478 675 514 749 Ε,
537 676 664 755 planeta
685 674 715 738 in
739 675 764 740 G
789 684 936 757 spectato.
973 675 1019 736 At
1039 674 1160 737 tabulae
1233 675 1253 754 l

103 762 280 823 conditores
308 769 470 842 putarunt,
502 773 651 843 utsupra
680 764 790 827 dictum
821 774 888 840 est,
920 764 1074 844 planetam
1101 782 1160 829 nnn

101 868 171 913 esse
211 861 352 914 accurate
384 853 414 913 in
446 851 528 915 Solis
566 853 720 932 opposito,
758 855 816 916 nisi
850 854 909 934 ipsi
939 850 996 915 AO
1034 854 1160 927 (visibili

101 939 268 1001 distantiae
290 942 432 1020 planetae
456 962 476 1003 a
497 936 592 1021 nodo)
626 951 770 1022 aequetur
791 963 878 1005 arens
902 942 975 1027 AB,
1008 944 1159 1025 elongatio

104 1030 241 1108 oppositi
264 1028 346 1093 Solis
369 1031 427 1093 loci
450 1030 488 1092 ab
512 1032 616 1093 eodem
639 1032 728 1094 nodo.
843 1070 847 1085 ι

193 1118 290 1197 Atqui
313 1138 362 1181 res
385 1140 471 1182 secus
487 1121 588 1183 habet.
626 1119 789 1201 Spectatur
812 1119 929 1202 quidem
944 1127 1014 1183 tune
1037 1122 1160 1201 planeta

101 1215 244 1269 accurate
262 1207 293 1269 in
308 1206 389 1271 Solis
407 1211 554 1289 opposito,
579 1217 612 1271 at
631 1230 689 1271 non
706 1219 770 1272 est:
793 1219 826 1270 et
839 1209 1045 1284 commoditas,
1070 1230 1158 1290 quam

100 1313 138 1357 ex
161 1296 353 1374 oppositione
375 1300 516 1378 planetae
540 1317 606 1359 cum
631 1298 702 1361 Sole
727 1297 913 1379 quaerimus,
944 1300 1011 1379 plus
1036 1298 1158 1361 vitiatur
1206 1342 1230 1385 '.
1358 1329 1368 1382 p

99 1402 155 1463 per
188 1386 403 1464 aequalitatem
434 1386 492 1451 Ac
522 1397 554 1449 et
580 1388 654 1462 AB,
688 1408 776 1469 quam
805 1387 863 1468 ipsi
897 1389 1061 1468 sperabant
1092 1407 1157 1450 eam
1212 1380 1224 1388 ⁹
1336 1387 1340 1396 ’

100 1474 294 1537 emendatum
325 1476 371 1539 iri.
418 1475 480 1539 Gur
509 1476 588 1539 enim
619 1477 817 1540 observantur
845 1477 986 1557 planetae
1018 1477 1048 1539 in
1078 1476 1158 1539 Solis
1287 1525 1299 1552 ,

68 1592 74 1604 ·
100 1562 267 1642 apposite?
296 1564 442 1628 Nimirum
465 1566 543 1639 ideo,
565 1574 599 1627 ut
621 1574 745 1629 careant
767 1576 837 1629 tnnc
866 1565 1081 1647 inaequalitate
1106 1586 1157 1627 se·

101 1652 201 1713 cunda
224 1653 430 1733 longitudinis.
476 1656 571 1737 Atqui
600 1656 740 1736 opposite
764 1653 846 1717 Sulis
868 1654 898 1717 in
921 1657 948 1719 B
972 1664 1004 1717 et
1033 1656 1157 1734 planeta

101 1738 349 1805 inGversante
380 1744 469 1827 idque
498 1744 578 1807 inter
606 1745 700 1807 nodos
723 1752 756 1806 et
777 1744 908 1819 limites,
942 1746 1066 1825 planeta
1090 1746 1156 1826 plns

100 1829 264 1893 involvitur
286 1832 503 1914 inaequalitate
525 1836 658 1897 secunda
679 1833 884 1912 longitudinis,
908 1854 997 1915 quam
1019 1834 1046 1895 si
1060 1853 1155 1916 oppo-

102 1919 181 1981 situs
204 1918 288 1982 Sulis
318 1932 400 1986 esset
422 1923 453 1984 iu
475 1923 526 1999 F,
550 1933 689 1986 manente
720 1924 847 2003 planeta
867 1922 957 1986 in'G.
1005 1920 1054 1985 Sit
1077 1925 1156 1987 enim

100 2006 132 2069 G
153 2006 210 2071 Sol
234 2016 370 2073 eentmm
398 2013 572 2095 systematis
599 2013 774 2092 planetarii,
806 2012 837 2073 in
862 2030 918 2092 qne
942 2030 1044 2075 omnes
1067 2013 1155 2076 orbes

100 2098 272 2177 eclipticam
305 2110 425 2177 secant,
458 2102 547 2183 idque
569 2104 618 2163 rel
641 2104 670 2164 in
694 2100 903 2182 Cepernicana
925 2101 973 2163 vel
996 2102 1155 2167 Braheana

100 2187 214 2249 lerma:
249 2196 281 2250 et
307 2190 556 2254 connectaturG
586 2212 653 2256 cnm
674 2192 704 2254 A
727 2199 759 2251 et
780 2191 808 2251 Ε
829 2191 949 2271 punctis
979 2192 1154 2271 ecliptieae3
1248 2214 1269 2265 q

100 2277 183 2337 etin
208 2276 289 2340 linea
310 2277 371 2341 EG
392 2281 434 2342 sit
455 2280 565 2356 Terra,
595 2280 713 2343 scilicet
734 2281 764 2342 in
791 2288 900 2360 puncto
924 2280 963 2341 Η.
1010 2279 1149 2343 Gennes-

99 2372 183 2427 tatur
203 2366 235 2427 Η
257 2386 325 2429 cum
349 2366 395 2432 0:
430 2377 461 2431 et
490 2388 528 2431 ex
560 2380 670 2450 punctu
692 2370 722 2430 Η
744 2378 900 2449 spectetur
924 2368 952 2431 G
975 2369 1030 2433 Sol
1058 2372 1088 2433 in
1120 2370 1258 2451 oppositu
1291 2370 1385 2453 ipsius
1408 2372 1445 2453 E,

98 2455 226 2533 planeta
247 2476 319 2519 veru
343 2478 380 2519 ax
403 2459 509 2521 eudem
531 2460 562 2520 Η
585 2468 738 2539 spectetur
761 2461 790 2521 in
814 2457 839 2523 C
863 2460 929 2521 locu
959 2478 1013 2521 suo
1043 2460 1098 2523 sub
1131 2459 1198 2522 fixis
1221 2462 1251 2523 in
1276 2462 1354 2524 linea
1375 2462 1446 2526 HC.

99 2543 159 2605 Est
181 2544 275 2624 igitur
297 2546 328 2608 in
350 2547 408 2609 bac
430 2547 545 2612 visione
577 2550 701 2628 planeta
730 2549 868 2611 certain
890 2550 971 2611 linea
992 2547 1060 2611 ΗΟ.
1105 2546 1165 2611 Est
1187 2567 1257 2611 vero
1281 2552 1374 2613 multo
1397 2552 1447 2614 in-

99 2633 192 2695 ferior
223 2634 302 2699 fixis.
348 2634 399 2699 Sit
424 2637 455 2698 in
488 2638 584 2699 lineae
607 2638 663 2702 ΗΟ
692 2646 803 2718 puncto
826 2639 861 2700 I:
894 2645 925 2699 et
954 2656 991 2699 ex
1021 2636 1050 2699 G
1079 2656 1133 2717 per
1155 2639 1172 2700 I
1195 2639 1321 2703 dueatur
1352 2649 1445 2717 recta,

98 2740 175 2804 quae
200 2724 313 2788 incidet
334 2725 363 2787 in
388 2745 489 2790 arcum
512 2727 583 2792 On:
616 2735 712 2790 tutum
744 2727 822 2790 euim
851 2726 975 2807 planum
999 2724 1114 2790 OEHG
1136 2735 1184 2793 est
1207 2730 1262 2792 sub
1286 2748 1358 2794 aren
1379 2730 1444 2797 ΕΟ.

98 2811 150 2874 Sit
172 2815 257 2876 loeus
286 2815 469 2879 incidentiae
491 2817 532 2892 F,
557 2825 589 2879 et
611 2837 649 2879 ex
671 2819 777 2897 Aper
799 2817 825 2878 F
846 2816 878 2876 in
899 2814 954 2880 BC
985 2817 1111 2880 ducatur
1134 2819 1241 2880 tertius
1269 2839 1356 2882 arens
1379 2821 1446 2895 AF,

98 2920 209 2965 secans
232 2903 287 2968 Bc
311 2905 341 2966 in
364 2905 402 2967 D.
448 2906 643 2969 Manifestum
667 2915 729 2980 est,
757 2907 879 2986 planum
910 2905 1068 2969 eceentriei
1090 2907 1231 2986 planetae
1255 2926 1293 2968 ex
1315 2909 1345 2970 Η
1367 2909 1397 2971 in
1422 2908 1447 2973 O

97 2988 157 3053 visi
179 3012 239 3054 non
263 2993 396 3056 ordinari
425 2995 480 3058 sub
503 2994 576 3072 Ac,
605 2996 659 3058 sed
680 2996 737 3058 sub
760 2996 816 3057 AF
824 3013 834 3069 ;
863 3003 894 3055 et
917 2993 997 3057 Solis
1030 2996 1167 3076 opposito
1190 2996 1221 3058 in
1243 2997 1270 3058 Ε
1294 3005 1445 3072 versante,

45 3084 49 3090 '
97 3081 254 3158 planetam
278 3083 409 3146 futurum
432 3103 502 3146 vere
525 3085 583 3146 sub'
604 3087 643 3161 F,
667 3084 718 3147 illu
742 3102 814 3145 vern
836 3084 867 3144 in
890 3083 916 3144 B
940 3084 1106 3157 collocato,
1135 3085 1212 3146 hune
1236 3085 1368 3149 futurum
1390 3087 1445 3150 sub

97 3168 135 3246 I),
159 3170 308 3252 siqnidem
336 3174 473 3254 utrinque
503 3181 651 3255 appareat
671 3175 726 3236 snb
750 3172 787 3236 C.
831 3173 891 3236 Est
912 3191 984 3234 vero
1006 3174 1066 3236 AD
1089 3173 1207 3236 brevior
1238 3193 1327 3254 qnam
1359 3195 1447 3238 cmra

97 3259 235 3322 isoscelis
267 3261 362 3326 BAG.
408 3263 491 3344 Ergo
518 3265 545 3326 B
578 3263 733 3347 oppositus
762 3261 842 3324 Solis
874 3261 942 3341 plus
973 3261 1011 3323 ab
1039 3261 1068 3324 A
1102 3269 1272 3325 removetur
1304 3283 1394 3343 qnam
1416 3265 1445 3325 D

97 3348 197 3424 locus,
230 3349 366 3432 subque
395 3353 519 3434 planeta
550 3360 598 3414 est
627 3359 781 3414 memento¹
800 3351 838 3412 ab
861 3350 936 3430 ipsis
966 3358 1120 3430 usurpato.
1167 3349 1221 3413 Sol
1252 3351 1343 3432 igitur
1374 3371 1444 3415 vere

97 3437 177 3499 ultra
201 3441 371 3519 oppositum
394 3440 458 3503 veri
481 3441 538 3503 loci
565 3443 706 3522 planetae
735 3447 808 3502 stat.
854 3441 900 3502 At
922 3441 978 3503 huc
1002 3448 1051 3503 est
1079 3447 1186 3503 contra
1214 3441 1347 3520 ipsomm
1369 3460 1441 3522 pro·

96 3527 238 3606 pesitum.

183 3617 231 3678 At
259 3637 354 3698 neque
381 3619 407 3680 si
431 3619 528 3682 orbita
549 3619 691 3699 planetae
715 3618 770 3680 sub
783 3615 841 3680 Ac
861 3627 953 3694 esset,
977 3625 1137 3700 propterea
1154 3617 1212 3699 ipsi
1233 3617 1290 3682 Ac
1305 3620 1440 3700 aequalis

97 3715 179 3769 esset
208 3709 354 3769 sumenda
382 3708 449 3771 AB.
502 3709 567 3772 Nec
595 3709 689 3783 enim,
713 3707 784 3789 qnia
806 3707 906 3769 urbita
928 3708 1095 3770 haec·vere
1119 3716 1168 3770 est
1191 3708 1245 3772 snb
1269 3708 1343 3785 AD,
1366 3727 1439 3788 pro-

95 3809 204 3878 pterea
224 3797 284 3877 ipsi
307 3796 366 3858 AD
389 3797 523 3879 aequalis
547 3799 622 3859 sumi
641 3798 732 3860 debet
752 3798 820 3859 AB.
865 3796 946 3860 Nam
970 3796 1038 3876 quia
1060 3797 1187 3877 planeta
1208 3797 1275 3860 ideo
1306 3800 1336 3860 in
1359 3797 1441 3860 Sulis

97 3887 236 3968 opposito
260 3887 455 3960 observatur,
478 3898 513 3950 ut
535 3895 627 3948 exuat
648 3886 895 3967 inaequalitatem
918 3886 1080 3949 secundam
1104 3886 1316 3966 longitudinis,
1340 3887 1439 3967 lengi-

96 3979 168 4038 tudu
203 3985 303 4038 autem
332 3978 481 4038 censenda
508 3977 538 4038 in
561 3976 628 4057 ipsa
658 3978 787 4056 genuina
813 3977 953 4055 planetae
988 3975 1087 4038 orbita
1117 3975 1165 4038 vel
1195 3974 1222 4036 ei
1247 3983 1439 4056 superstante

95 4065 154 4127 AD
161 4087 171 4143 3
203 4076 283 4128 certe
317 4065 374 4127 nisi
402 4067 558 4145 oppositus
583 4065 664 4128 Solis
692 4067 783 4128 eadat
808 4065 838 4126 in
867 4083 967 4127 arcum
992 4066 1032 4126 ad
1054 4064 1150 4144 ipsam
1174 4059 1313 4128 orbitam
1326 4073 1442 4130 rectum

96 4174 149 4235 per
173 4157 272 4218 lucum
293 4156 583 4235 planetae-ductum,
609 4156 664 4218 huc
687 4165 735 4216 est
757 4155 815 4217 nisi
829 4155 915 4217 ADB
934 4155 976 4216 sit
997 4161 1112 4225 rectus,
1138 4173 1196 4216 non
1219 4153 1319 4216 eritB
1343 4174 1440 4236 uppe-

96 4245 172 4306 sitns
197 4243 279 4306 Solis
298 4245 421 4324 junctus
444 4244 501 4326 ipsi
525 4243 555 4306 D
578 4245 740 4306 secundnm
762 4243 987 4324 longitudinem.
1035 4242 1080 4304 At
1097 4260 1168 4305 vero
1183 4242 1209 4304 si
1224 4243 1310 4308 ADB
1325 4253 1438 4320 rectus,

96 4341 165 4396 tune
188 4334 247 4396 AB
271 4345 320 4396 est
341 4333 457 4413 longior
479 4352 567 4413 quam
589 4333 659 4408 AD,
684 4353 741 4396 nun
764 4333 855 4412 igitur
878 4332 1022 4415 aequalis.
1069 4330 1162 4394 Plane
1187 4331 1288 4412 itaque
1313 4335 1438 4398 eonvel-
1513 4347 1521 4358 “

96 4421 165 4486 litur
189 4423 244 4485 illa
267 4423 436 4504 aequalitas
460 4441 580 4485 arcuum
603 4421 660 4484 Ao
684 4432 714 4484 et
736 4422 792 4484 AB
816 4423 846 4482 in
869 4423 974 4484 tabula
995 4423 1147 4484 affectata.

183 4510 364 4593 Quanquam
388 4513 464 4593 quod
488 4513 626 4573 ellectum
640 4512 759 4585 attinet,
785 4511 956 4574 subtiliores
972 4519 1042 4572 sunt
1055 4511 1112 4571 hae
1132 4509 1328 4585 differentiae,
1348 4529 1437 4591 quam

96 4610 128 4662 nt
150 4603 281 4666 discerni
304 4603 412 4684 possit.
446 4602 551 4682 ltaque
574 4619 669 4681 neque
694 4619 749 4680 ego
772 4599 897 4680 refugio,
922 4601 991 4682 quin
1010 4597 1263 4678 oppositnsSelis
1286 4599 1361 4662 inE
1385 4598 1438 4674 sit,

95 4693 177 4755 AEF
199 4702 303 4767 recto,
334 4711 425 4774 qnare
448 4691 531 4753 ΑΓΕ
554 4697 642 4752 acute
675 4691 840 4766 existente,
873 4689 1008 4771 quamvis
1033 4689 1098 4768 jam
1123 4690 1360 4750 demonstratum
1384 4686 1435 4762 sit,

94 4783 194 4860 potius
216 4781 301 4844 AFE
323 4791 438 4845 rectum
456 4799 529 4842 esse
552 4778 670 4842 debere.
717 4777 779 4841 Sed
803 4787 909 4842 centra
930 4797 1039 4841 novam
1061 4777 1239 4841 subtilitatis
1263 4776 1434 4838 affectatio-

95 4889 160 4932 nem
182 4871 345 4935 subtilibus
368 4871 460 4933 etiam
482 4867 649 4932 rationibus
668 4867 725 4931 fuit
740 4869 897 4949 agendum.
936 4867 1077 4950 Sequitur
1095 4887 1171 4930 nunc
1191 4865 1281 4930 etiam
1296 4865 1433 4927 damnum

94 4976 132 5022 ex
152 4959 211 5024 hac
234 4961 403 5026 subtilitate
425 4965 533 5023 ortum.
