3517 5525
732 433 772 488 De
793 433 873 488 Luna
1410 413 1476 483 685

133 625 208 690 quae
233 609 365 672 secunda
388 617 436 672 est
459 629 495 672 err
519 613 693 688 menstruis,
718 613 850 694 Tychoni
882 612 1010 675 variatio
1038 609 1134 684 dieta,
1168 627 1244 690 quae
1267 602 1476 689 mysteriorum

133 706 165 759 et
179 699 391 778 perplexitatis
415 717 484 762 vere
505 715 552 762 est
573 701 757 780 plenissima,
782 704 904 786 ipsoque
919 701 1058 782 Tychone
1081 707 1163 762 teste
1186 698 1259 760 nihil
1283 695 1365 757 aliod
1388 713 1493 790 qnam¹

42 841 44 849 ,
132 787 259 870 physica
282 789 461 850 acceleratio
476 799 508 852 et
522 792 696 854 retardatio.
743 793 799 854 Hic
815 793 917 872 aliqua
929 792 1030 852 ridere
1049 789 1168 871 incipio,
1183 784 1328 849 discussis
1344 782 1477 844 tenebris

134 868 339 956 ignorantiam
363 877 442 940 circa
456 879 592 959 plurima,
613 899 688 961 qnae
704 881 877 960 palpitando
902 899 1024 961 quaero,
1043 879 1140 940 adhuc
1154 875 1298 939 caecutio.
1322 874 1477 973 Hactenns

134 965 270 1044 quidem,
306 975 337 1026 ut
366 965 396 1026 in
429 967 653 1048 Prolegomeois
682 969 913 1050 Ephemeridum
940 970 1042 1030 videre
1073 976 1160 1048 potes
1189 966 1280 1028 Num.
1304 962 1401 1062 XDi,
1434 980 1479 1022 src

133 1053 236 1115 censui
260 1053 496 1118 distribuendam
518 1059 715 1122 variationem
738 1079 792 1140 per
815 1055 943 1122 orbitam
965 1059 1081 1121 Lunae.
1109 1056 1258 1117 ,Primum
1282 1060 1393 1114 statur:
1420 1068 1480 1128 qua

133 1141 163 1204 in
179 1143 376 1224 proportione
400 1153 470 1207 sunt
485 1147 524 1210 ad
539 1168 571 1210 se
592 1158 692 1210 mutuo
717 1149 919 1214 revolutiones
942 1148 1077 1226 integrae
1101 1144 1255 1207 duodecim
1280 1161 1346 1206 cunr
1361 1158 1479 1242 appen-

133 1229 199 1292 dice
217 1225 296 1294 132⁰
310 1228 375 1306 45¹,
399 1251 475 1313 quae
498 1238 643 1298 accedunt
659 1257 750 1319 usque
771 1237 808 1299 ad
823 1239 1051 1320 completionem
1075 1236 1144 1297 anni
1161 1233 1280 1307 siderei,
1305 1239 1337 1292 et
1351 1247 1479 1292 seorsum

132 1319 209 1380 haec
232 1317 298 1399 ipsa
323 1323 472 1402 appendix
498 1321 654 1401 132⁰l5¹,
679 1328 707 1389 ln
730 1313 833 1390 ead'em
856 1327 1047 1408 proportione
1070 1324 1260 1388 dividendum
1282 1340 1350 1383 esse
1370 1338 1477 1382 unum-

77 1413 79 1418 '
133 1427 279 1489 quemque
311 1412 436 1490 gradum
466 1405 629 1483 distantiae
653 1417 756 1478 Lunae
780 1437 798 1478 a
821 1417 893 1479 Sole
927 1425 1142 1496 coaequatum
1170 1423 1204 1476 ut
1231 1412 1327 1490 major
1359 1409 1478 1489 quidem

132 1516 214 1578 pars,
240 1497 269 1558 iu
293 1519 390 1560 annuo
410 1495 531 1583 ,quideln
555 1513 637 1565 motu
666 1505 866 1568 revolutiones
890 1496 994 1569 Lunae
1021 1503 1059 1568 12
1083 1504 1234 1583 integrae,
1263 1501 1292 1562 in
1322 1519 1379 1560 uno
1407 1517 1479 1558 vero
1504 1516 1507 1523 ·

134 1585 230 1668 gradu
254 1583 308 1650 58¹
330 1583 452 1671 .12²l,“,
477 1611 598 1653 oausam
625 1593 759 1657 habeant
786 1596 941 1658 motricem
973 1593 1160 1674 aequabilem
1183 1592 1213 1652 in
1237 1611 1270 1652 se
1293 1589 1374 1668 ipsa,
1405 1597 1481 1668 puta

133 1673 349 1738 revolutionem
373 1678 542 1750 diuturnam
566 1683 699 1762 corporis
719 1667 861 1758 Telluris,
887 1705 962 1766 quae
985 1703 1039 1763 per
1062 1681 1203 1744 emissam
1225 1677 1356 1759 speciem
1377 1695 1492 1739 aecum.
1565 1763 1569 1772 Ι

133 1771 218 1842 rotat
233 1763 324 1826 stiam
337 1765 471 1843 Lunam;
495 1780 528 1831 at
543 1771 639 1834 minor
661 1792 742 1853 pars,
765 1783 840 1854 puta
858 1775 890 1836 iu
910 1793 987 1836 anno
1011 1774 1129 1852 quidem
1153 1769 1303 1851 appendix
1320 1763 1400 1830 132⁰
1414 1759 1478 1839 452
1503 1790 1508 1800 ·

122 1852 164 1944 'in
187 1871 246 1914 uuo
276 1871 347 1914 vero
381 1858 474 1934 gradu
504 1861 624 1923 residua
658 1862 692 1924 l‘·
709 1859 819 1944 47¹1st
851 1881 972 1925 cansam
1001 1862 1134 1924 habeant
1166 1859 1318 1922 matricem
1340 1875 1382 1917 se
1411 1854 1495 1934 ipsa·

133 1940 369 2020 inaequabilem,
399 1964 487 2025 quam
518 1949 612 2010 statui
636 1969 702 2012 esse
727 1960 923 2032 apparentem
945 1953 1005 2032 ipsi
1026 1953 1130 2013 Lunae
1154 1947 1344 2010 latitudinem
1375 1944 1480 2006 circuli

134 2028 362 2094 illuminationis
386 2034 524 2100 Telluris.
563 2039 631 2100 Non
656 2041 775 2120 disputo
795 2042 870 2120 jam,
895 2061 933 2102 an
953 2039 1149 2120 apparentiae
1171 2037 1290 2118 opticae
1313 2035 1356 2099 sit
1378 2033 1481 2112 aliqua

134 2119 181 2179 vis
205 2119 330 2202 physica
361 2125 519 2202 movendi;
551 2128 661 2190 sufficit
684 2131 772 2206 mihi,
807 2131 832 2192 si
857 2132 898 2192 sit
921 2131 1020 2210 aliqua
1043 2147 1136 2191 cansa
1164 2145 1296 2200 movens,
1321 2143 1398 2204 quae
1421 2123 1478 2189 hac

135 2209 330 2287 apparentiae
360 2212 507 2276 varietate
540 2224 641 2279 utatm
670 2237 725 2298 pro
754 2219 821 2298 lege
851 2229 884 2281 et
909 2221 1012 2299 regula
1042 2239 1094 2280 seu
1123 2235 1264 2279 mensura
1292 2222 1390 2276 motos
1421 2211 1477 2274 sui.

135 2291 252 2366 Quodsi
276 2297 366 2376 igitur
388 2301 463 2364 haee
485 2305 606 2368 residua
631 2306 661 2369 1¹
675 2303 784 2388 47¹)st
808 2310 843 2370 de
864 2309 1002 2370 omnibns
1019 2303 1080 2371 90⁹
1101 2305 1276 2386 quadrantis
1300 2302 1479 2381 colligantur

1 2369 2 2378 ἵ
98 2387 107 2403 “
135 2385 167 2446 in
197 2403 284 2446 urnam
315 2407 473 2464 sommam,
504 2395 611 2456 deinde
640 2415 757 2458 summa
788 2396 848 2459 ista
876 2416 993 2460 rursum
1022 2398 1053 2460 in
1083 2396 1154 2459 illos
1184 2387 1245 2458 90⁰
1271 2391 1477 2464 distribuatur,

1 2529 2 2540 ,
135 2473 281 2538 admenta
303 2477 421 2540 scilicet
443 2483 480 2542 ad
505 2485 587 2546 sinus
618 2483 781 2548 distantiae
805 2487 910 2548 Lunae
933 2507 953 2548 a
975 2483 1046 2548 Sole
1068 2485 1118 2548 vel
1140 2484 1179 2545 ab
1203 2487 1229 2556 00
1253 2481 1351 2554 Solis,
1374 2479 1479 2560 potavi

8 2573 17 2594 ⁴
65 2583 67 2586 ⁴
135 2563 213 2624 hauc
237 2581 304 2626 esse
334 2565 443 2630 bo'nam
472 2571 711 2636 distributionem
738 2577 903 2658 physicam.
949 2575 1002 2639 Sic
1025 2575 1105 2638 enim
1129 2581 1332 2654 provenerunt
1354 2569 1425 2631 mihi
1447 2569 1510 2630 in·

1 2671 2 2692 u
136 2651 252 2732 copulis
275 2654 393 2734 quidem
416 2677 470 2738 pro
494 2681 551 2724 uuo
575 2664 669 2742 gradu
689 2661 742 2728 61‘
762 2664 810 2738 1⁴¹,
833 2667 861 2727 in
887 2665 1008 2744 quadris
1030 2683 1102 2728 vero
1119 2683 1175 2742 pro
1196 2682 1264 2742 uno,
1277 2659 1372 2740 gradu
1396 2659 1480 2720 iectu

135 2748 208 2803 suut
232 2739 285 2806 581
312 2739 428 2826 13²l,“,
452 2749 521 2830 quia
544 2752 711 2833 inrmpults
738 2754 854 2818 sinuum
885 2753 1068 2817 incrementa
1099 2754 1166 2833 plns
1198 2749 1400 2814 restituebant
1429 2747 1480 2811 nni

137 2830 254 2909 gradui,
279 2840 368 2911 qnam
386 2837 467 2915 prius
487 2840 512 2899 ei
533 2851 599 2903 erat
622 2844 806 2917 detractum3
830 2845 859 2906 in
882 2844 1004 2925 quadris
1026 2862 1099 2905 vero
1123 2842 1205 2904 siuns
1226 2842 1290 2921 jam
1308 2839 1390 2919 pleni
1404 2856 1480 2918 pene

137 2919 232 2981 nihilo
255 2924 383 3006 amplius
407 2927 603 3015 adgebantur,
628 2922 702 2994 nihil
726 2932 816 3010 igitur
831 2934 966 3015 perfecta
989 2931 1184 2994 diminutione
1207 2928 1378 2992 restituunt.

225 3008 310 3073 Haec
333 3013 442 3075 calculi
465 3018 542 3078 ratio
567 3018 724 3081 differebat
747 3022 952 3103 aTyohouica
974 3022 1115 3083 informa
1136 3019 1304 3101 plurimum,
1328 3018 1360 3080 in
1382 3036 1479 3098 quan·

135 3095 226 3159 nitate
249 3101 392 3164 nonnihil.
438 3104 573 3168 Effectus
603 3108 708 3171 calculi
740 3108 823 3171 varie
852 3111 1039 3192 Tychouicas
1068 3109 1251 3171 variationes
1282 3125 1358 3167 nunc
1390 3114 1480 3167 ante-
1572 3145 1581 3165 ι

136 3186 240 3263 cessit
265 3208 341 3280 unqe
365 3201 486 3254 secutus
505 3195 570 3272 luit,
594 3198 729 3277 nuspiam
753 3208 854 3260 tamen
877 3199 959 3261 ultra
972 3197 1004 3263 9‘
1029 3200 1111 3261 lacta
1134 3197 1191 3259 init
1214 3196 1384 3257 diversitas.
1412 3195 1479 3273 ugo

135 3292 208 3335 vero
239 3276 313 3337 meis
345 3280 562 3345 variationibus
593 3288 684 3367 malui
717 3289 857 3363 credere,
890 3299 926 3350 nt
952 3307 1027 3367 quae
1051 3307 1088 3349 ex
1111 3286 1225 3349 sinibus
1257 3285 1324 3364 lege
1354 3284 1481 3367 physica

136 3364 305 3439 orirentur,
339 3370 423 3445 cujus
447 3372 522 3451 legis
555 3378 691 3456 exempla
715 3378 774 3437 alia
798 3387 868 3439 sunt
890 3377 967 3439 satis
995 3377 1164 3451 evidentia;
1197 3375 1383 3456 Tychonicas
1406 3392 1478 3435 vero

136 3452 322 3515 variationes
346 3464 488 3539 tauquam
510 3482 569 3525 non
592 3464 732 3545 physicas
760 3468 942 3528 deserendas
966 3466 1150 3540 existimavi,
1174 3466 1282 3546 quippe
1306 3480 1381 3543 quae
1404 3483 1478 3525 nas-

135 3548 243 3603 euntur
267 3563 304 3605 ex
322 3545 486 3611 libratione
514 3552 543 3612 in
568 3553 713 3617 diametro
744 3556 871 3631 circelli,
903 3565 1003 3618 motus
1034 3555 1162 3637 duplicis
1194 3554 1232 3616 ad
1261 3552 1480 3635 elongationem

133 3631 241 3696 Lunae
271 3651 290 3692 a
320 3632 411 3697 Sole:
448 3658 512 3701 cum
544 3642 625 3703 nulla
655 3640 815 3725 appareret
844 3664 937 3707 causa
970 3645 1095 3726 physica
1132 3644 1220 3722 bajus
1256 3641 1480 3721 duplicationis.

134 3718 221 3781 Haec
246 3718 337 3801 igitur
359 3724 505 3791 haetenus
528 3730 568 3792 lui
588 3742 720 3805 secutus,
742 3753 834 3815 usquc
854 3736 895 3797 ad
908 3734 1024 3797 initium
1047 3733 1134 3813 hujus
1156 3732 1227 3795 anni
1243 3728 1337 3805 1620,
1361 3730 1481 3811 quando

136 3806 317 3890 hypothesin
348 3813 452 3878 Lunae
483 3820 570 3881 modo
602 3822 768 3899 praemisso
798 3825 979 3890 reformare,
1010 3822 1267 3885 ecceutricitatem
1298 3828 1482 3882 menstruam

26 3971 33 3986 Ι
135 3898 244 3959 tollere
267 3898 354 3980 inque
377 3922 491 3968 merum
514 3910 563 3981 (ut
585 3930 622 3971 ex
645 3912 767 3974 usitatis
789 3913 1005 3993 hypothesibus
1029 3912 1148 3993 loquar)
1176 3918 1354 3993 aequantem
1377 3918 1480 3973 trans·

137 3987 267 4049 formare
290 3999 412 4054 coactus
437 3994 489 4058 fui.
868 4014 869 4019 ’

227 4074 369 4157 Sequitur
392 4094 468 4145 nnnc
495 4085 583 4166 hujus
607 4068 687 4149 circa
715 4087 913 4165 variationem
944 4088 1199 4154 considerationis
1216 4096 1249 4151 et
1270 4087 1480 4152 calculationis

138 4164 317 4231 emendatio.
366 4168 441 4243 Cum
468 4172 546 4236 enim
580 4175 709 4237 viderem
742 4177 857 4239 ratione
890 4176 1058 4255 explicatae
1088 4178 1225 4259 superius
1256 4176 1481 4260 inaequalitatis

137 4262 310 4317 menstruae
343 4276 395 4319 seu
426 4280 632 4342 apomraoaou
653 4264 864 4328 'Ptolemaicae
897 4266 1013 4328 Lunam
1044 4268 1107 4329 lieri
1138 4267 1227 4347 dnplo
1257 4270 1419 4331 tardiorem
1449 4270 1480 4331 in

138 4352 331 4425 apogaennet
354 4350 476 4427 copulis„
502 4371 590 4431 qnam
612 4354 641 4415 in
665 4356 807 4435 perigaeo
824 4362 855 4419 et
870 4356 1012 4436 quadris:
1037 4356 1275 4421 constituendum
1298 4358 1370 4421 mihi
1392 4358 1477 4421 vide-

119 4433 238 4509 ·batur,
263 4434 311 4496 ubi
335 4434 454 4531 duplum
478 4452 582 4521 posset
605 4444 735 4507 existere
759 4444 832 4507 lncri
856 4445 905 4506 vel
919 4445 1031 4520 damni,
1055 4445 1166 4507 ibidem
1189 4454 1221 4507 et
1243 4449 1363 4527 duplum
1387 4467 1478 4527 opor-

139 4528 204 4584 tere
228 4540 294 4583 esse
327 4528 438 4590 sortia:
468 4530 568 4610 itaque
599 4533 794 4595 variationem
817 4533 969 4615 'lychrmis
1000 4543 1031 4596 et
1052 4554 1227 4611 apamenos
1252 4535 1417 4598 Ptolemaei
1440 4539 1478 4601 ab

138 4631 200 4675 uua
222 4620 254 4675 et
276 4612 382 4678 eadem
404 4633 585 4683 caussasse
609 4621 829 4696 deducendam,
861 4631 894 4684 et
915 4622 1036 4685 tandem
1064 4641 1132 4683 esse
1162 4625 1353 4689 statuendam
1376 4628 1477 4687 varia-

140 4700 232 4765 tionis
257 4705 503 4769 accelerationem
527 4708 557 4770 in
580 4710 705 4788 copulis,
728 4721 762 4773 ut
785 4712 924 4775 damnum
948 4732 985 4773 ex
1008 4713 1232 4779 ecceutricitate
1254 4715 1284 4775 in
1304 4712 1416 4793 copulis
1440 4716 1479 4775 ad

140 4792 264 4873 duplum
287 4792 386 4857 damni
408 4796 524 4873 usitati,
549 4798 579 4861 iu
598 4799 718 4879 quadris
742 4819 876 4881 apogaeo
899 4810 1051 4877 versante,
1074 4812 1181 4881 posset
1202 4820 1385 4866 excrescere.
1422 4804 1478 4865 Hic

141 4898 208 4943 curn
241 4898 308 4941 mea
338 4884 366 4945 in
397 4886 510 4967 copulis
550 4887 728 4951 acceleratio
761 4910 820 4953 non
849 4891 1047 4971 responderet
1082 4892 1286 4971 magnitudine
1322 4894 1479 4972 apparenti
1546 4972 1550 4981 Ι

140 4970 318 5040 necessitati
340 4974 499 5061 physicae,
532 4976 615 5061 coepi
638 4978 790 5061 cogitare,
818 4998 875 5064 quo
898 4987 987 5059 pacto
1011 5000 1049 5046 ea
1070 4989 1176 5069 posset
1196 4980 1311 5063 aurai.
1356 4982 1480 5052 Summa
