3517 5525
293 355 358 425 ⁷40
608 434 612 444 .
783 360 896 426 Eplrtela
910 362 944 415 ds
960 357 1148 445 turmasque
1240 298 1243 302 ι

292 535 439 600 diameter
461 535 502 598 sit
525 533 578 601 300
602 533 678 606 3200,
708 544 851 620 qnantum
879 539 943 601 fere
958 560 1011 602 =ex
1034 539 1152 622 Optiois
1174 539 1250 602 meis
1279 537 1434 612 assumat).
1474 537 1518 612 Ut
1541 535 1645 616 igitur

292 621 335 690 92
358 626 395 687 ad
420 619 522 705 42¹1„
546 625 589 687 sic
614 621 666 688 300
691 624 756 690 3700
780 627 819 687 ad
845 623 897 690 140
921 625 963 693 900
986 629 1154 692 deficientia
1176 627 1259 690 Solis
1281 627 1411 698 minuta,
1434 645 1506 705 quae
1526 626 1644 687 ablata

292 737 312 777 a
335 733 450 776 summa
472 714 762 778 semidiametromm
785 714 955 797 relinquunt
976 717 1152 782 demutant
1174 724 1342 780 centrornm
1368 713 1422 777 170
1444 709 1514 778 3300.

379 801 450 866 Fuit
472 811 542 865 tunc
571 803 726 868 inclinatio
749 800 818 879 69⁰,
848 806 952 870 umbra
980 806 1117 888 superins
1145 827 1165 867 a
1193 805 1291 868 medio
1320 812 1477 876 versante,
1509 801 1640 864 interius

293 893 384 974 igitur
405 892 436 956 in
465 893 547 955 coelo
576 899 608 955 et
637 893 764 974 angulus
797 891 886 968 1110,
918 896 994 958 nude
1027 896 1146 958 ablatus
1178 895 1304 974 angulus
1331 887 1397 956 85·
1416 888 1468 956 400
1495 891 1646 970 relinquit

292 977 353 1046 250
379 976 429 1043 140
435 999 445 1055 ;
469 1000 559 1061 qnare
582 983 780 1063 parallactica
802 1001 934 1047 meomm
956 986 1131 1066 Opticornm
1153 985 1275 1055 exhibet
1299 979 1350 1044 150
1372 979 1441 1044 5700
1460 979 1643 1042 distamm

292 1071 395 1133 Lunae
419 1091 438 1132 a
460 1070 531 1134 Sole
557 1071 586 1132 in
610 1071 759 1152 ecliptica,
784 1080 816 1134 et
839 1071 870 1135 7⁴
894 1072 959 1138 3100
981 1075 1172 1137 latitudinem
1193 1072 1353 1134 visibilem.

380 1159 498 1222 Lnuula
520 1178 588 1221 mea
610 1160 724 1223 habens
747 1161 913 1242 particulas
936 1159 995 1240 74,
1019 1183 1094 1245 quae
1118 1162 1231 1226 additis
1255 1153 1335 1240 17¹1.
1359 1157 1516 1221 foraminis
1543 1158 1636 1219 facie·

292 1250 367 1312 bant
389 1267 534 1310 summam
558 1243 640 1331 91οΙ,
668 1258 699 1312 et
728 1250 903 1316 definientes
929 1252 1107 1316 diametmm
1131 1253 1250 1315 lunulae
1274 1247 1328 1312 300
1347 1245 1421 1322 2000,
1446 1248 1523 1309 haec
1547 1246 1640 1326 igitur

293 1338 351 1401 fuit
373 1337 467 1400 multo
489 1338 587 1401 minor
611 1339 702 1420 justo.
748 1340 852 1405 Lunae
881 1359 952 1423 ergo
979 1343 1126 1404 diameter
1152 1341 1248 1404 multo
1278 1338 1336 1401 init
1360 1337 1461 1418 major
1483 1332 1540 1399 300
1565 1333 1642 1404 2000,

293 1427 389 1506 major
411 1427 502 1506 igitur
523 1426 633 1492 Solari.
678 1428 809 1510 Eolipsis
832 1429 923 1511 igitar
947 1431 1065 1494 omuino
1087 1429 1198 1494 alicubi
1219 1428 1336 1492 totalis.
1370 1423 1439 1497 Quo
1463 1443 1534 1486 vero
1558 1434 1642 1486 tem-

292 1534 364 1596 pore
388 1515 565 1578 diametrum
587 1517 663 1580 hanc
686 1518 788 1580 Lunae
812 1527 918 1582 exacte
943 1540 1099 1584 mensurus
1131 1538 1213 1582 eram
1240 1518 1322 1581 circa
1349 1515 1483 1578 medinm
1503 1514 1641 1594 eclipsis,
1754 1504 1755 1587 1

294 1604 473 1668 densissima
500 1605 593 1668 nubes
626 1606 737 1668 diutius
769 1607 889 1688 integra
916 1611 992 1672 hora
1013 1609 1094 1673 Solis
1123 1616 1318 1688 conspectum
1345 1605 1402 1667 soli
1429 1603 1499 1666 urbi
1518 1603 1643 1682 Progne
1754 1622 1755 1635 ¹

294 1693 418 1773 eripuit,
450 1693 565 1774 campis
592 1695 784 1758 circumcirca
811 1699 1044 1761 clarescentibus
1068 1699 1134 1761 lnce
1158 1697 1247 1761 Solis.
1294 1697 1400 1775 Itaque
1422 1693 1482 1755 hac
1503 1706 1524 1753 a
1542 1692 1643 1754 multo
1754 1704 1755 1727 ¹

295 1792 429 1863 tempore
454 1792 631 1865 exspectata
653 1785 810 1848 occasione
834 1787 893 1848 frui
914 1807 973 1851 non
996 1789 1090 1868 potui.
1754 1794 1756 1857 ¹.

381 1873 465 1934 Hora
489 1870 518 1936 3.
546 1870 689 1948 1303000,
714 1895 790 1956 qnae
813 1876 843 1936 in
866 1877 925 1938 hac
947 1878 1104 1939 altitudine
1127 1876 1191 1958 poli
1213 1871 1274 1939 500
1288 1871 1319 1937 50
1343 1871 1475 1934 ostendit
1497 1871 1640 1950 angulum

293 1961 372 2022 inter
395 1961 564 2042 eclipticam
587 1971 619 2024 et
635 1963 810 2026 verticalem
826 1984 931 2028 versus
950 1967 1095 2028 orientem
1108 1963 1147 2028 81
1158 1960 1170 1995 ⁰
1183 1962 1248 2039 500,
1270 1965 1327 2024 hoc
1344 1964 1463 2042 inquam
1486 1969 1639 2022 momento

293 2069 409 2112 rursum
429 2049 560 2114 nonnihil
578 2052 800 2116 dehiscentibus
819 2055 945 2118 nubibns
965 2054 1052 2134 digiti
1070 2054 1280 2135 superfuerunt
1302 2048 1323 2113 3
1344 2051 1376 2112 in
1398 2069 1463 2112 meo
1488 2049 1637 2111 fimbriato
1755 2082 1756 2120 ;

293 2139 393 2214 radio,
417 2146 471 2203 aut
492 2158 527 2202 eo
549 2141 646 2204 minus
670 2140 799 2222 aliquid,
827 2143 944 2206 scilicet
965 2145 1063 2207 minus
1086 2163 1175 2223 qnam
1196 2141 1362 2224 particulae
1385 2136 1442 2214 27,
1466 2157 1544 2220 qnae
1568 2147 1643 2200 sunt

294 2225 326 2292 90
342 2224 393 2301 600,
417 2237 448 2290 et
470 2229 544 2294 haec
567 2249 720 2293 asumma
740 2231 1027 2296 semidiametromm
1046 2230 1099 2296 31¹
1113 2229 1179 2296 4700
1203 2233 1308 2297 ablata
1328 2229 1501 2308 relinquunt
1518 2227 1644 2288 distan-
1755 2270 1756 2275 η

296 2317 370 2379 tiam
387 2325 557 2382 centrornm
570 2316 624 2381 220
639 2315 705 2382 4100
723 2322 837 2402 utplus
860 2307 962 2399 etiam,
986 2321 1130 2403 siquidem
1148 2319 1245 2384 minus
1264 2338 1352 2400 qnam
1374 2314 1395 2380 3
1418 2315 1507 2396 digiti
1530 2335 1643 2396 snper·

294 2408 384 2470 foere.
430 2404 591 2470 Inclinatio
620 2408 676 2471 fuit
697 2406 758 2472 350
787 2431 806 2472 a
834 2428 943 2491 snpra,
976 2430 1048 2492 ergo
1075 2410 1106 2472 in
1134 2410 1219 2473 coelo
1242 2406 1315 2484 950,
1345 2413 1377 2469 et
1398 2406 1486 2468 Luna
1515 2405 1642 2467 interior

294 2493 382 2572 Sole3
407 2497 491 2557 anter
514 2489 575 2560 310
595 2492 658 2572 500,
681 2507 817 2560 remanet
839 2499 966 2580 angulos
993 2494 1051 2563 130
1074 2497 1125 2562 100
1149 2508 1181 2561 et
1202 2498 1308 2577 compl.
1333 2491 1395 2560 560
1413 2491 1465 2556 500
1491 2499 1639 2566 (711050),

294 2584 399 2663 quibus
422 2583 572 2647 indicatur
601 2586 729 2648 latitudo
757 2587 825 2667 plns
854 2606 943 2668 qnam
966 2586 998 2653 50
1025 2587 1087 2652 1000
1110 2597 1203 2651 ansts
1228 2594 1260 2648 et
1283 2583 1432 2668 superatio
1455 2583 1567 2646 Lunae
1588 2601 1642 2644 sen
1756 2606 1757 2609 ¹

295 2672 442 2736 distantia
464 2673 603 2755 ecliptica
626 2695 645 2735 a
668 2673 738 2736 Sole
761 2676 829 2755 plns
852 2697 941 2758 qnam
964 2675 1018 2741 220
1041 2675 1095 2741 500.

381 2764 467 2825 Hora
489 2758 519 2827 3.
548 2757 602 2827 300
629 2764 781 2843 dispulsae
811 2776 884 2829 sunt
910 2769 1023 2843 nubes,
1053 2775 1086 2830 et
1115 2774 1303 2847 spectatores
1333 2762 1447 2827 nullum
1476 2770 1646 2842 potuerunt

295 2851 423 2932 amplius
447 2870 610 2931 agnoscere
635 2854 792 2918 detectum.
835 2859 880 2918 At
902 2857 964 2919 illis
985 2876 1045 2920 non
1067 2864 1171 2935 potest
1192 2864 1275 2917 certo
1298 2853 1388 2925 credi,
1412 2852 1481 2934 qnia
1503 2852 1586 2913 oculi
1609 2860 1645 2911 ut

295 2952 326 3003 et
348 2941 433 3005 initio
457 2942 609 3005 minimum
631 2943 661 3005 in
677 2943 749 3007 Sole
768 2944 992 3009 deiectumnon
1014 2953 1198 3027 agnoscunt:
1222 2962 1270 3007 me
1292 2961 1363 3005 vero
1385 2943 1416 3004 in
1439 2943 1644 3003 instrumento

294 3032 564 3113 contemplatarum
587 3050 768 3111 praevenere
791 3034 886 3097 nubes
908 3036 1010 3099 subito
1032 3042 1175 3097 coeuntes
1198 3034 1316 3095 iterum.

380 3120 465 3183 Hora
488 3117 519 3183 3.
543 3116 596 3185 340
620 3140 736 3185 rursum
758 3140 850 3203 purus
873 3123 956 3187 Solis
977 3124 1095 3199 radius,
1118 3142 1176 3205 quo
1199 3128 1351 3186 momento
1373 3128 1456 3183 certo
1474 3120 1544 3199 jam
1567 3136 1644 3179 eva·

295 3216 403 3273 onerat
425 3211 560 3273 delectus
584 3210 614 3272 in
637 3210 753 3275 tabella
773 3230 850 3275 mea.

351 3366 558 3453 mucram,
582 3391 627 3437 cn
649 3379 713 3435 tres
734 3370 793 3436 ios
815 3372 1044 3437 obseruationes
1064 3394 1169 3439 secam
1188 3374 1280 3456 ipsos
1300 3378 1331 3435 et
1351 3389 1423 3437 cam
1443 3370 1579 3433 omma

863 3465 1065 3529 comeum.
1215 3498 1219 3505 ·

379 3580 448 3644 Non
472 3582 548 3644 satis
569 3584 674 3647 muniti
692 3604 794 3648 snmus
810 3586 978 3669 frequentia
992 3587 1138 3667 phasinm,
1162 3593 1198 3649 ut
1220 3582 1425 3664 suffragiorum
1448 3580 1645 3643 multitudine

293 3668 342 3751 agi
364 3668 471 3750 possit.
503 3670 605 3751 Atque
630 3674 704 3735 haec
728 3676 795 3754 ipsa
818 3678 877 3738 tria
898 3687 1050 3740 momenta
1070 3695 1125 3757 per
1142 3676 1263 3738 nubium
1286 3669 1545 3753 importunitatem
1568 3687 1645 3750 pro-

290 3759 483 3841 peratissima
512 3769 600 3836 snut,
634 3781 689 3824 nec
718 3764 795 3826 satis
824 3766 894 3829 fida.
940 3768 1045 3845 Itaque
1068 3766 1126 3827 nisi
1148 3765 1229 3827 nltra
1256 3769 1461 3826 consentanea
1481 3768 1517 3821 et
1538 3776 1643 3820 secum

291 3850 360 3927 ipsa
382 3848 603 3912 consentientia
625 3852 745 3928 luerint,
771 3854 986 3937 compositione
1008 3855 1096 3917 nobis
1118 3862 1149 3917 ot
1171 3854 1299 3937 quadam
1322 3850 1407 3932 quasi
1431 3848 1644 3911 mmsactione

291 3937 432 4001 utendum
456 3938 523 4000 erit.

445 4029 537 4083 Prima
555 4029 651 4100 phasis
671 4031 699 4085 h.
723 4025 748 4087 1.
790 4028 819 4088 60
859 4026 909 4099 000,
930 4050 990 4089 cum
1011 4026 1038 4096 )
1062 4027 1277 4090 3001003313
1297 4030 1398 4087 Solem.

406 4109 533 4165 &cunda
595 4150 609 4175 „
674 4105 880 4175 „1.40.30
956 4153 969 4179 ,,
1015 4108 1171 4178 ,1557
1232 4152 1247 4177 ..
1331 4152 1346 4175 a

690 4186 768 4195 ...κ-..-
787 4188 861 4197 --—-—-
879 4190 1150 4199 ———-—-—-—-—
1178 4192 1185 4197 .

564 4208 745 4264 intervallum
767 4206 813 4266 31.
838 4207 876 4267 30
995 4213 1037 4267 cni
1060 4208 1106 4267 11.
1129 4208 1166 4267 ta
1187 4219 1277 4266 motus
1298 4222 1437 4281 apparens
1458 4206 1600 4277 competit

440 4288 505 4343 Jam
524 4290 645 4346 secunda
664 4290 691 4346 h.
716 4285 741 4345 1.
764 4288 812 4346 10.
836 4286 875 4345 30
925 4308 986 4347 cnm
1006 4284 1033 4354 )
1058 4282 1105 4348 15ζ
1127 4288 1166 4349 57
1186 4298 1252 4347 ante
1271 4292 1372 4347 Solem.

432 4368 527 4423 Tertia
546 4369 642 4439 phasis
670 4408 683 4435 ,,
716 4366 742 4425 3.
766 4363 813 4427 13.
836 4367 874 4425 30
950 4414 964 4436 ,,
1009 4412 1024 4436 ,
1057 4368 1105 4428 22.
1148 4366 1306 4443 5·l·post
1328 4414 1341 4436 ..

395 4443 542 4453 --—-——.-
571 4446 722 4455 ...ψ-

391 4464 489 4535 Itaque
503 4464 648 4521 intervallo
665 4506 678 4531 ,,
711 4460 737 4521 1.
760 4463 797 4521 33
945 4478 1034 4524 motus
1055 4466 1104 4525 33.
1147 4463 1221 4534 2-1·
1239 4472 1396 4541 respondet.

375 4543 420 4604 At
442 4544 469 4605 si
491 4542 603 4605 mansit
625 4546 702 4607 idem
726 4552 824 4609 motus
848 4564 997 4627 apparens
1019 4549 1137 4611 tantulo
1164 4549 1340 4624 intervallo,
1372 4548 1507 4629 oportuit
1528 4558 1640 4628 poste·

288 4628 397 4691 riorem
419 4639 533 4694 motum
557 4633 595 4693 ad
617 4652 751 4697 normam
783 4634 892 4716 prioris
921 4656 989 4699 esse
1013 4633 1163 4702 3901000.
1209 4638 1267 4701 Hic
1289 4640 1391 4720 itaque
1414 4638 1513 4719 quoad
1536 4637 1642 4719 longi-

289 4718 423 4781 tudinem
445 4738 503 4783 non
527 4730 643 4783 stamus
666 4724 754 4801 male,
777 4742 847 4787 nam
869 4724 1040 4788 observatio
1064 4727 1117 4789 dat
1138 4729 1207 4808 plns
1229 4746 1318 4808 qnam
1340 4724 1395 4791 380
1415 4726 1468 4791 200.
1502 4728 1547 4791 Ut
1565 4746 1642 4791 vero

289 4814 320 4867 et
345 4809 481 4871 horarius
495 4808 646 4892 Tychoois
669 4828 735 4874 cnm
759 4812 806 4876 hi's
830 4812 1000 4878 observatis
1022 4826 1221 4897 comparetur,
1245 4826 1277 4879 et
1297 4816 1378 4880 idem
1398 4817 1562 4897 periculum
1585 4818 1644 4879 liat

290 4902 321 4955 ot
345 4896 374 4959 in
400 4898 577 4973 latitudine,
601 4902 778 4967 tractandae
802 4911 872 4967 snnt
893 4905 1065 4983 parallsxes
1087 4906 1127 4968 ad
1149 4908 1224 4970 haec
1246 4906 1306 4970 tria
1328 4915 1488 4971 momenta
1536 4909 1641 4970 Assu-
