3517 5525
262 341 309 411 58
610 374 613 381 ·
666 339 792 401 *torrae
806 325 910 407 Kepleri
926 338 1077 409 anrnqtt
1086 345 1197 403 tantm

265 522 344 605 qnod
366 522 398 585 in
422 520 582 591 anomalia¹
596 519 728 585 eccentri
746 519 835 583 ἨΒΕ
865 519 969 583 debuit
990 520 1046 583 DB
1068 538 1136 599 ease
1162 514 1305 594 torono,
1328 518 1361 583 ei
1378 520 1530 600 perfectu
1551 517 1615 601 cir-
1749 558 1753 567 .

267 612 353 675 culus
377 610 495 687 inisset,
514 610 583 691 jam
603 608 664 673 DA
686 617 734 671 est
760 606 898 683 100000.
944 604 1042 674 Datur
1065 607 1156 689 igitur
1177 607 1257 682 DA„
1271 608 1328 671 AB
1351 616 1382 671 et
1399 608 1496 683 ΒΚΑ,
1520 605 1628 687 quae--

269 701 345 765 nitur
367 718 439 781 pars
462 696 650 781 aequationis
670 698 772 779 optica
784 699 883 771 BDA,
906 706 940 761 et
953 697 997 762 ere
1015 698 1145 761 habetur
1164 698 1315 760 anomalia
1337 706 1504 779 coaequata
1516 696 1617 770 ΒΑΕ,

265 792 451 871 respondens
474 788 642 853 anomaliae
666 787 796 851 eccentri
810 784 880 863 tt,
905 806 950 849 ec.
972 786 1073 851 DBE:
1106 794 1206 851 reatat
1231 782 1409 867 inquirdrda
1430 784 1515 849 1)οΕ
1538 804 1616 847 aaa

172 902 176 911 ·
265 879 357 943 malia
392 879 501 943 media
549 876 624 943 Cum
657 885 757 941 autem
787 876 937 940 anomalia
968 876 1068 939 media
1098 877 1249 950 metiatur,
1272 884 1392 957 tempus
1418 892 1473 937 eeu
1504 894 1617 947 moras,

267 989 342 1049 quas
365 969 489 1051 planeta
510 968 540 1030 iu
565 986 636 1031 arcu
659 966 790 1029 eccentri
812 966 868 1029 DE
892 966 1029 1041 coniicit,
1061 973 1093 1027 et
1115 966 1178 1030 sint
1199 983 1300 1029 morte
1324 973 1359 1029 ut
1380 964 1562 1038 distantiae,
1585 964 1618 1025 iu
1747 974 1751 980 '

265 1059 355 1139 plano
378 1076 450 1121 vero
464 1056 551 1121 ΒΑΕ
569 1055 664 1119 insint
683 1074 785 1119 omnes
800 1054 1085 1135 distantiaez(quod
1099 1053 1291 1135 peculiariter
1312 1054 1343 1116 in
1361 1054 1438 1117 meis
1452 1051 1617 1117 Commen-

265 1148 352 1209 tariis
376 1147 622 1220 demonstratur),
646 1144 822 1226 inquirenda
837 1152 886 1206 est
903 1145 995 1224 igitur
1012 1144 1156 1224 planities
1169 1143 1267 1205 ΒΑΕ.
1303 1142 1354 1205 Ea
1368 1143 1458 1206 facile
1477 1142 1616 1205 hahetur.

266 1236 371 1300 Posito
395 1236 484 1311 euim,
508 1235 707 1297 eccentricum
727 1252 794 1297 ease
809 1234 977 1313 perfectum
998 1234 1150 1305 circuduce,
1173 1232 1263 1295 datur
1281 1232 1496 1307 aectorDBE3
1519 1236 1620 1293 restat

265 1326 410 1405 planities
431 1324 518 1389 DAB
542 1323 687 1403 trianguli
710 1322 888 1403 aequatorii.
933 1323 1031 1386 Datur
1053 1341 1126 1385 vero
1149 1322 1214 1404 ejus
1236 1320 1320 1385 basia
1341 1322 1401 1387 ΒΑ
1423 1330 1456 1383 et
1476 1319 1619 1392 altitudo,

266 1434 371 1501 nempe
394 1414 477 1477 einus
500 1413 601 1493 anguli
625 1413 718 1487 ΗΒΕ,
742 1430 809 1473 cum
831 1430 904 1491 ergo
932 1403 1094 1492 aequealta
1120 1412 1184 1473 sint
1205 1419 1240 1472 nt
1266 1411 1357 1473 bases
1380 1418 1413 1475 et
1434 1409 1621 1491 sequebania

266 1514 300 1567 ut
323 1504 507 1578 altitudines,
533 1502 653 1564 dabitur
675 1500 829 1583 proportio
847 1501 1046 1582 cujuscunque
1065 1500 1147 1581 plani
1165 1500 1254 1562 DAB
1271 1500 1312 1562 ad
1329 1501 1451 1580 planum
1473 1508 1617 1573 erectum,

182 1666 186 1675 ¹
266 1593 351 1673 cnjus
374 1594 501 1673 angulus
524 1590 612 1655 DBA
634 1600 734 1653 rectus
757 1598 815 1651 est.
862 1588 965 1659 Quare
993 1592 1086 1652 semel
1114 1590 1237 1669 cognito
1260 1589 1362 1655 valore
1390 1588 1473 1668 plani
1495 1587 1620 1652 maximi

265 1683 362 1752 DBA,
386 1682 454 1756 (uhi
476 1681 520 1745 aie
553 1680 637 1743 dico:
671 1679 793 1759 plaunm
824 1679 927 1743 circuli
951 1699 990 1741 ex
1011 1679 1148 1743 Adriano
1175 1678 1314 1741 Romano
1342 1678 1391 1742 rel
1423 1677 1484 1741 alio
1518 1677 1623 1758 aliquo

265 1773 350 1835 valet
373 1766 456 1835 360⁰
478 1770 508 1833 in
540 1770 637 1849 prima
659 1776 692 1829 et
715 1768 851 1832 ‘secunda
881 1769 1036 1833 resoluta:
1071 1768 1143 1849 qnid
1171 1767 1255 1841 valet
1283 1768 1404 1846 planum
1436 1766 1578 1847 trianguli
1588 1766 1621 1840 i)

247 1858 485 1941 'cognoscentn‘r
509 1867 540 1921 et
563 1858 655 1938 plana
676 1857 805 1939 reliqua,
838 1877 914 1937 qnae
937 1859 1102 1921 ostendunt
1127 1857 1256 1921 alteram
1278 1865 1397 1936 partem
1429 1854 1622 1937 aequationis

267 1949 431 2033 physicam,
457 1957 491 2011 ut
513 1946 556 2009 sic
579 1955 646 2009 tota
668 1946 809 2028 planitiei
824 1947 911 2010 ΒΑΕ
933 1947 999 2009 sive
1023 1947 1174 2009 anomalia
1196 1945 1297 2009 media
1318 1953 1372 2008 aut
1391 1944 1457 2025 ejus
1480 1964 1624 2007 mensura

265 2037 451 2102 Ptolemaica
464 2034 549 2099 DOE
573 2037 701 2117 angulus
724 2036 883 2099 habeatur.
920 2038 988 2107 Duo
1002 2037 1050 2099 hic
1068 2035 1206 2117 objicias,
1225 2035 1332 2116 primo,
1352 2035 1452 2115 posito
1475 2034 1620 2097 circulum

266 2148 335 2191 esse
359 2127 541 2208 perfectum,
571 2126 694 2206 planum
729 2124 831 2187 circuli
863 2145 924 2187 non
951 2127 1093 2189 metietur
1115 2126 1165 2185 vel
1188 2125 1422 2204 comprehendet
1452 2123 1617 2187 distantiae

266 2236 306 2281 err
326 2219 366 2291 A,
391 2216 470 2299 quod
493 2232 595 2279 verum
618 2234 685 2276 ease
710 2214 883 2275 demonstro
911 2215 1112 2294 peculiariter.
1157 2212 1277 2276 Deinde
1298 2213 1435 2293 ponitur,
1468 2213 1550 2294 qnod
1571 2220 1622 2275 eat

267 2308 386 2382 falsum,
411 2304 529 2369 s'cilicet
548 2302 675 2367 orbitam
691 2322 758 2365 ease
779 2303 930 2379 circulum,
953 2324 1031 2384 qnae
1053 2301 1212 2365 verissime
1226 2302 1395 2367 estovalie.
1426 2302 1620 2383 Respondeo,

266 2396 371 2461 harum
395 2393 597 2474 obiectionum
621 2394 719 2455 altera
742 2391 870 2454 alteram
892 2392 1021 2472 perimit.
1058 2394 1140 2457 Nam
1161 2390 1318 2471 primoob
1337 2392 1394 2455 hoc
1417 2391 1524 2473 ipsum,
1548 2391 1621 2472 quia

169 2502 171 2512 ’
267 2483 364 2547 oralia
397 2492 446 2546 est
474 2482 575 2546 orbita
606 2482 693 2561 hujna
725 2482 843 2563 quidem
874 2482 1008 2558 formae,
1039 2480 1204 2545 distantiae
1220 2481 1302 2562 ,ejus
1330 2481 1370 2543 ab
1392 2481 1424 2543 A
1446 2481 1477 2543 in
1498 2481 1621 2561 planum
1734 2506 1738 2510 ’

267 2575 410 2637 redactae
433 2580 553 2635 tantum
585 2571 731 2647 efficiunt,
766 2578 909 2651 qnantum
936 2574 1034 2635 lineae
1064 2571 1192 2634 totidem
1215 2590 1254 2633 ex
1274 2581 1379 2635 centro
1402 2566 1432 2634 in
1455 2573 1621 2651 perlectam

268 2660 542 2726 circumferentiam
579 2660 712 2739 ejectae,
756 2660 834 2740 qnod
870 2681 987 2725 rursum
1025 2659 1220 2742 peculiariter
1259 2661 1443 2723 demonstro.
1501 2658 1622 2739 Deinde

269 2753 452 2827 demonstro,
475 2749 600 2832 perinde
624 2769 692 2814 esse
715 2747 780 2812 sive
804 2748 869 2830 quis
892 2752 1010 2815 evalem
1033 2758 1118 2814 secet
1140 2749 1205 2812 eive
1224 2748 1376 2825 circulum,
1401 2769 1520 2830 semper
1541 2748 1622 2812 enim

269 2843 400 2905 eandem
419 2858 486 2904 esse
516 2841 596 2902 iuter
625 2847 729 2919 partes
761 2832 1002 2919 proportionem,
1035 2840 1195 2904 dummodo
1226 2839 1326 2914 orati,
1353 2859 1437 2920 quac⁴
1453 2841 1549 2902 minor
1571 2845 1622 2900 est

271 2931 392 3004 circulo,
417 2948 524 2992 nomen
549 2929 655 2990 demus
676 2928 802 3009 aequale
825 2928 947 3006 circulo,
971 2951 1013 2993 sc.
1038 2925 1130 3014 360⁰.
1598 2956 1602 2960 ⁸

331 3075 334 3082 .
355 3019 484 3100 Saepius
504 3020 570 3099 jam
584 3037 639 3086 usn
655 3019 747 3090 veuit,
771 3025 804 3080 ut
818 3018 1031 3101 triumpharem
1048 3028 1121 3081 ante
1140 3017 1308 3091 victoriam,
1328 3018 1407 3098 qnod
1426 3009 1622 3097 deprehendi,
1735 3037 1740 3042 ’

267 3110 318 3174 ubi
342 3109 381 3172 ad
403 3109 505 3189 plures
524 3107 764 3173 ohservationes
788 3108 867 3172 veni.
913 3112 1001 3174 Nunc
1025 3107 1177 3173 tamensi
1201 3126 1277 3188 qnae
1311 3107 1510 3180 tentaverim,
1543 3124 1622 3187 quac

268 3199 466 3274 excesserint,
490 3217 566 3280 quae
590 3197 765 3273 defecerint,
791 3201 939 3278 quomodo
961 3200 1038 3262 haec
1060 3197 1226 3261 novissima
1255 3195 1333 3260 ratio
1358 3197 1388 3259 in
1411 3195 1623 3259 mediocritate

270 3289 390 3355 illorum
412 3296 558 3360 versetur,
580 3287 752 3368 perpendo,
776 3305 865 3366 spero
884 3289 1011 3369 deniqne
1035 3288 1220 3350 debellatum
1241 3305 1320 3350 ecee.
1357 3286 1426 3349 Non
1448 3293 1499 3347 eat
1521 3293 1624 3347 autem

269 3378 524 3459 praetereundum
547 3385 579 3437 et
599 3377 677 3438 hoc:
702 3376 821 3455 quando
845 3388 965 3440 ventum
990 3376 1109 3441 eritfad
1132 3375 1330 3454 triangulum,
1353 3395 1392 3438 ex
1414 3394 1471 3456 qno
1494 3373 1623 3437 hahetur

269 3466 436 3550 parallanie
460 3465 540 3530 orbis
564 3463 664 3538 annui,
689 3464 739 3526 ubi
764 3461 845 3540 Θὸ
866 3465 1029 3530 lineareri
1051 3473 1152 3528 motus
1172 3463 1255 3527 Solis
1277 3474 1312 3526 et
1332 3464 1478 3528 distantia
1497 3462 1579 3528 Solia
1602 3483 1625 3524 a

346 3585 348 3590 ·
508 3551 612 3626 Terra,
628 3551 801 3629 leinea
816 3554 879 3622 veri
894 3563 993 3617 motun
1008 3554 1117 3616 Martia
1132 3553 1162 3614 in
1176 3553 1345 3616 eccentrico
1357 3573 1412 3618 sen
1425 3552 1623 3632 longitudinis

330 3625 384 3692 ¹²¹ss·
404 3623 445 3675 ¹3·
510 3652 704 3722 coaequatae,
730 3649 762 3702 et
785 3639 824 3718 Q
846 3649 872 3712 d
896 3644 1044 3727 distantia
1064 3642 1176 3705 Martis
1200 3663 1219 3704 a
1242 3640 1325 3719 Sole,
1348 3652 1420 3707 tunc
1446 3641 1624 3722 peccabitur

510 3749 567 3792 uuo
591 3738 624 3792 et
645 3731 742 3792 altero
764 3732 877 3796 minuto
901 3733 930 3794 in
953 3732 1160 3812 parallaxibue
1184 3731 1266 3796 orbis
1289 3733 1339 3795 vel
1356 3733 1467 3812 angulo
1486 3734 1551 3808 δᾶ
1568 3727 1622 3807 Θ,

461 3793 476 3840 ⁸³
509 3829 670 3901 propterea
693 3820 771 3902 quod
794 3820 916 3901 planum
932 3824 956 3898 ὅ
974 3830 1000 3894 d
1017 3820 1057 3899 Q
1070 3821 1242 3910 ‚metuatur
1265 3822 1439 3902 adplenum
1462 3821 1623 3902 eclipticae

510 3914 535 3986 ὃ
551 3909 577 3970 Ε
594 3906 654 3986 Q:
680 3919 857 3990 quaerentes
880 3911 974 3990 igitur
995 3912 1094 3975 locum
1110 3917 1136 3980 d
1159 3910 1331 3990 eclipticum
1345 3920 1380 3974 nt
1397 3911 1428 3974 in
1451 3909 1622 3990 ephemeri·

509 3999 615 4074 dibus,
649 3997 791 4062 debemus
822 4019 877 4080 pro
902 3997 987 4077 Qd
1011 4001 1055 4064 uti
1077 3999 1159 4062 linea
1183 3999 1222 4078 Q
1239 3999 1286 4077 Ε,
1319 4019 1395 4087 quae
1424 3998 1543 4062 brevior
1571 4005 1624 4060 est

510 4106 598 4168 quam
618 4085 657 4164 Q
675 4094 711 4159 d,
735 4107 804 4150 nam
821 4090 889 4160 dE
905 4088 945 4168 Q
971 4101 1082 4161 rectus,
1108 4086 1187 4167 Qd
1210 4109 1329 4166 secane,
1353 4089 1405 4152 ubi
1424 4086 1502 4166 ΘΕ
1524 4096 1622 4151 totus.

509 4175 656 4239 Sciendus
687 4176 778 4258 igitur
809 4180 937 4260 angulus
957 4179 994 4241 Ε
1009 4178 1094 4256 Qd
1126 4179 1329 4243 inclinationis
1359 4179 1419 4242 loci
1447 4177 1622 4242 eccentrici.

506 4265 723 4330 Demonstravi
747 4275 862 4340 antem,
895 4270 1035 4348 angulum
1058 4269 1215 4350 planorum
1247 4267 1448 4332 inclinationis
1471 4268 1622 4331 maximae

510 4375 576 4418 esse
608 4355 834 4431 invariabilem,
866 4357 986 4422 circiter
1020 4353 1057 4422 1⁰
1086 4354 1151 4421 50⁴.
1196 4359 1281 4420 Haec
1312 4356 1405 4438 igitur
1437 4357 1476 4420 de
1506 4358 1620 4420 Marte.

433 4427 457 4478 Θ
510 4443 623 4526 Capita
646 4455 737 4528 erunt·
755 4445 794 4508 ad
817 4442 859 4510 60
883 4448 932 4509 vel
955 4445 1008 4510 70.
1055 4446 1179 4528 Scripta
1208 4455 1280 4510 sunt
1302 4447 1368 4526 jam
1390 4444 1443 4512 52.
1463 4488 1466 4495 »
1489 4447 1623 4528 Reliqua

510 4534 584 4597 nihil
607 4542 659 4596 aut
681 4554 786 4616 parum
808 4535 949 4625 habitura
972 4544 1045 4598 eunt
1067 4535 1320 4618 computationis,
1343 4536 1398 4600 aed
1419 4536 1622 4617 explicatione

511 4633 543 4686 et
572 4623 875 4690 demonstrationibus
908 4625 1099 4707 geometricis
1130 4633 1282 4707 constant.
1336 4623 1433 4706 Spero
1462 4625 1620 4690 universos

272 4711 406 4795 reliquos
428 4717 568 4796 planetas
590 4732 650 4776 non
677 4723 795 4778 tantum
821 4715 1019 4795 requisituros
1039 4715 1168 4784 laboris.
1213 4715 1286 4778 Ideo
1311 4710 1461 4778 Clavem
1486 4715 1622 4778 Astro-

270 4804 418 4867 ncmiae
447 4803 583 4886 appello,
617 4802 655 4865 ob
678 4804 850 4886 inquisitum
882 4805 986 4868 orbem
1020 4824 1149 4869 annuum
1172 4811 1205 4868 et
1229 4805 1365 4868 rationes
1396 4805 1619 4885 aequationem.
1645 4864 1648 4871 ,

272 4891 307 4958 Si
329 4891 456 4959 habcr'es
480 4895 573 4958 otium
596 4899 628 4954 et
651 4893 862 4974 delectareris,
891 4913 1000 4976 posses
1023 4913 1071 4956 rue
1095 4895 1203 4977 juvare
1226 4893 1372 4959 confectis
1396 4895 1454 4970 hac
1475 4893 1620 4983 methodo
