3517 5525
626 373 668 429 ru.
687 373 799 430 osores
816 373 896 426 root.
1247 329 1253 336 ο
1367 376 1432 446 739

91 553 236 635 Equidem
258 561 292 618 et
314 571 401 634 spero
424 560 456 616 et
478 553 611 616 latentur
633 573 745 629 omnes,
769 561 865 616 totum
884 554 941 616 boe
957 560 989 616 et
1004 571 1079 634 quae
1094 563 1304 636 superstruere
1321 556 1431 640 cogito,

91 643 157 706 Deo
179 643 344 718 conditori,
367 642 451 722 cujus
474 642 510 704 de
534 643 629 722 gloria
652 644 767 723 agitur,
791 643 854 705 lore
876 642 1088 723 gratissimum.

179 732 214 796 Si
237 731 303 814 quis
326 733 415 812 paulo
439 731 570 813 iniquior
583 731 713 794 insanire
732 751 779 794 me
803 733 956 806 clamabit,
979 732 1030 813 qni
1049 732 1150 796 orbem
1168 736 1328 798 Terrarum
1345 736 1434 816 longe

91 822 278 898 gravioribus
302 828 477 902 occupatum
499 821 628 900 negotiis
652 842 667 883 e
691 823 766 884 solio
789 822 872 902 regio
902 822 942 883 ad
968 841 1051 884 meos
1074 824 1212 901 pulveres
1236 824 1434 904 geometricos

90 911 263 985 detraham,
289 920 372 972 ratus
396 910 528 986 scilicet,
553 911 591 972 ad
615 911 670 972 hoc
694 911 843 972 conditum
868 930 935 972 esse
958 930 1053 991 genus
1075 911 1250 989 humanum,
1274 913 1332 976 hnc
1354 914 1435 975 reie-

90 1001 203 1062 rendas
218 1000 344 1062 omnium
360 999 569 1079 cogitationes,
596 1009 628 1060 nt
651 1018 723 1079 agro
747 1001 871 1062 colendo
895 1020 927 1060 se
950 1011 1052 1060 mutuo
1075 1003 1237 1082 expellant,
1261 1003 1436 1082 sanguinem

90 1098 224 1151 mutuum
247 1091 389 1163 fundant,
419 1087 496 1150 alter
520 1089 646 1151 alterum
670 1089 808 1151 servituti
831 1089 998 1167 mancipet,
1028 1090 1086 1150 Dei
1113 1109 1185 1153 vero
1211 1091 1355 1171 perennia
1377 1091 1436 1154 ist-

89 1179 167 1239 haec
190 1198 281 1259 opera
303 1187 334 1240 et
356 1179 433 1240 hanc
452 1175 608 1240 scientiam
624 1178 672 1238 vel
693 1177 812 1240 rideant
827 1179 875 1240 vel
895 1179 1001 1257 probro
1021 1179 1154 1241 habeant
1176 1188 1208 1242 et
1230 1180 1316 1260 quasi
1340 1182 1437 1260 quod·

93 1268 163 1330 dam
189 1269 317 1330 dedecus
341 1276 393 1329 aut
417 1274 518 1346 aperte
542 1268 659 1346 lugiunt
681 1275 733 1328 aut
756 1267 896 1347 privatim
912 1270 1079 1330 occultent:
1105 1268 1275 1348 hujusmodi
1290 1269 1437 1350 objicien-

93 1357 174 1418 tibus
199 1357 332 1437 equidem
357 1357 438 1418 aliud
462 1355 539 1436 quod
563 1356 760 1436 respondeam
783 1376 842 1418 non
864 1358 972 1431 habeo,
997 1376 1084 1438 quam
1107 1359 1185 1439 quod
1200 1359 1272 1421 olim
1285 1358 1438 1438 Diogenes

93 1445 205 1507 dolium
238 1466 322 1509 suum
354 1465 480 1507 versans
512 1445 653 1510 deteriori
686 1446 801 1526 quidem
829 1446 897 1526 jure
930 1446 1103 1525 respondit:
1142 1448 1260 1509 scilicet
1289 1448 1320 1509 in
1353 1455 1439 1509 tento

92 1533 296 1598 universorum
319 1536 451 1609 feruore,
474 1541 562 1596 tanta
584 1553 704 1596 suarum
729 1536 885 1597 actionum
901 1535 1024 1610 fiducia,
1054 1553 1101 1596 me
1124 1554 1240 1618 quoqne
1263 1536 1439 1616 apartibus

93 1621 309 1687 instaurandae
334 1625 535 1688 astronomiae
558 1633 689 1690 stantem
713 1632 845 1686 autnon
868 1625 1001 1704 oportuit
1023 1624 1111 1686 aliter
1140 1626 1254 1700 lacere,
1285 1634 1337 1688 aut
1369 1624 1441 1706 qnid

93 1731 141 1774 me
165 1714 246 1777 aliud
270 1713 436 1794 oportuerit
466 1713 584 1785 lacere,
616 1733 711 1792 neque
740 1730 795 1793 ego
822 1732 917 1795 neque
941 1714 1126 1776 consultores
1148 1715 1206 1776 mei
1227 1714 1438 1779 intelleximus.

93 1801 226 1866 Veniam
248 1805 349 1884 itaque
379 1803 492 1864 dabunt
520 1802 719 1864 imbecillitati
750 1810 880 1865 nostrae.
928 1803 1040 1864 Valete
1063 1810 1095 1864 et
1116 1823 1154 1865 nc
1175 1803 1249 1866 mihi
1272 1812 1387 1866 sumtus
1410 1811 1442 1864 et
1558 1803 1568 1812 ”

95 1910 188 1972 opera
210 1893 324 1956 frustra
346 1892 477 1973 perierit,
502 1889 615 1953 crebris
638 1909 848 1973 responsorum
871 1892 980 1954 nimbis
1001 1891 1118 1955 efficite.
1152 1893 1270 1974 Pragae
1287 1891 1441 1960 Bohemo·

94 2001 174 2056 rum,
197 1982 408 2047 Martinalibns
431 1979 501 2044 anni
528 1975 621 2044 1605.

686 2153 864 2166 ψ

501 2333 702 2413 ottocaro
730 2285 904 2438 orestas
930 2334 1040 2421 sora,

336 2465 392 2548 qui
413 2462 541 2546 comptu
563 2463 616 2526 die
638 2459 691 2524 12.
717 2461 860 2525 Octobris
882 2464 959 2526 anni
981 2461 1075 2548 bedae
1096 2457 1206 2540 1605,
1251 2448 1257 2459 ’

379 2547 380 2550 ’
487 2551 651 2636 ·Proqce
672 2549 887 2615 Bohemorum
909 2550 1026 2614 habito.

186 2691 255 2758 Nox
277 2695 461 2775 praecedens
484 2695 588 2774 pluvia
610 2693 668 2754 fnit
690 2700 721 2754 et
742 2712 827 2755 mane
852 2692 1012 2755 turbidum.
1056 2693 1142 2755 Hora
1164 2699 1266 2756 tamen
1287 2693 1446 2757 undecima

98 2785 205 2865 pulsae
227 2785 321 2847 nubes
345 2792 377 2845 et
391 2785 446 2847 Sol
463 2801 517 2862 per
532 2802 621 2847 unam
640 2791 729 2863 atque
753 2784 880 2845 alteram
904 2783 1008 2845 horam
1029 2802 1120 2863 purus
1143 2762 1242 2845 inxit(
1264 2783 1446 2864 Principium

98 2874 128 2936 h.
147 2874 174 2935 l.
191 2867 222 2934 6⁴
245 2892 283 2935 ex
306 2873 454 2934 azimntho
478 2881 509 2933 et
531 2870 688 2949 horologio
708 2872 858 2953 Tychonis
880 2871 1042 2951 primorum
1066 2880 1097 2932 et
1119 2872 1315 2933 secundorum
1337 2873 1444 2937 iudice.

100 2962 135 3024 Id
157 2962 274 3026 initium
297 2960 495 3023 animadverti
518 2961 548 3021 in
571 2960 686 3021 tabella
716 2961 813 3034 clare,
842 2978 910 3021 cnm
936 2978 1024 3025 nemo
1054 2959 1104 3040 qni
1127 2958 1230 3023 Solem
1253 2962 1446 3043 adspexisset

101 3051 257 3133 quicquam
279 3051 540 3113 animadverteret.
587 3050 654 3111 Hoc
678 3050 753 3110 adeo
776 3056 967 3128 perpetuum,
991 3049 1094 3111 oculos
1117 3049 1201 3110 clara
1223 3051 1287 3111 luce
1310 3050 1392 3115 Solis
1414 3052 1446 3115 in

101 3141 290 3223 agnoscendo
314 3140 435 3203 minimo
458 3140 578 3201 delectu
602 3138 752 3219 impediri,
776 3138 860 3201 utin
886 3137 1004 3217 Opticis
1027 3138 1241 3201 demonstravi.

187 3230 348 3294 Inclinatio
371 3229 567 3291 instrumento
591 3226 807 3289 ostendebatur
829 3228 919 3306 paulo
943 3244 1033 3307 snpra
1060 3226 1190 3289 medium
1212 3228 1334 3289 rotundi
1355 3226 1445 3291 radii.

102 3319 151 3383 Sit
173 3338 244 3399 ergo
268 3319 394 3399 angulus
417 3317 495 3379 inter
518 3316 687 3396 eclipticam
711 3326 742 3378 et
764 3316 906 3379 circulum
935 3334 989 3395 per
1012 3325 1116 3378 centra
1137 3313 1200 3379 850
1221 3325 1274 3380 aut
1296 3318 1390 3400 plus‚'
1414 3317 1445 3379 in

103 3410 185 3471 coelo
209 3408 301 3488 igitur
323 3408 410 3471 Luna
433 3406 489 3469 fnit
512 3404 583 3468 Sole
608 3407 740 3481 inferior,
764 3414 798 3467 nt
821 3406 849 3466 in
875 3403 992 3486 Opticis
1017 3406 1157 3479 docetur,
1181 3413 1214 3467 et
1235 3406 1362 3486 angulus
1385 3403 1446 3472 950
1520 3410 1525 3421 “

103 3505 155 3560 ant
176 3500 267 3579 paulo
289 3500 395 3561 minus.
440 3496 577 3575 Angnlns
598 3514 670 3557 vero
697 3496 775 3557 inter
807 3495 977 3573 eclipticam
1007 3502 1039 3556 et
1064 3496 1238 3557 verticalem
1266 3514 1320 3575 per
1343 3496 1446 3560 Solem

88 3588 159 3649 'luit
182 3607 217 3649 eo
240 3594 389 3649 momento
413 3583 473 3650 790
496 3583 549 3648 550
573 3604 611 3646 ex
634 3585 770 3647 doctrina
792 3583 880 3665 primi
903 3583 1040 3660 mobilis,
1070 3584 1120 3664 qni
1148 3585 1320 3647 subtractus
1343 3607 1363 3647 a
1385 3581 1446 3649 950

103 3676 244 3757 relinquit
269 3673 326 3739 15⁰
340 3674 381 3749 50,
406 3675 546 3754 angulum
568 3675 647 3737 inter
670 3674 811 3736 circulum
833 3692 887 3752 per
909 3681 1013 3734 centra
1036 3681 1067 3736 et
1089 3673 1259 3751 eclipticam
1281 3682 1334 3736 aut
1356 3674 1445 3754 paulo

103 3766 208 3828 minus.
255 3766 437 3828 Assumatur
459 3764 604 3825 diameter
626 3763 708 3827 Solis
732 3760 785 3827 30‘
809 3760 885 3831 3700,
908 3762 1011 3823 Lunae
1034 3780 1105 3823 vero
1129 3761 1183 3826 32‘
1206 3760 1278 3827 59“.
1322 3761 1446 3826 Summa

103 3854 410 3930 semidiametrorum,
444 3872 519 3935 quae
549 3854 611 3933 jam
641 3853 763 3915 metitur
793 3852 967 3913 distantiam
1000 3860 1187 3925 neutrorum,
1221 3859 1269 3914 est
1291 3849 1345 3915 31⁴
1367 3846 1452 3915 47“.‘

103 3943 191 4007 Luna
213 3960 283 4022 ergo
305 3944 466 4004 secundum
479 3942 585 4021 praxin
602 3941 630 4005 in
647 3942 765 4020 Opticis
780 3942 965 4002 declaratam
983 3939 1040 4001 init
1057 3949 1127 4003 ante
1143 3938 1244 4004 Solem
1259 3938 1392 4005 30‘.40⁴¹
1407 3960 1446 4018 c;,

103 4031 217 4095 habens
240 4032 294 4093 lat.
312 4038 405 4097 anelr.
425 4029 577 4095 8⁴16‘10.
606 4031 684 4093 Illud
707 4029 915 4104 certissimum,
940 4028 1081 4109 angulum
1101 4030 1246 4109 majorem
1264 4030 1356 4093 luisse
1375 4027 1446 4108 90⁰,

104 4123 175 4203 quie
194 4121 281 4182 Luna
303 4120 370 4184 visa
392 4128 440 4183 est
463 4118 583 4181 inferior
600 4118 682 4194 Sole,
707 4127 737 4181 et
761 4119 951 4181 latitudinem
975 4126 1169 4201 apparentem
1191 4119 1334 4200 majorem
1357 4140 1446 4205 quatu

105 4208 136 4275 50
160 4206 235 4275 330.

193 4300 276 4362 'liunt
299 4304 383 4361 ortae
407 4298 502 4361 denuo
525 4296 618 4358 nubes
641 4294 804 4359 identidem
820 4295 1019 4387 dehiscentes,
1042 4298 1098 4361 sed
1115 4316 1264 4379 nunquam
1286 4298 1444 4385 tantisper,

106 4392 176 4453 dum
199 4388 369 4451 observatio
392 4388 488 4469 repeti
510 4393 633 4465 posset,
665 4404 758 4466 usque
783 4387 820 4447 ad
844 4385 949 4448 horam
975 4385 1003 4447 l.
1027 4384 1082 4449 40⁴
1105 4384 1179 4462 300,
1213 4406 1269 4469 qno
1296 4396 1445 4452 momento

106 4479 231 4559 angulus
255 4476 408 4541 verticalis
431 4485 463 4538 et
492 4474 648 4553 eclipticas
671 4483 720 4536 est
742 4468 804 4538 85⁰
818 4471 888 4538 460.
935 4475 1018 4537 Tunc
1041 4475 1193 4537 observati
1215 4477 1338 4540 suntin
1359 4478 1445 4541 radio

105 4567 234 4631 rotundo
258 4584 348 4649 super
369 4566 511 4629 tabellam
535 4582 632 4627 meam
654 4562 741 4642 digiti
758 4557 834 4643 4²l,.
870 4563 914 4627 Et
934 4565 1006 4646 qnia
1027 4564 1114 4643 digiti
1139 4562 1179 4628 12
1200 4565 1352 4630 habebant
1371 4586 1445 4651 par·

106 4657 215 4719 ticnlas
240 4654 302 4722 109
312 4653 363 4741 9,,
392 4674 462 4735 ergo
485 4653 572 4733 digiti
593 4648 651 4823 47,
682 4651 834 4714 habebant
856 4654 1020 4732 particulae
1042 4650 1086 4717 42
1094 4647 1140 4732 ‘b-
1184 4656 1351 4719 Foramiuis
1372 4676 1445 4720 uero

108 4744 272 4827 amplitudo
288 4746 369 4827 cepit
383 4744 547 4825 particulas
566 4740 659 4820 17¹„
683 4759 755 4820 ergo
777 4741 880 4805 radius
904 4744 1077 4806 enucleatus
1099 4743 1205 4808 habuit
1222 4742 1265 4810 92
1287 4746 1335 4819 (et
1348 4744 1447 4810 obiter

108 4834 264 4911 addendo,
286 4841 320 4897 ut
345 4830 468 4909 10368,
492 4832 637 4897 distantia
658 4828 847 4906 tabellarum,
871 4832 911 4894 ad
933 4828 994 4908 92,
1022 4832 1074 4896 uel
1095 4833 1348 4898 semidiametrnm
1368 4834 1446 4898 radii

109 4924 256 4991 enucleati
278 4918 332 5001 46,
355 4925 399 4989 sie
422 4924 505 4991 sinus
527 4930 608 4987 totus
632 4920 671 4984 ad
689 4914 806 4996 4456,
830 4920 880 5001 qui
901 4922 1001 5003 tanglt
1021 4939 1125 4987 arcum
1150 4920 1200 4987 15⁴
1221 4919 1294 4998 tur,
1317 4922 1445 4989 utSolie
