3517 5525
471 464 502 518 da
520 462 708 555 Commqutasiis
727 460 758 517 ds
776 466 845 517 ructu
861 458 952 516 stellae
969 460 1065 517 Martis.
1377 462 1440 537 103
1516 442 1522 459 ⁸

106 642 175 705 nulla
196 642 343 705 tortitudo
366 644 394 705 b
419 660 445 703 e.
471 643 542 725 qnia
564 640 630 705 Soli
656 662 717 705 non
747 642 944 705 obvertuntur
966 641 1011 705 Dl
1034 652 1138 723 partes
1171 654 1309 729 respectu
1341 649 1439 713 lineas
1540 646 1547 661 '

105 750 166 793 suas
185 732 307 795 virtutis
330 733 397 805 BD,
419 734 472 797 BI.
520 732 584 795 Sed
606 733 654 795 hic
676 734 789 794 haereo
811 731 840 792 in
865 732 1020 809 prodenda
1048 734 1149 815 anguli
1180 756 1321 800 mensura
1348 758 1441 802 causa

106 820 284 883 lortitudiuis.
331 822 413 884 Nam
436 824 515 885 torte
539 822 640 901 anguli
662 818 746 884 DBC
770 821 1018 899 complementum
1035 820 1077 884 01
1100 825 1224 888 metitur
1246 826 1348 889 hanc?
1371 830 1440 891 Non
1540 822 1546 834 ’

105 906 173 991 poto,
208 910 287 973 Nam
312 911 432 991 quando
445 912 519 975 DBI
542 910 648 991 incipit
669 910 771 984 minui,
795 916 866 971 tunc
888 908 966 993 plus¹
981 909 1026 971 illi
1048 913 1173 991 prodest
1195 915 1235 978 ad
1249 917 1441 997 appetentiae

105 999 294 1061 tortitudinem
316 999 455 1063 modulos
478 1000 586 1081 aliquis
609 999 833 1073 imminutionis,
859 1018 947 1078 quam
971 1018 1038 1061 cum
1061 1016 1137 1081 psne
1156 1010 1239 1066 totus
1263 1006 1441 1070 absumitur.
1544 1016 1549 1081 '.
1583 1086 1586 1093 ἢ

26 1109 27 1116 “
104 1088 171 1150 lion
193 1089 285 1168 igitur
307 1089 354 1152 IN
379 1090 504 1153 metitur
533 1088 739 1151 tortitudinem
769 1086 889 1149 omnino
911 1084 1020 1151 DBG?
1056 1093 1100 1153 At
1123 1092 1192 1155 huic
1215 1094 1245 1157 id
1269 1096 1348 1176 quod
1376 1096 1442 1177 jam

26 1207 27 1232 1
104 1176 156 1239 dxi
175 1187 323 1259 repugnat
345 1179 441 1241 multo
464 1178 562 1259 magis
585 1180 626 1253 (tn
643 1186 773 1252 ungine:
796 1176 905 1239 falsum
927 1176 1009 1247 boc).

178 1268 224 1329 'l'u
247 1268 297 1331 bic
319 1267 393 1331 mibi
422 1268 592 1349 scrupulum
619 1284 727 1330 moveo
752 1266 789 1327 de
818 1266 1030 1329 observatione
1053 1274 1079 1337 (ι
1102 1286 1179 1330 anno
1202 1266 1255 1334 90.
1282 1269 1332 1335 18.
1357 1272 1441 1345 Dec..

105 1354 167 1417 dicis
196 1356 307 1419 locnm‘
327 1357 393 1438 ejus
421 1364 625 1438 computatum
648 1376 668 1417 a
689 1356 792 1418 Lance
823 1355 887 1418 bor.
914 1362 946 1417 ιι
968 1354 1061 1436 Spica
1094 1357 1211 1421 differre
1236 1379 1255 1420 a
1277 1360 1359 1437 loco,
1393 1363 1441 1443 qui

104 1445 158 1506 exit
176 1464 214 1507 ox
234 1447 432 1527 usurpatione
455 1446 567 1510 Leucis
591 1454 685 1507 anatr.
733 1445 778 1509 At
805 1462 861 1524 ego
889 1444 1001 1507 nullam
1033 1444 1209 1510 distantiam
1233 1454 1258 1519 ο·
1280 1451 1443 1531 prodidia

105 1533 192 1597 hocs
215 1543 311 1598 amir.
335 1540 403 1605 (vide
419 1558 443 1609 p.
463 1541 519 1607 ot)

25 1642 28 1652 ¹
178 1624 351 1706 Acquiesco
382 1624 414 1686 in
440 1624 642 1688 declinatione
672 1620 830 1702 eclipticas
854 1641 874 1683 a
897 1620 1037 1703 Tycboue
1060 1623 1181 1703 prodita
1211 1624 1288 1689 citra
1317 1634 1441 1691 contro-

105 1711 232 1789 versiam,
266 1733 323 1777 nec
354 1712 426 1776 mihi
449 1713 655 1793 Lansbsrgius
684 1712 777 1773 ullum
811 1711 982 1791 scrupulum
1008 1720 1110 1774 movet
1136 1714 1282 1778 hactenus
1312 1717 1440 1797 quidem.

105 1800 157 1864 llec
177 1804 258 1864 euim
281 1802 452 1878 consimile,
477 1819 654 1883 quemquam
668 1800 717 1862 hic
733 1801 873 1882 Tycbons
897 1799 1117 1880 diligentiorsm
1140 1820 1208 1866 esso
1230 1823 1331 1886 posse.
1375 1806 1441 1871 Nec

105 1890 146 1952 ills
165 1910 249 1955 mam
273 1892 482 1975 obliquitatem
504 1892 645 1965 inculcat,
670 1898 704 1951 ut
724 1908 791 1950 eam
810 1888 1001 1970 Tychouicae
1025 1892 1186 1967 anteierat,
1211 1894 1265 1955 ssd
1287 1901 1321 1957 ut
1344 1896 1441 1959 eolla-

105 1977 173 2042 tione
193 1981 337 2044 instituta
358 1980 473 2043 veritas
494 2000 550 2061 per
570 1980 628 2043 bas
651 1980 744 2041 etiarn
768 1986 875 2041 tenues
899 1978 1119 2059 discrepantias
1138 1980 1328 2045 confirmetur
1346 1984 1375 2046 iu
1390 1984 1437 2061 iis,

105 2068 145 2129 rbi
164 2070 368 2153 discrepantia
390 2080 438 2133 est
460 2072 552 2133 nulla.
598 2070 649 2131 Ita
671 2068 790 2148 quidem
813 2074 877 2142 est,
903 2067 1039 2129 dubitare
1063 2068 1240 2151 quandoque
1270 2072 1369 2147 soleo,
1400 2094 1439 2137 an

105 2156 240 2238 lbcbonis
263 2160 398 2223 calculus
421 2160 610 2240 undiquaque
633 2175 735 2220 vemm
766 2157 864 2219 locum
887 2152 929 2233 Θ
952 2156 1070 2237 pmdat.
1118 2156 1221 2221 Causa
1252 2161 1336 2229 ruihi,
1353 2161 1442 2243 hujus

106 2247 172 2309 dubii
197 2250 365 2312 desumitur
391 2268 409 2311 e
437 2268 470 2311 rs
497 2246 665 2330 praesenti,
699 2246 818 2327 quoties
850 2245 1077 2309 observationes
1109 2246 1139 2309 iu
1173 2256 1198 2319 d
1228 2249 1351 2321 habitae
1382 2270 1442 2315 non

106 2337 170 2399 coire
191 2338 299 2404 volunt
322 2339 362 2401 ad
384 2356 569 2401 communem
592 2336 736 2399 circulum
758 2335 840 2398 orbis
853 2335 965 2397 Terrae
988 2336 1181 2414 prodendum.
1219 2338 1264 2401 At
1277 2340 1353 2402 certi
1372 2340 1442 2421 qnid

106 2432 224 2489 ιιιιιιιιι
252 2434 311 2490 aut
333 2432 446 2489 temere
473 2427 522 2489 bic
544 2446 564 2488 a
586 2426 728 2507 Tyclroue
760 2423 927 2487 desciscere
960 2442 1052 2505 grave
1084 2426 1156 2492 mihi
1186 2435 1262 2491 ests
1290 2428 1337 2493 Do
1360 2427 1443 2493 Solis

105 2515 239 2593 parallaxi
264 2517 384 2597 quidem
404 2516 496 2599 paulo
518 2516 617 2596 magis
640 2514 755 2589 dubito,
778 2522 814 2575 ut
835 2513 952 2591 invenis
975 2514 1005 2575 iu
1029 2513 1148 2595 Opticis
1178 2516 1264 2593 meis.
1312 2520 1356 2583 Δι
1380 2517 1442 2583 etsi

107 2622 168 2665 mus
188 2606 347 2685 scmpulus
369 2606 513 2681 decedat,
545 2622 652 2686 parum
674 2604 704 2665 in
728 2603 908 2683 obliquitate
932 2602 1088 2683 eclipticas
1111 2615 1270 2685 peccatur,
1291 2626 1360 2671 cum
1382 2626 1441 2671 uon

106 2693 184 2755 uultu
204 2696 303 2776 major
325 2696 366 2758 sit
388 2695 555 2776 parallaxis
577 2692 659 2756 Solis
685 2690 776 2769 in'l‘
807 2710 896 2774 quam
923 2692 954 2753 in
978 2705 1021 2757 eo.
1067 2692 1143 2755 Esto
1173 2695 1253 2757 euius
1272 2696 1442 2778 parallaxis
1518 2717 1522 2723 ’
1571 2680 1577 2693 ’

106 2778 139 2859 Θ
157 2792 274 2848 tanturn
297 2783 331 2848 2‘
354 2804 442 2868 quarn
456 2784 559 2867 Tycho
582 2783 657 2846 dicit
679 2779 725 2856 3¹;
750 2799 822 2861 ergo
839 2782 870 2844 in
889 2782 943 2844 alt.
964 2777 1024 2845 35⁰
1046 2790 1133 2846 eruut
1151 2781 1217 2847 50⁴⁴
1240 2786 1441 2862 diminuenda,

106 2870 201 2954 aaa,
223 2869 289 2938 58⁰
310 2872 482 2938 circ.‡20¹‘.
527 2871 610 2953 Ergo
633 2870 796 2952 obliquitas
820 2871 977 2951 eclipticas
1007 2872 1088 2934 circa
1115 2870 1194 2938 3(Υ’“
1209 2875 1314 2938 minor.
1367 2877 1441 2939 Inde

107 2969 132 3023 ιι
141 2961 293 3044 longitudo
307 2963 438 3027 aestatis
452 2963 513 3025 alia
526 2961 783 3033 et'eccsutricitas
794 2957 853 3037 Θ;
868 2961 922 3021 sed
937 2961 1054 3023 omnino
1069 2979 1212 3042 perquam
1227 2963 1330 3026 tenuia
1343 2973 1441 3028 erunt.

178 3053 229 3114 Τι’
245 3053 367 3134 quidem
381 3072 400 3113 o
413 3051 534 3116 Fabrici
556 3069 683 3131 aequum
707 3059 756 3110 ιιι
778 3050 893 3123 dolere,
919 3049 997 3129 quod
1020 3049 1144 3112 aliorum
1165 3053 1259 3116 oculis
1282 3053 1443 3118 videndum

105 3139 151 3201 ubi
171 3150 227 3218 est,
252 3150 286 3204 et
308 3142 404 3204 anniti
427 3151 461 3204 ut
483 3141 544 3203 tuis
566 3140 682 3202 videm.
714 3137 790 3200 Mihi
809 3156 864 3217 ego
878 3137 1012 3218 meisque
1036 3137 1184 3203 debilibus
1207 3142 1302 3206 oculis
1325 3143 1362 3207 de
1386 3143 1442 3207 hoc

106 3228 255 3294 abonorum
278 3232 430 3294 oculorum
453 3229 596 3293 beneficio
618 3229 746 3308 gaudeo.
1167 3239 1169 3244 ·

178 3319 286 3384 Redeo
317 3321 356 3382 ad
387 3327 413 3390 d
444 3313 516 3401 post
547 3319 664 3399 aliquot
694 3315 928 3398 septimanarum
960 3315 1229 3395 interpositionem.
1276 3317 1327 3384 Sit
1348 3320 1443 3384 nobis

106 3409 196 3472 eadem
218 3411 317 3491 ligura
339 3411 473 3490 corporis
495 3407 656 3489 planetarii
679 3405 844 3488 proposita,
869 3422 945 3485 quae
969 3423 1069 3486 snpra
1103 3405 1175 3468 Dixi
1194 3425 1294 3488 supra,
1318 3410 1443 3492 perinde¹

106 3513 164 3559 asse
182 3499 247 3562 sive
270 3501 397 3580 planeta
419 3497 627 3561 consideretur
647 3504 682 3559 ιι
703 3495 811 3576 globus
833 3492 898 3556 sive
921 3503 956 3556 ut
977 3494 1099 3575 planum
1121 3495 1240 3572 circuli;
1260 3497 1327 3578 jam
1340 3499 1442 3571 etiam

106 3582 153 3648 loc
171 3588 261 3663 dico,
290 3587 416 3669 'perinde
439 3606 508 3649 esse
537 3586 603 3649 'sive
627 3593 662 3648 ut
683 3586 803 3666 planum
836 3581 940 3646 circuli
972 3584 1179 3648 consideretur
1210 3585 1273 3648 sive
1296 3595 1330 3651 ut
1351 3587 1441 3652 linea.

105 3671 171 3738 llam
192 3685 311 3740 certum
332 3684 383 3740 est
401 3696 440 3739 sa
455 3675 594 3738 Gilbsrto
617 3684 650 3737 st
671 3693 726 3754 per
744 3693 778 3735 se
802 3671 893 3734 etiam
906 3673 979 3758 ,siue
999 3673 1064 3753 ejus
1088 3674 1277 3752 auctoritate,
1301 3678 1443 3742 virtutem

26 3764 29 3787 '
105 3767 293 3845 magneticam
315 3766 429 3848 porrigi
451 3766 619 3828 intectum.
657 3762 758 3836 Quare
781 3770 816 3824 ut
828 3761 935 3842 globus
958 3761 1078 3843 lingitur
1101 3773 1239 3827 mnatars
1263 3785 1301 3829 ex
1318 3766 1453 3830 infinitis

26 3920 27 3923 ,
106 3853 292 3918 circularibus
313 3855 414 3935 planis
437 3853 605 3917 scoentrico
636 3852 810 3934 parallelis,
841 3869 964 3931 quorum
993 3852 1121 3914 omnium
1153 3854 1259 3916 eadem
1283 3864 1332 3919 est
1353 3857 1440 3934 ratio,

104 3939 142 4003 ita
161 3945 264 4008 manli
294 3946 415 4024 planum
446 3951 572 4026 proptsr
601 3944 680 4005 hanc
708 3940 830 4004 virtutis
861 3940 1071 4004 rectitudinem
1100 3960 1138 4003 ex
1165 3942 1289 4008 induitis
1319 3955 1441 4009 constat

26 4028 27 4033 ’
104 4032 193 4109 restis,
217 4051 345 4116 quarum
366 4050 484 4096 mrsum
506 4033 635 4094 omnium
659 4032 765 4094 eadem
787 4038 836 4092 ιιι
857 4029 947 4092 ratio.
993 4029 1075 4108 Ergo
1101 4032 1243 4111 planetae
1265 4053 1373 4116 corpus
1397 4035 1441 4099 ita

103 4121 276 4186 nmosrari
298 4130 403 4205 potest
424 4128 460 4184 ut
482 4121 635 4204 quaelibet
655 4129 759 4192 recta,
791 4137 858 4180 cum
880 4118 963 4183 nulla
986 4119 1076 4182 aliam
1099 4121 1260 4200 impediat,
1293 4134 1441 4206 utsupra

103 4207 170 4273 falso
191 4213 331 4276 confinxi.
369 4210 419 4274 Sit
440 4229 513 4291 crgo
534 4212 596 4275 AD
621 4217 688 4286 (Fir.
707 4214 754 4280 ιι)
777 4207 844 4269 axis
867 4209 1055 4290 magneticus
1079 4209 1197 4289 lugiens
1218 4210 1247 4272 in
1261 4211 1302 4288 A,
1327 4233 1439 4296 appro.

26 4352 27 4357 ι
103 4297 239 4382 pinguem
270 4301 303 4365 in
329 4301 380 4372 1),
410 4309 643 4380 repraesentans
671 4317 762 4362 numu
791 4315 830 4359 ox
858 4298 983 4361 infinitis
1012 4299 1104 4361 rectis
1133 4299 1275 4364 virtuosis
1305 4304 1439 4385 corporis

104 4479 412 4564 appropinquationem
434 4478 484 4542 vel
508 4482 608 4562 lugam
631 4478 695 4541 tisri
717 4478 844 4552 nullam,
873 4484 1038 4540 causaest
1065 4475 1135 4557 quia
1157 4477 1187 4540 Α
1210 4489 1243 4541 ιι
1264 4481 1293 4544 D
1316 4493 1387 4545 sunt
1408 4483 1439 4544 iu
1555 4509 1557 4516 >

104 4581 181 4645 tuero
203 4570 334 4652 aequali.
371 4570 454 4650 Ergo
476 4570 534 4632 hoc
556 4576 606 4632 cst
627 4567 713 4648 quasi
736 4566 974 4647 aequipondlbm.
1007 4565 1088 4630 Vide
1111 4567 1305 4649 mea-Optica
1320 4569 1395 4651 (lap.
1411 4573 1436 4636 1.
1488 4571 1497 4592 ⁰

105 4651 145 4718 Sit
160 4659 225 4739 jam
247 4659 302 4724 Sol
324 4659 355 4735 iu
377 4657 472 4735 BOK,
496 4666 530 4721 st
550 4665 654 4721 centro
676 4657 703 4719 B
727 4655 827 4737 spatio
840 4653 897 4716 BD
921 4656 1046 4718 circulus
1066 4655 1122 4722 ΒΟ
1146 4657 1322 4735 delineatur,
1347 4668 1379 4723 et
1401 4679 1440 4723 ex

105 4739 134 4818 (i,
153 4749 283 4813 seetiorm
307 4748 410 4812 circuli
432 4767 500 4812 cum
522 4747 602 4810 linea
618 4742 669 4822 Θ,
693 4744 948 4827 perpendicularis
972 4746 1002 4807 in
1025 4745 1085 4808 DA
1108 4747 1244 4812 ducatur.
1290 4747 1324 4810 Si
1347 4749 1439 4829 igitur

25 4408 32 4851 q
103 4384 204 4455 luni.
252 4389 302 4454 Sit
331 4398 435 4454 mntem
458 4391 484 4454 B
507 4398 650 4472 punctum
679 4387 809 4451 medium
839 4387 919 4450 iuter
949 4387 1025 4464 AD,
1058 4385 1130 4451 Solo
1160 4387 1190 4450 in
1220 4389 1283 4467 BI;
1316 4393 1437 4470 dictum,

26 4854 34 4916 q
105 4829 149 4896 OB
169 4839 211 4901 sit
231 4838 348 4902 trutirm
370 4845 404 4901 et
424 4837 492 4913 ΔΒ,
514 4836 572 4899 BD
594 4835 719 4898 brachia
740 4833 844 4909 libras,
868 4835 928 4898 erit
950 4842 985 4896 ut
1006 4834 1061 4897 ΒΡ
1085 4838 1123 4900 ad
1146 4839 1203 4900 ΡΑ
1225 4837 1269 4900 sic
1292 4836 1436 4902 fortitudo

26 4972 27 4995 ι
105 4928 193 5008 ”gali
213 4926 298 4994 DBO
322 4927 369 5019 ad
385 4927 591 4991 fortitudinem
613 4923 707 4990 Aac.
752 4923 860 5007 ltaque
884 4923 1026 5008 fugabis
1056 4931 1145 4988 tanta
1167 4934 1215 4990 est
1237 4933 1350 5010 quauta
1370 4926 1435 5007 ΒΡ,

25 5089 32 5433 l
