3517 5525
280 394 323 469 40
508 355 510 361 ¹
683 398 798 453 'merae
815 392 919 465 Keplsrl
936 398 1090 467 dame
1105 402 1208 451 mas

181 604 185 613 ·
280 576 355 645 haec
378 586 462 641 suut:
486 578 584 661 priam
605 584 669 641 tres
692 576 870 641 latitudines
893 576 1035 659 planetae
1057 583 1201 640 accurate
1223 574 1420 649 observatae,
1440 594 1512 640 cem
1532 582 1581 638 eat
1600 573 1636 637 iu

280 687 354 731 vera
376 667 565 749 oppositione
588 686 655 731 uum
678 665 768 743 Sole;
797 686 865 729 cum
888 666 994 747 quibus
1017 666 1210 729 innotescunt
1231 665 1323 753 suam
1345 666 1414 727 loca
1435 664 1636 744 longitudinis

281 756 441 839 angelique
463 753 626 837 interjecti.
667 754 785 818 Deinde
815 774 891 838 opus
919 762 968 817 est
993 761 1028 818 ut
1055 754 1186 819 sciamus
1213 754 1282 816 loca
1307 754 1469 831 nodorum
1497 774 1536 815 ea
1562 769 1637 817 rere

161 860 166 868 ‘
281 845 411 929 simplici
434 846 646 909 observatione
675 851 852 926 patescunt:
884 862 955 908 nam
981 863 1049 906 cum
1077 843 1203 925 planeta
1228 851 1278 905 est
1303 842 1334 905 in
1363 842 1522 924 ecliptica,
1551 841 1639 905 nulla

280 936 447 1019 parallaxis
475 936 549 1010 (nisi
577 954 628 1010 ea,
656 953 746 1015 quam
771 934 866 997 habet
895 952 1081 997 communem
1110 952 1177 995 cum
1206 931 1418 1006 luminaribus)
1445 932 1533 995 illum
1560 930 1638 994 alibi

282 1026 356 1089 iecit
378 1042 534 1107 apparere,
558 1042 646 1107 quam
668 1024 700 1087 in
722 1022 872 1105 ecliptica.
920 1024 1074 1095 Quorsum
1101 1040 1173 1085 vero
1202 1022 1295 1084 comt
1323 1021 1405 1085 linea
1425 1040 1465 1083 eu
1486 1020 1559 1084 Sole
1580 1036 1639 1102 per

280 1115 435 1197 planetam
457 1115 566 1195 ejecta,
589 1132 628 1175 ex
640 1111 784 1175 mediocri
803 1120 835 1175 et
856 1111 1042 1175 inartificiali
1063 1111 1275 1194 aequationem
1298 1118 1332 1172 et
1352 1110 1466 1192 aplrelii
1486 1127 1639 1193 praecog-

280 1204 396 1267 nitione
418 1204 609 1267 mediocriter
632 1200 723 1265 etiam
746 1201 895 1284 praesciri
916 1208 1027 1283 potest
1073 1200 1178 1264 Tertio
1207 1219 1284 1282 opus
1310 1208 1361 1265 est
1388 1199 1479 1261 uobis
1507 1199 1640 1261 scientia

280 1293 485 1357 inclinationis
508 1293 656 1356 maximae
679 1291 846 1373 planorum,
869 1310 961 1373 quam
982 1290 1028 1353 sic
1050 1288 1283 1370 investigamus:
1313 1308 1382 1357 cum
1403 1289 1493 1351 abest
1513 1288 1641 1369 planeta

282 1382 449 1465 aequaliter
471 1403 490 1445 a
512 1384 608 1445 Terra
639 1389 672 1443 et
702 1380 832 1457 aScle,
861 1381 968 1443 eadem
994 1386 1045 1441 est
1069 1378 1226 1442 inclinatio
1254 1378 1320 1458 ejus
1343 1387 1375 1441 et
1396 1377 1527 1441 latitudo
1557 1376 1638 1439 vica.

281 1474 327 1536 Ac
347 1471 430 1535 circa
451 1478 576 1535 exortus
598 1470 790 1552 vespertinos
811 1478 843 1531 et
857 1469 1076 1532 occultationes
1090 1468 1266 1543 matutinus,
1287 1468 1390 1549 potius
1406 1466 1487 1530 circa
1502 1466 1638 1548 quadra-

280 1569 376 1636 turae,
391 1580 458 1625 cum
473 1562 601 1643 augelus
616 1578 707 1623 verae
723 1558 1122 1639 commutationisplauetae
1131 1565 1279 1639 aequatur
1287 1556 1459 1637 augulovel
1470 1554 1642 1619 dmmtiae

283 1651 423 1715 circulari
438 1650 521 1715 Solis
544 1659 577 1713 et
596 1649 749 1731 planetae,
773 1657 843 1713 suut
861 1647 954 1711 etiam
975 1646 1118 1729 aequales
1139 1647 1316 1710 rectilineae
1337 1646 1503 1710 distantiae
1524 1645 1637 1707 dictae

239 1736 240 1741 ’
282 1740 366 1803 'lunc
389 1758 461 1821 ergo
484 1740 625 1821 planetae
647 1738 777 1802 latimdo
808 1737 986 1801 observetur
1012 1745 1055 1799 et⁴
1074 1736 1274 1800 constituatur
1305 1755 1344 1799 ex
1371 1734 1515 1799 mediocri
1535 1752 1640 1816 ‹prae-

288 1828 459 1911 cognitione
481 1829 635 1892 meoucae
656 1828 809 1911 planetae,
831 1846 890 1910 quo
913 1827 981 1890 loco
1003 1825 1152 1907 impingat
1172 1826 1254 1889 linea
1275 1844 1313 1888 ex
1327 1825 1400 1889 Sole
1418 1842 1473 1905 per
1485 1823 1643 1905 planetam

284 1920 361 1995 iens,
384 1919 523 2001 iactaque
547 1918 771 2001 comparatione
793 1917 878 1979 visae
901 1915 1071 1978 latitudiuis
1094 1920 1186 1997 (quae
1208 1924 1259 1977 est
1272 1915 1364 1978 etiam
1378 1933 1453 1976 vera
1466 1912 1642 1985 inclinatio)

285 2010 325 2071 ed
348 2008 526 2071 distantiam
549 2029 567 2070 a
589 2007 687 2082 nodo,
715 2006 748 2069 iu
776 2006 930 2087 triangulo
959 2006 1117 2086 sphaerico
1139 2005 1307 2087 inquiratur
1328 2002 1486 2066 inclinatio
1507 2002 1643 2065 mamma

283 2098 420 2160 limitum.
467 2099 552 2161 Tunc
575 2115 646 2177 ergo
670 2095 795 2159 scibitur
818 2094 973 2157 inclinatio
995 2094 1137 2175 planetae
1152 2096 1192 2156 ad
1210 2112 1413 2176 quemcunque
1430 2092 1523 2154 situm
1543 2090 1642 2173 daeo·

283 2208 392 2269 sexes,
423 2182 544 2249 videtur
566 2205 637 2248 vero
659 2186 807 2260 latitudo;
838 2190 1029 2265 comparetur
1055 2202 1127 2263 ergo
1156 2184 1225 2245 visa
1246 2182 1375 2245 latitudo
1398 2200 1465 2245 curn
1487 2181 1643 2243 calculata

284 2276 479 2339 inclinatione
503 2283 534 2337 et
556 2276 686 2355 fingatur
707 2275 825 2349 interea
846 2274 973 2354 planeta
984 2273 1197 2355 aequalissime
1215 2271 1296 2335 circa
1309 2271 1413 2335 Solem
1428 2272 1485 2347 ire,
1506 2272 1560 2333 det
1579 2270 1642 2333 lroc

283 2371 384 2446 pacto,
408 2373 442 2427 ut
463 2363 612 2446 prodeant
633 2370 698 2425 tres
728 2362 891 2425 distantiae
914 2364 1027 2425 Terrae
1050 2382 1071 2424 a
1091 2361 1175 2425 Sele.
1220 2362 1270 2423 Ex
1296 2361 1346 2424 his
1373 2360 1471 2423 tribus
1499 2359 1644 2422 eliciam

286 2453 439 2537 quantitas
463 2454 561 2529 orbis,
589 2452 740 2535 aphelium
769 2460 803 2515 et
824 2452 1035 2517 ecceutricitas
1057 2451 1140 2527 viae,
1167 2459 1325 2533 utsupra
1371 2450 1442 2513 Erit
1467 2450 1526 2511 boc
1545 2456 1643 2530 pacto

284 2542 494 2608 eccentricitas
516 2542 657 2623 planetae
681 2560 747 2604 cum
766 2541 991 2604 ecceutricitate
1006 2542 1119 2603 Terrae
1134 2541 1167 2602 in
1183 2557 1370 2604 communem
1382 2538 1644 2601 ecceutricitatern

284 2634 420 2706 confusa,
444 2624 652 2713 et⁶utriusque
676 2631 828 2712 aphelium
850 2631 882 2692 iu
903 2631 985 2695 idern
1006 2629 1159 2711 aphelium
1186 2648 1342 2692 commune
1369 2629 1438 2691 loco
1460 2626 1643 2690 intermedie

284 2722 450 2786 confusum.
495 2722 539 2786 Et
558 2720 697 2784 mirabile
716 2720 808 2795 dictu,
831 2720 863 2782 in
880 2719 939 2782 hac
954 2719 1078 2801 majoris
1092 2719 1196 2783 circuli
1211 2718 1451 2782 ecceutricitntis
1468 2718 1500 2781 in
1513 2716 1643 2781 minoris

286 2810 544 2875 ecceutricitatem
565 2810 729 2888 infusione,
763 2811 843 2892 quod
873 2809 990 2890 prodit,
1021 2811 1151 2873 circulus
1174 2816 1285 2872 manet
1330 2808 1643 2883 Demonstrationem,

158 2953 162 2974 ,
285 2901 388 2965 nescio
403 2900 551 2982 quomodo
565 2901 628 2974 liat,
644 2906 680 2962 ut
693 2899 793 2962 auimo
811 2898 941 2975 videam,
956 2899 1057 2962 verbis
1073 2899 1174 2981 eloqui
1188 2898 1320 2961 noudum
1334 2897 1493 2979 potuerim.
1527 2896 1645 2977 Cogita

284 2995 360 3074 ipse.
406 2988 584 3052 Mochauice
602 3007 719 3071 quoque
742 2996 857 3051 certam
879 2991 968 3052 fidem
990 2990 1058 3052 leci.
1104 2990 1153 3053 llx
1175 2989 1233 3052 hac
1255 2986 1441 3062 confusione,
1459 2987 1525 3068 jam
1539 2985 1644 3048 admi-

286 3079 437 3144 niculante
461 3078 632 3160 cognitione
654 3077 781 3160 apogaei
805 3077 905 3155 Solis,
936 3078 1113 3140 extricando
1143 3086 1193 3141 est
1219 3078 1374 3159 utriusque
1397 3076 1508 3140 aderis
1529 3093 1645 3137 eccen-

260 3161 404 3232 'trieitas
430 3167 514 3243 viae,
547 3169 626 3250 quod
655 3175 752 3232 tetum
780 3168 936 3248 negotium
963 3168 1161 3249 problematis
1184 3167 1301 3249 aliquot
1327 3166 1473 3248 explicui,
1502 3165 1558 3228 sed
1574 3165 1646 3245 ιἰιιι

286 3258 401 3323 chartis
423 3257 499 3320 meis
522 3257 680 3321 destituor.
726 3257 934 3322 Pulcherrima
956 3264 1005 3319 est
1027 3256 1210 3338 speculatio:
1241 3257 1297 3318 sed
1325 3257 1518 3320 latitudinum
1537 3254 1647 3335 anguli

286 3347 387 3432 parvi,
424 3365 507 3411 error
539 3347 760 3411 observationis
797 3347 887 3410 valde
923 3346 1094 3422 sensibilis,
1129 3348 1232 3428 itaque
1261 3345 1450 3427 probationis
1487 3347 1555 3409 loco
1580 3353 1645 3422 est,

286 3457 345 3502 uon
372 3436 585 3518 inquisitionis

375 3525 462 3598 Quae
485 3533 585 3588 ouoem
607 3525 671 3587 dlxi
693 3524 731 3585 de
753 3523 898 3586 mediocri
919 3523 1166 3604 praecognitione
1188 3524 1325 3586 tbeorim
1346 3525 1499 3605 planetae,
1522 3523 1568 3586 sic
1589 3522 1645 3586 in-

286 3617 480 3696 telligantur,
508 3614 591 3696 quod
621 3615 700 3676 sicut
726 3613 758 3674 in
785 3613 904 3674 theoria
932 3613 1016 3676 Solis
1043 3613 1109 3688 (rel
1135 3613 1263 3689 Terrae)
1291 3614 1336 3676 ita
1362 3613 1578 3695 propemodum
1607 3612 1645 3677 iu

287 3704 424 3768 omnibus
446 3703 579 3784 planetis
601 3702 797 3785 aequationee
819 3702 951 3764 eccoutri
974 3702 1046 3764 sciri
1065 3709 1195 3784 possunt
1216 3703 1317 3777 (solas
1338 3721 1466 3784 namqw
1493 3703 1551 3765 luas
1566 3709 1645 3784 peto

287 3803 322 3857 ut
342 3794 662 3876 praecognoscentes),
693 3791 752 3854 etsi
778 3791 940 3854 vemssima
960 3793 1117 3873 proportio
1138 3792 1271 3874 partiunt
1292 3793 1527 3856 ecceutrioitatis
1549 3791 1644 3872 igno·-

287 3891 381 3947 retur.
427 3881 506 3946 Nam
529 3899 613 3944 error
635 3899 674 3942 ex
696 3880 807 3944 vitiosa
828 3881 1023 3963 proportione
1046 3881 1106 3944 hac
1125 3882 1268 3963 prodiens
1291 3882 1323 3944 iu
1341 3881 1415 3946 Sole
1437 3882 1557 3964 quidem
1578 3901 1646 3945 uon

291 3980 339 4035 est
360 3970 457 4049 major
483 3970 511 4034 1‘
537 3967 599 4033 10st
622 3988 689 4033 cum
711 3977 760 4032 est
781 3970 930 4034 maximus
952 3971 984 4032 iu
1006 3989 1105 4033 auom.
1133 3969 1235 4036 135⁰:
1267 3972 1310 4034 Et
1331 3971 1381 4034 lric
1412 3971 1533 4054 quidem
1555 3989 1646 4034 error

288 4069 393 4126 tantus
416 4068 474 4136 est,
498 4060 626 4142 quaudo,
649 4077 725 4144 quae
749 4079 788 4122 ex
805 4060 923 4124 duabus
940 4060 1078 4142 partibus
1091 4061 1268 4143 aequalibus
1284 4062 1452 4142 composita
1464 4068 1515 4124 est
1530 4079 1644 4124 eccen-

289 4151 425 4226 ulciaco,
459 4167 526 4211 eam
556 4168 623 4212 curu
651 4149 802 4232 prioribus
831 4149 1014 4212 astronomis
1043 4157 1079 4212 ut
1099 4150 1266 4232 simplicem
1293 4151 1501 4231 iruagiuamur.
1545 4152 1592 4215 Δι
1612 4151 1645 4213 ai

289 4240 486 4322 compositam
509 4246 541 4301 et
561 4257 617 4301 uos
640 4238 786 4302 faciamus
809 4255 848 4300 ex
863 4239 1002 4320 partibus
1016 4238 1171 4319 genuinis,
1194 4240 1341 4304 faciamus
1359 4240 1432 4303 itam
1449 4259 1489 4302 ex
1502 4239 1644 4322 partubus

289 4349 347 4396 nou
371 4327 524 4411 genuinis,
557 4329 752 4410 sequsticues
773 4328 923 4410 utrinque
935 4336 1109 4392 exstructae
1130 4331 1226 4394 multo
1248 4331 1346 4392 adbuc
1367 4331 1466 4393 minos
1487 4331 1643 4405 differunt,

289 4419 449 4484 dummodo
473 4437 588 4480 summa
604 4417 735 4498 partium
751 4418 856 4481 eadem
871 4419 1010 4501 utrinque
1023 4428 1163 4482 maneat:
1187 4420 1264 4483 adeo
1279 4421 1410 4502 quidem,
1432 4421 1515 4483 utin
1527 4423 1643 4495 Marte,

290 4510 375 4591 cujus
399 4515 448 4571 est
469 4505 610 4589 aequatio
631 4509 773 4583 mxima,
797 4507 824 4568 si
838 4529 857 4569 a
872 4503 915 4570 90
935 4527 1029 4590 usque
1051 4509 1082 4570 iu
1104 4507 1167 4573 120
1182 4510 1317 4572 varietur
1337 4508 1548 4573 ecceutuicitas
1570 4509 1643 4572 viae

290 4599 337 4674 (in
361 4619 398 4662 ea
420 4595 613 4673 dimensione,
636 4606 671 4660 ut
693 4605 741 4659 est
762 4595 865 4659 radius
890 4594 1000 4673 1000),
1024 4598 1219 4680 aequatioues
1244 4619 1305 4662 nou
1324 4599 1483 4662 trrrbentur
1503 4601 1573 4680 plus
1595 4595 1640 4662 3¹.

290 4689 406 4753 Verum
434 4695 469 4749 ut
497 4693 529 4746 ec
557 4685 616 4748 hoc
643 4686 767 4762 addam,
799 4686 884 4766 ipsas
914 4687 1110 4769 aequatioues
1137 4688 1268 4750 eccentri
1298 4689 1364 4750 siue
1391 4689 1642 4770 praecognitione

290 4775 487 4859 longitudinis
510 4774 628 4836 mediae
651 4776 681 4837 iu
703 4776 780 4838 huuc
803 4776 924 4837 modum
946 4776 1097 4857 investigo
1110 4777 1306 4857 problemate,
1330 4777 1410 4860 quod
1424 4779 1644 4843 necessitatem

290 4869 383 4931 infert
410 4874 442 4928 st
470 4871 572 4928 mmen
598 4881 695 4946 neque
723 4885 778 4946 per
806 4865 1006 4944 geometricas
1033 4866 1307 4930 demonstrationes
1336 4887 1433 4951 ncqoe
1462 4887 1518 4949 per
1545 4868 1641 4932 latius

290 4964 445 5044 patentem
472 4973 591 5018 cossam
622 4954 766 5035 explicari
794 4975 814 5017 a
841 4973 891 5018 me
916 4955 1064 5018 hacteuus
1091 4956 1199 5038 potuit
1244 4957 1398 5020 Laboravi
1418 4965 1563 5042 tanquam
1583 4976 1643 5038 per
