3517 5525
297 343 362 416 313
482 365 487 376 ·
655 409 659 422 ⁴
772 347 1156 404 eenamcenam-re·

297 527 392 593 munis
415 545 453 592 ex
475 523 562 604 Sole;
585 527 655 608 qnia
676 527 725 592 bic
742 526 914 592 necessario
936 527 1056 611 ponitur
1073 529 1178 592 eadem
1200 528 1329 592 intensio
1342 515 1376 593 et
1395 528 1531 596 mmieeio
1553 527 1635 592 ima-

297 617 414 700 giuaria
435 623 531 680 motus
555 615 687 700 epicycli.
701 617 877 698 Imaginarii,
901 637 977 701 quae
998 628 1097 682 motus
1120 617 1183 681 veri
1202 619 1383 696 eccentrici3'
1400 638 1476 700 quae
1489 625 1562 682 eunt
1583 618 1634 680 in-

297 705 486 782 credibiliora
519 724 606 786 quam
634 706 748 786 priora,
782 707 831 770 ubi
854 716 953 772 motus
984 708 1117 789 corporis
1144 727 1211 771 cum
1242 709 1366 792 epicycli
1397 709 1446 770 vel
1477 707 1638 770 eccentrici

265 843 269 858 ι
297 795 464 876 cognitione
480 795 654 874 conjunctus
670 795 734 858 luit.
775 797 893 877 Itaque,
916 816 991 878 qnae
1006 798 1047 861 ibi
1062 797 1215 882 disputata
1231 807 1302 861 eunt
1318 806 1434 874 conus,
1458 797 1505 860 hic
1519 797 1636 861 intelli-

298 893 405 966 gantur
428 885 571 964 repetita;
594 903 670 965 pene
694 904 722 947 ιι.
746 885 915 951 coincidunt
937 887 1116 952 sententiae.

387 975 428 1037 Et
451 980 552 1035 tamen
574 972 604 1036 in
618 974 742 1054 penuria
764 974 897 1038 melioris
919 977 1087 1039 sententiae
1110 977 1141 1040 in
1163 993 1307 1058 praesens
1321 974 1407 1036 nobie
1421 980 1471 1037 eet
1493 974 1635 1056 acquies-

298 1063 422 1128 cendum
450 1061 480 1124 in
513 1062 579 1124 hac.
624 1061 709 1135 Quae
748 1081 805 1143 quo
835 1065 924 1144 plura
955 1065 1086 1128 absurda
1121 1063 1261 1140 involvit,
1293 1064 1351 1126 hoc
1380 1063 1524 1126 libentius
1554 1063 1636 1125 infra

297 1173 364 1234 cap.
382 1151 451 1216 LII.
469 1150 613 1234 physicus
628 1151 736 1235 aliquis
760 1153 910 1232 admittet,
928 1156 1007 1236 quod
1030 1153 1328 1220 observationes
1350 1153 1550 1227 testabuntur,
1574 1152 1636 1215 iter

296 1242 437 1323 planetae
459 1258 517 1304 non
540 1261 607 1304 esee
630 1241 673 1306 cir
692 1243 780 1306 nlnm.

380 1330 422 1392 ΙΙ.
467 1328 589 1394 Dictum
611 1338 661 1393 est
710 1339 832 1394 actenus
856 1333 893 1394 de
919 1351 1073 1404 mensura,
1102 1351 1178 1412 quae
1203 1332 1329 1394 formam
1349 1331 1438 1411 hujus
1465 1328 1636 1394 librationis

295 1418 435 1501 respicit:
459 1427 556 1482 restat
569 1426 602 1484 ut
618 1427 649 1482 et
662 1439 829 1482 mensnram
843 1421 931 1501 hujus
954 1439 1120 1495 mensurae,
1144 1421 1259 1484 scilicet
1275 1419 1454 1501 quantitatis
1467 1437 1522 1482 seu
1533 1427 1634 1482 motus

272 1529 348 1592 „per
372 1510 468 1572 locum
490 1508 680 1591 inquiramus.
713 1510 778 1574 Nec
802 1511 878 1572 enim
902 1511 978 1572 satis
995 1519 1057 1585 eet,
1080 1510 1158 1572 scire
1181 1511 1345 1590 planetam,
1366 1516 1510 1590 quantum
1532 1507 1636 1570 absia-

297 1609 361 1661 tere
392 1596 502 1660 debeat
524 1619 543 1659 a
565 1597 651 1661 Sole:
686 1599 754 1679 quin
777 1608 809 1660 et
830 1600 888 1662 hoc
918 1599 1093 1680 requiritur,
1126 1607 1161 1661 nt
1182 1599 1276 1673 sciat,
1307 1599 1377 1680 qnid
1409 1598 1523 1660 iaciens
1549 1597 1636 1678 justo

296 1687 455 1750 intervallo
479 1687 618 1749 absistat.
1309 1765 1313 1772 ι

384 1774 480 1846 Quem
510 1777 600 1857 igitur
626 1775 688 1839 ista
717 1776 882 1858 suppositio
909 1775 1025 1839 itineris
1055 1776 1188 1857 perfecte
1218 1776 1372 1840 circularis
1395 1795 1429 1838 eo
1452 1773 1571 1854 adegit,
1602 1779 1639 1836 nt

296 1873 425 1930 mentem
440 1865 470 1927 in
492 1868 616 1947 planeta
630 1865 802 1938 collocaret,
825 1882 901 1947 quae
917 1864 985 1928 huic
1008 1865 1159 1928 librationi
1181 1866 1376 1946 praesideret,
1400 1865 1427 1927 ie
1442 1863 1523 1925 alind
1536 1860 1637 1924 dicere

293 1974 351 2016 non
373 1954 493 2034 poterit,
519 1974 606 2036 quam
629 1956 695 2024 hoc,
718 1955 866 2036 respicere
890 1962 1019 2018 mentem
1041 1956 1182 2035 planetae
1197 1956 1236 2017 ad
1259 1955 1398 2017 diametri
1419 1952 1503 2016 Solis
1525 1950 1637 2031 ampli-

295 2043 428 2105 tudinem
451 2053 636 2108 crescentem
658 2051 689 2105 et
704 2045 934 2120 decrescentem,
959 2052 989 2105 et
1012 2044 1068 2105 hoc
1091 2063 1176 2106 usam
1197 2044 1283 2124 signo
1305 2043 1482 2122 intelilgere,
1507 2049 1638 2121 quantas

294 2129 406 2194 atSole
431 2133 563 2195 effecerit
592 2133 723 2214 quolibet
751 2141 883 2214 ternpore
906 2133 1039 2212 corporis
1066 2135 1111 2195 sui
1142 2133 1314 2196 distentius.
1360 2129 1441 2204 Quis
1463 2137 1500 2194 'ut
1525 2137 1638 2192 naune

294 2240 351 2282 noo
374 2232 501 2301 possunt
524 2222 690 2300 intelligere
706 2241 741 2282 ex
764 2221 831 2303 ipso
854 2224 937 2297 mari,
963 2230 1105 2302 quantum
1127 2224 1271 2285 undamm
1293 2221 1424 2304 spatium
1444 2217 1638 2294 confecerint,

294 2330 329 2372 eo
354 2308 432 2389 quod
461 2312 519 2374 iter
541 2312 614 2378 illud
639 2311 727 2373 nullis
755 2313 796 2373 eit
822 2311 995 2375 distinctum
1023 2311 1182 2387 limitibus,
1215 2313 1270 2374 sed
1297 2313 1344 2374 vel
1375 2329 1412 2372 ex
1440 2307 1639 2371 diuturnitate

295 2397 512 2478 navigationis,
546 2401 572 2462 si
602 2408 707 2461 ventus
731 2407 762 2462 et
789 2401 869 2462 nnda
895 2408 1070 2462 constantes
1098 2400 1278 2471 manserint,
1310 2408 1343 2462 et
1370 2398 1457 2462 uarie
1488 2415 1639 2478 nunquam

298 2487 459 2568 quieverit,
487 2489 535 2550 vel
560 2507 597 2550 ea
619 2489 700 2551 venti
723 2489 815 2570 plaga
836 2497 868 2550 et
891 2489 1098 2552 altitudinibus
1120 2491 1181 2570 poli
1203 2489 1343 2565 diversis,
1377 2490 1432 2551 vel.
1447 2506 1485 2550 ex
1507 2487 1637 2549 omnium

297 2577 402 2638 horum
433 2577 485 2639 ant
517 2579 680 2658 aqunorum
703 2579 810 2640 saltem
839 2579 946 2658 juncta
968 2578 1222 2654 consideratione3
1251 2579 1300 2640 vel
1323 2579 1349 2640 ei
1372 2577 1429 2641 diis
1452 2576 1566 2656 placet,
1598 2593 1640 2636 ex

298 2663 458 2728 rotularum
482 2666 689 2730 nonnullarum
711 2667 980 2748 coagmentatione,
1004 2668 1161 2748 pinnarum
1182 2686 1237 2748 ope
1260 2667 1291 2728 in
1314 2667 1409 2729 undae
1431 2665 1637 2738 demissarum,

300 2753 461 2834 agitanda3
493 2755 657 2837 cujusmodi
680 2749 1003 2819 instrumentum'vani
1027 2757 1146 2838 qnidam
1179 2757 1340 2820 mechanici
1363 2755 1555 2837 profitentur,
1587 2753 1639 2834 qui

299 2843 401 2907 oceani
418 2845 560 2908 fluctibns
585 2845 761 2909 continentis
790 2846 919 2928 quietern
942 2847 1175 2910 transscribunt:
1200 2848 1327 2909 eundem
1347 2847 1435 2925 plane
1458 2844 1497 2907 ad
1518 2844 1638 2907 modum

298 2933 437 3013 planetae
461 2954 543 2997 mens
572 2935 669 2997 locum
696 2954 748 2997 sen
778 2936 907 3017 spatium
929 2954 1035 2999 versus
1058 2934 1160 2999 Solem
1188 2934 1356 2998 coniectum
1385 2933 1483 2996 metiti
1509 2952 1543 2995 ee
1569 2932 1640 3013 ipsa

300 3042 358 3085 non
381 3032 490 3101 potest,
515 3042 580 3086 cnm
603 3042 678 3103 pura
700 3024 818 3086 intersit
836 3044 910 3086 eura
924 3025 1074 3100 aetherea,
1098 3024 1187 3087 nullis
1210 3024 1354 3088 distincta
1375 3023 1484 3103 signis3
1508 3021 1563 3085 sed
1585 3032 1641 3083 aut

189 3135 192 3141 ¹
299 3120 432 3191 ternpore
455 3114 566 3185 utitur,
596 3122 628 3176 et
649 3131 702 3193 per
724 3120 841 3192 tempos
864 3114 938 3178 illud
968 3114 1085 3195 aequali
1107 3114 1297 3177 contentione
1326 3113 1445 3187 virium,
1476 3111 1640 3192 quodiam

298 3208 347 3263 est
379 3200 407 3262 in
438 3202 637 3282 superioribus
670 3210 825 3282 negatum3
858 3211 911 3263 aut
941 3202 1080 3265 machina
1103 3222 1263 3282 corporea,
1295 3203 1372 3284 quod
1401 3208 1451 3263 est
1481 3199 1638 3263 ridiculum

299 3290 448 3369 (ponimus
471 3292 548 3353 enim
578 3292 679 3354 sidera
706 3293 835 3355 rotunda
858 3292 992 3372 exemplo
1016 3291 1096 3355 Solis
1119 3300 1150 3354 et
1172 3292 1293 3356 Lunae:
1325 3292 1395 3373 quin
1417 3298 1449 3353 et
1478 3288 1640 3355 uerisimile

300 3386 356 3455 est,
381 3378 548 3443 universnm
563 3400 696 3461 campum
722 3398 811 3443 aurae
835 3381 993 3443 aethereae
1016 3398 1076 3442 una
1096 3382 1139 3443 ire
1162 3400 1228 3443 cnm
1250 3380 1413 3461 planetie);
1436 3387 1490 3442 ant
1512 3378 1639 3459 deniqne

300 3468 396 3547 signis
420 3468 566 3549 aliquibus
590 3468 703 3531 idoneis
727 3488 791 3531 cum
817 3478 933 3530 mutata
960 3470 1099 3549 planetae
1123 3492 1141 3531 a
1164 3470 1236 3532 Sole
1263 3470 1407 3532 distantia
1434 3466 1640 3544 variabilibus,

299 3558 464 3636 cujusmodi
491 3566 612 3638 praeter
639 3558 754 3620 unicam
778 3556 859 3620 Solis
887 3558 1062 3621 diametrum
1090 3565 1282 3639 apparentem
1315 3560 1425 3620 nullum
1456 3556 1535 3620 aliud
1565 3575 1639 3636 snp-

298 3646 387 3727 petit.
400 3642 433 3721 ἢ
470 3646 521 3711 Sic
544 3666 598 3708 nos
623 3647 756 3709 homines
781 3646 899 3721 scimus,
923 3646 1024 3710 Solem
1048 3669 1067 3710 a
1089 3647 1173 3710 nobis
1197 3648 1303 3710 abesse
1318 3644 1382 3712 229
1397 3646 1639 3720 suisdiametris,

299 3736 417 3817 quando
441 3736 504 3817 ejus
527 3736 672 3799 diameter
695 3736 786 3799 habet
808 3732 870 3810 30⁴,
897 3745 928 3797 et
950 3733 1015 3799 222
1039 3737 1202 3811 diametris,
1227 3737 1345 3817 qnando
1367 3736 1460 3798 habet
1482 3732 1546 3799 31‘.
1665 3791 1668 3798 .

389 3825 430 3888 Et
453 3845 545 3898 sene,
570 3824 596 3887 si
619 3832 732 3888 eertum
755 3835 853 3901 esset,
876 3832 990 3887 motum
1011 3826 1089 3889 hunc
1112 3827 1143 3888 in
1166 3825 1290 3908 epicycli
1318 3825 1464 3889 diametro
1486 3824 1641 3904 proprium

301 3934 361 3977 non
383 3934 473 3997 posse
496 3915 597 3998 perfici
621 3936 640 3975 a
662 3915 771 3976 virtute
795 3914 895 3994 aliqua
916 3913 1056 3993 planetae
1079 3914 1227 3978 materiali
1246 3924 1279 3977 et
1291 3913 1440 3995 corporali
1462 3913 1527 3976 eive
1551 3930 1639 3993 mag-

300 4001 414 4079 netica,
437 4024 494 4067 non
527 4005 618 4066 etiam
640 4024 660 4065 e
680 4004 760 4065 nuda
782 4003 922 4078 anImali,
947 4004 1000 4065 sed
1030 4004 1188 4084 gubernari
1212 4025 1231 4065 a
1252 4006 1391 4085 planetae
1416 4010 1531 4072 mente,
1563 4002 1641 4065 nibil

302 4092 423 4155 absurdi
455 4102 644 4157 statueretur.
703 4090 791 4163 Quod
821 4092 900 4154 enim
929 4089 984 4155 Sol
1013 4093 1091 4155 aliae
1123 4094 1214 4156 etiarn
1245 4094 1420 4156 observetur
1449 4112 1468 4153 a
1496 4091 1639 4171 planetis,

302 4188 450 4245 testantur
473 4191 504 4245 et
526 4181 709 4245 latitudines.
748 4181 823 4247 Cum
847 4180 925 4243 enim
947 4182 1086 4262 planetae
1108 4200 1201 4245 causa
1223 4181 1481 4246 harumamedia
1502 4181 1641 4261 attegia
1716 4254 1721 4266 Ι

302 4270 353 4334 via
375 4271 461 4351 hujus
484 4271 603 4337 virtutis
628 4290 665 4333 ex
681 4270 761 4346 Sole,
786 4291 840 4334 ceu
863 4270 983 4351 abipso
1006 4279 1138 4333 torrente
1161 4272 1289 4335 fluminis
1312 4274 1352 4335 ad
1365 4272 1462 4333 latera
1484 4271 1637 4346 secedant,

301 4368 335 4422 ut
357 4359 467 4422 dictum
490 4363 587 4444 capite
610 4359 794 4434 XXXVIII,
819 4360 876 4421 nisi
899 4359 1002 4422 Solem
1028 4361 1211 4442 respicerent
1229 4360 1369 4435 interim,¹
1384 4379 1584 4442 accessusque
1606 4368 1641 4423 et

302 4468 439 4513 recessus
463 4450 491 4511 in
515 4452 594 4513 linea
617 4470 669 4533 per
693 4458 825 4512 centrum
848 4448 931 4513 Solis
953 4449 1095 4513 tendente
1124 4451 1309 4531 perficerent,
1339 4458 1409 4513 tunc
1432 4448 1558 4512 circulos
1581 4450 1639 4511 dc-

302 4540 476 4614 scriberent‚
500 4540 549 4621 qui
572 4560 609 4601 ex
632 4540 726 4603 Terra
747 4538 795 4599 vel
819 4557 855 4601 es
879 4546 981 4601 centm
1003 4539 1103 4603 mundi
1125 4547 1310 4622 'apparerent
1329 4539 1475 4614 minores,
1499 4538 1638 4618 paralleli

303 4650 368 4693 cum
392 4628 490 4710 aliquo
514 4629 649 4692 maximo.
696 4628 741 4691 At
764 4626 935 4692 describunt
957 4647 1061 4692 omnes
1088 4630 1227 4709 planetae
1249 4630 1397 4693 maximoe
1419 4627 1561 4700 cuculos,
1589 4628 1640 4710 qui

369 4822 417 4897 ,*)
438 4828 482 4882 Ita
501 4826 630 4897 planetae
651 4828 747 4881 flerent
766 4846 928 4902 γεωμετραι,
948 4827 1106 4882 dietantIam
1133 4826 1278 4880 metientes
1304 4827 1345 4882 eui
1365 4844 1384 4880 a
1402 4825 1467 4883 Sole
1487 4842 1537 4897 per
1556 4842 1640 4883 uuam

303 4910 457 4975 stationem,
479 4924 515 4963 sc.
537 4924 574 4963 cx
594 4907 741 4979 apparenti
760 4909 918 4981 quantitate
938 4908 1058 4978 corporis
1077 4906 1157 4964 Solis.
