3517 5525
702 410 861 463 nemaeo.
1141 478 1143 485 .
1393 416 1454 487 149

184 582 233 640 Sic
252 584 281 639 in
301 587 509 643 Ptolemaeo
529 588 558 642 ia
578 588 633 645 iliis
654 588 794 645 diametris
814 592 1006 665 epicyclorum,
1029 613 1098 666 quae
1119 613 1137 650 a
1155 599 1320 669 Capricorno
1340 600 1369 655 in
1383 602 1453 657 (lau-
1529 622 1533 633 ¹

101 682 181 721 eram
201 668 404 733 extenduntur,
436 668 493 723 tria
520 686 580 725 esse
603 677 706 741 puncta
731 671 894 743 aequalibus
915 674 1068 730 intervallis
1090 683 1217 733 exmema
1237 680 1303 736 bina
1323 696 1341 735 a
1360 684 1454 737 mediis

102 745 226 818 singulis
245 746 389 813 distantia,
411 766 430 803 a
449 767 479 804 se
499 758 593 804 mutue
607 754 680 807 'vero
701 751 856 807 intervallis
877 754 974 820 tantis,
995 755 1022 809 in
1043 758 1220 828 proportione
1241 764 1277 816 ad
1297 760 1453 827 diametros,

102 834 213 897 quanta
232 834 278 882 est
290 828 362 883 Solis
382 830 574 885 eecentricitas
595 834 663 896 tota,
685 832 833 888 collatone
854 836 930 889 iacta
951 839 985 889 ad
1006 837 1048 890 sui
1069 838 1198 895 circuitus
1218 840 1394 897 diametrum:
1417 862 1454 899 ex

100 908 146 963 his
165 907 260 963 mbas
280 910 399 979 punctis,
421 928 493 981 quae
513 918 578 966 sunt
598 913 657 966 loco
676 913 773 975 media,
795 913 846 968 illa
858 933 920 969 esse
935 915 1119 988 epicyolorum
1133 937 1243 977 suorum
1257 928 1361 986 neuma,
1383 940 1454 995 quae

100 1008 168 1044 rere
190 988 257 1043 hinc
275 1006 371 1044 versus
392 992 527 1046 Cancrum
548 991 617 1057 sint,
647 1010 710 1047 esse
730 998 848 1063 puncta,
879 996 954 1051 circa
982 1014 1054 1068 quae
1083 1007 1172 1055 motus
1194 1002 1378 1075 epicycleruns
1399 1003 1455 1059 sint
1560 996 1563 1001 ’

102 1070 282 1141 aequabilem
304 1071 420 1143 denique
442 1088 513 1143 quae
534 1072 598 1126 hinc
617 1090 713 1127 versus
734 1074 929 1143 Capricornum
950 1077 1018 1143 sint,
1044 1078 1096 1134 illa
1116 1098 1191 1145 ease,
1224 1100 1337 1153 quorum
1357 1102 1452 1139 eccen-

101 1152 188 1205 trieoe
211 1146 263 1217 (ab
283 1150 317 1205 iis
337 1147 504 1223 descriptos)
525 1152 704 1227 indagamus,
734 1154 758 1207 si
779 1172 840 1225 pro
860 1156 968 1211 medio
989 1158 1083 1214 Solis
1104 1168 1195 1217 motu
1217 1171 1454 1233 apparentem

102 1230 301 1302 sequimur,
323 1232 403 1302 quasi
424 1233 479 1287 illis
499 1233 527 1287 in
547 1235 656 1304 punctis
678 1234 795 1306 epicycli
816 1240 851 1291 ad
878 1238 1059 1293 eceeatrieum
1079 1238 1164 1296 'affixi
1194 1241 1262 1309 sint,
1293 1250 1326 1298 ut
1354 1244 1396 1300 ita
1425 1246 1453 1300 in

49 1379 53 1391 ὑ
101 1311 239 1382 cqjusque
259 1311 393 1381 planetae
414 1314 538 1384 epicyclo
558 1314 596 1371 sit
615 1316 743 1371 absolute
770 1322 833 1371 teta
852 1318 1010 1374 Theoria
1029 1319 1126 1376 Solia
1154 1340 1214 1377 cum
1242 1325 1364 1379 omnibus
1392 1325 1453 1394 eJus

103 1401 228 1448 nemun
249 1398 279 1446 et
299 1393 406 1474 orbium
425 1394 659 1465 proprietatibus:

181 1472 268 1527 Hisce
288 1472 328 1527 sic
348 1475 542 1529 demonstratio
562 1476 702 1531 infallibili
722 1476 858 1541 methodo,
875 1476 938 1543 jam
956 1485 986 1534 et
999 1480 1073 1551 prior
1092 1484 1196 1555 gradus
1218 1485 1253 1538 ad
1267 1500 1364 1540 causas
1381 1486 1451 1557 phy·

103 1553 174 1608 sicas
196 1554 373 1609 confirmatus
394 1562 438 1609 est
457 1563 488 1610 et
507 1573 593 1610 novus
613 1559 649 1613 ad
662 1572 711 1611 eas
725 1559 828 1630 gradum
843 1564 1011 1624 exstnsctus,
1033 1562 1060 1615 in
1075 1563 1263 1633 (loperniei
1282 1571 1313 1620 ct
1325 1567 1452 1621 Brahei

103 1634 233 1705 opinione
256 1634 415 1699 clarissime,
437 1635 464 1689 in
484 1636 708 1692 Ptolemaios
727 1638 868 1693 obscurius
888 1646 919 1693 et
939 1642 1120 1711 probabiliter
1140 1645 1249 1699 saltem.

178 1716 254 1769 Nasu
275 1715 334 1769 sive
354 1717 441 1770 Terra
461 1724 606 1773 moveatur
624 1718 683 1772 sive
702 1718 759 1782 Sol,
790 1720 1004 1777 demonstratum
1026 1730 1101 1778 certe
1122 1730 1183 1788 est,
1214 1725 1241 1779 id
1261 1741 1359 1795 corpus
1380 1728 1451 1796 quod

101 1802 228 1849 movetur
249 1796 351 1850 moveri
370 1797 539 1867 inaequabili
559 1799 683 1861 ratione,
703 1800 784 1851 tarde
797 1799 910 1863 seilicet,
935 1818 995 1857 cum
1015 1804 1125 1877 longius
1146 1806 1229 1859 abest
1241 1822 1261 1860 a
1275 1803 1448 1876 quiescente:

101 1876 252 1941 velociter,
274 1892 336 1929 cuns
355 1879 391 1931 ad
412 1878 555 1955 quiescens
575 1879 700 1949 proxime
719 1879 845 1934 accessit.
1044 1936 1048 1953 ,

179 1958 246 2011 Jam
265 1957 360 2011 statim
381 1957 468 2029 igitur
487 1966 607 2028 apparet
626 1959 769 2013 discrimen
790 1958 946 2029 opinionum
967 1961 1048 2017 trium
1069 1962 1097 2017 in
1116 1963 1245 2036 physica:
1273 1980 1324 2035 per
1344 1964 1450 2035 conjec-

99 2046 180 2091 turas
200 2036 323 2107 quidem,
346 2040 393 2091 sed
414 2038 483 2093 nihil
504 2041 633 2093 cedentes
652 2039 815 2093 certitudine
837 2039 1002 2109 conjecturis
1023 2044 1184 2099 medicorum
1206 2045 1239 2099 de
1260 2060 1313 2099 usu
1332 2046 1452 2116 partium

101 2124 151 2173 sat
172 2117 383 2189 quibuscunque
404 2118 466 2171 aliis
486 2120 619 2190 physicis.
707 2190 713 2197 ι
1145 2150 1147 2157 ‹
1315 2164 1316 2172 ,

178 2196 289 2251 Primos
316 2198 423 2269 quidem
451 2200 678 2255 Ptolemaeus
705 2200 873 2271 exploditur.
917 2200 983 2264 Quis
1010 2204 1082 2259 enim
1110 2206 1220 2270 credat,
1249 2204 1362 2260 totidem
1390 2222 1451 2261 esse

98 2277 225 2333 theorias
245 2278 318 2333 Solis
338 2274 388 2346 (ad
409 2295 528 2351 unguem
549 2280 651 2334 similes
669 2281 745 2335 inter
764 2298 808 2344 se,
829 2281 883 2334 imo
904 2298 969 2336 vero
991 2291 1020 2337 et
1041 2278 1186 2357 aequales)
1217 2290 1283 2357 quot
1303 2286 1451 2355 planetas?

98 2376 159 2413 orm
179 2358 284 2423 videat,
299 2360 410 2414 Braheo
424 2361 459 2413 ad
477 2361 575 2416 eadem
595 2360 689 2415 munia
702 2360 827 2416 sufficere
841 2359 949 2415 unicam
963 2363 1097 2419 theoriam
1111 2364 1195 2419 Solis:
1219 2364 1330 2421 axioma
1349 2370 1452 2438 quippe

97 2440 126 2494 in
146 2439 272 2511 physica
290 2440 506 2510 receptissimum
526 2449 579 2505 est,
600 2447 728 2496 naturam
749 2441 920 2511 paucissimis
940 2444 980 2497 uti
1001 2462 1081 2516 quam
1101 2445 1234 2514 possibile
1254 2452 1306 2500 est.

180 2529 416 2598 copernicum
451 2548 516 2585 vero
544 2526 715 2599 Braheo’)
745 2530 879 2601 potiorem
907 2550 968 2587 esse
996 2534 1023 2587 in
1052 2534 1169 2605 physica
1195 2535 1326 2600 coelesti,
1356 2536 1450 2593 multis

98 2611 245 2681 probatur.

177 2689 299 2744 Primum
319 2690 487 2744 Braheus
507 2690 631 2745 illeorias
652 2690 718 2744 illas
738 2690 810 2745 Solis
831 2691 949 2764 quinque
970 2710 986 2745 e
1006 2693 1183 2764 planetarum
1204 2694 1324 2753 theoriis
1337 2696 1452 2750 sustulit

98 2771 207 2843 quidem
222 2777 252 2824 et
265 2773 303 2824 ad
316 2777 414 2826 centra
426 2771 640 2826 eccentricerum
653 2772 776 2836 deduxit,
800 2774 959 2838 assultavit,
981 2775 1009 2828 iu
1027 2791 1108 2832 uuam
1123 2777 1264 2832 conflavit:
1286 2793 1343 2831 rem
1363 2777 1452 2846 ipsam

97 2869 173 2916 sero,
195 2867 269 2922 quae
287 2851 425 2921 perillus
446 2850 570 2907 theorias
590 2853 771 2917 efficiebatur,
791 2853 904 2924 reliquit
924 2854 952 2908 iu
973 2859 1080 2911 mundo.
1115 2859 1235 2913 Planeta
1248 2857 1320 2912 enim
1334 2855 1451 2928 quilibet

97 2939 214 3002 praeter
234 2949 296 2985 eum
316 2939 434 2996 motum,
456 2933 502 3004 qai
522 2939 567 2987 est
586 2933 613 2986 ei
632 2933 767 3004 proprius,
789 2934 927 2989 Braheo
948 2953 1001 2989 non
1022 2938 1109 2993 minus
1130 2955 1211 3008 quam
1232 2938 1450 2992 Ptolemaeo

98 3019 229 3067 movetur
247 3011 396 3066 etiamnum
416 3030 447 3066 re
467 3029 536 3067 vera
554 3019 631 3068 motu
645 3013 727 3077 Solis,
748 3013 864 3070 miscam
885 3022 1016 3087 utrosque
1037 3017 1064 3072 in
1086 3034 1176 3082 unum,
1198 3035 1235 3072 ex
1256 3034 1311 3089 qua
1329 3017 1452 3073 mixtura

97 3093 192 3163 spirae
207 3092 380 3156 eiiciantur3
394 3095 465 3164 quod
479 3093 541 3148 inde
553 3095 593 3157 dt,
608 3095 676 3166 quia
688 3096 768 3148 orbes
783 3094 874 3149 nullos
889 3113 949 3149 esse
965 3098 1065 3152 solidos
1080 3099 1276 3153 demonstravit
1289 3099 1450 3152 Braheus

97 3172 280 3227 solidissime:
302 3173 525 3242 copernicus
545 3191 611 3228 sero
631 3175 760 3244 planetas
781 3173 899 3246 quinque
920 3181 993 3230 motu
1007 3178 1060 3232 hoc
1073 3185 1208 3234 extraneo
1231 3177 1341 3248 penitus
1362 3178 1449 3241 exuit,

97 3269 185 3308 cansa
205 3252 376 3322 deceptionis
406 3271 443 3307 ex
469 3255 544 3309 risus
568 3255 769 3310 conditionibus
793 3257 902 3310 educta.
947 3258 1043 3311 Adhuc
1070 3259 1158 3330 igitur
1186 3261 1259 3328 apud
1280 3259 1451 3312 Braheum
1514 3255 1531 3264 “’

97 3335 205 3404 qustra
224 3333 445 3403 multiplicantur
463 3343 566 3398 motus,
588 3343 620 3390 ut
640 3335 716 3406 prius
737 3337 810 3405 apud
830 3337 1076 3392 Ptolemaeum.

141 3405 148 3418 '
178 3413 314 3475 Secundo,
336 3414 359 3466 si
380 3415 462 3468 orbes
482 3417 550 3470 nulli
571 3421 643 3478 sunt,
673 3416 755 3469 valde
776 3417 846 3469 dura
864 3418 914 3471 het
934 3418 1051 3472 conditio
1072 3417 1320 3489 intelligentiarum
1340 3423 1371 3472 et
1390 3417 1448 3472 ani·

97 3511 204 3550 marum
225 3493 382 3556 metricum
403 3496 467 3550 dum
487 3497 521 3550 ad
542 3502 597 3550 tam
618 3495 708 3551 multa
726 3495 863 3566 respicere
880 3498 1024 3567 jubentur,
1045 3505 1078 3553 ut
1097 3499 1240 3569 planetam
1260 3498 1365 3552 duobus
1386 3515 1449 3568 per·

97 3575 192 3630 mixtis
214 3573 335 3628 motibus
356 3573 497 3630 invehant.
533 3578 576 3630 ad
595 3576 731 3630 minimum
752 3577 823 3630 enim
843 3578 924 3634 simul
946 3585 975 3633 et
995 3581 1079 3634 semel
1101 3585 1236 3651 cogentur
1256 3578 1393 3651 respicere
1414 3580 1448 3633 ad

97 3657 246 3726 utrimque
267 3660 357 3709 motus
377 3655 528 3726 principia,
550 3664 662 3720 centra,
684 3657 819 3727 periodos.
862 3659 944 3714 Atei
966 3661 1052 3715 Terra
1071 3667 1203 3724 movetur,
1225 3661 1358 3730 pleraque
1378 3657 1449 3713 effici

98 3753 182 3808 posse
204 3737 361 3789 demeum
382 3735 563 3792 facultatibus
584 3755 637 3790 non
665 3737 829 3791 animalibus
859 3743 907 3793 sed
937 3741 1091 3810 corporeis,
1122 3740 1286 3812 magneticis
1315 3739 1448 3796 nimbum.

97 3818 151 3872 Sed
172 3818 246 3870 haec
267 3815 542 3872 communicassent.
570 3817 734 3888 'Sequuntur
747 3817 811 3884 alia,
833 3836 904 3890 quae
921 3821 1031 3891 proprie
1052 3828 1203 3876 nascuntur
1223 3839 1260 3875 ex
1280 3823 1447 3874 demonstra-

96 3898 230 3960 tionibus,
252 3894 350 3966 qnsbus
368 3895 428 3964 jam
449 3896 607 3953 insistimus.

175 3977 210 4033 Si
228 3976 301 4032 enim
320 3978 416 4030 Tellus
435 3985 569 4042 movetur,
590 3982 805 4057 demonstratum
825 3985 877 4043 est,
902 3997 963 4034 eam
984 3982 1062 4052 leges
1083 3979 1235 4036 celeritatis
1256 3986 1286 4034 et
1307 3977 1447 4036 tarditatis

97 4075 164 4114 snae
185 4057 313 4126 accipere
333 4075 372 4112 ex
391 4059 500 4112 modulo
521 4074 648 4114 accessus
677 4059 719 4114 sui
748 4061 783 4112 ad
804 4060 896 4114 Solem
916 4067 945 4114 et
965 4077 1089 4115 recessus
1111 4063 1147 4116 ab
1167 4062 1270 4116 eodem.
1312 4059 1398 4132 Atqui
1418 4066 1448 4114 et

95 4138 211 4209 reliquis
230 4137 354 4208 planetis
374 4138 446 4192 idem
465 4139 566 4203 evenit,
588 4147 621 4195 ut
640 4157 676 4194 ex
697 4140 750 4194 hoo
770 4155 884 4195 accessu
904 4157 922 4194 a
942 4141 1005 4195 Sole
1027 4141 1174 4197 incitentur
1195 4142 1239 4195 vel
1260 4139 1444 4196 inhibeantur.

96 4217 310 4288 nemausensis,
328 4219 425 4274 harum
445 4235 536 4274 rerum
556 4226 600 4274 est
619 4220 790 4292 geometrica
809 4221 951 4275 hactenus.

175 4300 224 4353 Ex
244 4297 298 4352 hac
318 4299 472 4355 certissima
491 4301 724 4359 demonstratione
747 4298 808 4369 jam
834 4318 885 4371 per
912 4300 1097 4372 conjecturam
1126 4301 1271 4372 physicam
1296 4299 1445 4374 colligitur,

96 4381 202 4436 mntem
222 4385 314 4435 motus
333 4380 509 4448 planetarum
530 4380 648 4452 quinque
668 4380 695 4434 in
716 4380 775 4450 ipso
796 4382 881 4436 Sole
902 4399 972 4437 esse.
1012 4383 1102 4438 Valde
1128 4382 1216 4452 igitur
1236 4381 1373 4444 versimile
1393 4389 1431 4435 es·

96 4461 134 4516 ibi
153 4477 218 4515 esse
239 4460 343 4513 fenum
361 4465 452 4514 motus
466 4461 593 4525 Telluris,
615 4460 663 4515 ubi
683 4467 727 4515 est
746 4461 808 4516 iens
828 4468 919 4518 motus
937 4462 1103 4533 reliquorum
1118 4462 1235 4534 quinque
1254 4464 1385 4532 planetar

98 4541 205 4596 seilicet
223 4539 317 4594 itidem
337 4539 366 4596 in
386 4541 477 4597 Sole.
517 4543 630 4597 Terram
657 4540 746 4612 igitur
774 4543 875 4597 moveri
905 4541 1041 4598 versimile
1070 4550 1127 4608 est,
1158 4543 1259 4614 quippe
1291 4549 1341 4612 apr

97 4620 239 4677 verisimili
258 4636 346 4675 causa
365 4621 426 4690 ejus
446 4628 545 4677 motus.

174 4703 201 4756 E
221 4700 379 4765 mommio,
400 4700 509 4759 Solem
529 4701 679 4757 consistere
699 4702 759 4756 loco
780 4719 830 4757 suo
851 4703 879 4757 in
899 4704 989 4760 mundi
1011 4701 1122 4770 centro,
1150 4721 1210 4760 cum
1238 4723 1253 4751 r

185 4886 211 4952 ')
231 4888 308 4952 (injns
324 4886 522 4940 honestissimam
541 4893 568 4938 et
583 4888 750 4957 gratissimam
768 4887 821 4938 herl
844 4889 994 4940 mentionem
1013 4893 1038 4939 et
1056 4889 1155 4940 record⁰

99 4969 152 5026 αις
171 4978 228 5014 cans
240 4967 321 5012 totum
332 4959 381 5012 hoo
399 4960 537 5011 udaeam
549 4973 621 5025 mper
632 4964 686 5025 sjns
702 4959 779 5011 londo
792 4967 924 5022 emtroam,
943 4961 1073 5012 materiem
1085 4960 1115 5012 at
