3517 5525
633 388 695 443 Pars
713 386 836 443 Secunda.
873 388 955 457 capue
971 388 1013 445 Xl.

715 624 834 725 Caput
859 623 929 700 XI.

458 782 515 845 De
532 780 760 865 pmdtaattaa
780 751 908 848 diremit
928 779 1036 847 atellam
1058 780 1183 848 Mortis.

239 918 361 983 Initium
384 922 454 985 novi
476 923 534 985 mei
557 924 670 988 laboris
693 932 725 987 et
747 924 945 989 restitutionis
970 931 1099 987 motuum
1122 924 1191 986 inde
1215 925 1263 987 ubi
1282 924 1348 1005 jam
1362 926 1490 989 cessavi.

151 1007 231 1070 Nam
259 1028 298 1072 ex
328 1020 416 1090 parte
447 1013 544 1093 prima
566 1022 669 1095 patet,
702 1015 890 1078 assumenda·
914 1014 1030 1097 quidem
1055 1014 1121 1075 loca
1144 1022 1169 1084 d
1193 1016 1247 1076 sub
1271 1014 1490 1095 oppositionum

150 1114 218 1161 cum
251 1096 292 1176 Θ
324 1118 462 1163 verarum
486 1102 646 1181 articulus,
680 1104 734 1167 sed
760 1112 860 1166 tarum
885 1104 927 1165 sic
950 1122 1007 1165 non
1030 1120 1135 1165 omnen
1159 1102 1225 1165 exui
1248 1104 1492 1185 inaequalitatem
1585 1136 1591 1149 ·

151 1188 324 1265 secundam,
347 1190 402 1253 sed
417 1208 491 1270 opus
510 1210 578 1253 esse
591 1200 627 1254 ut
640 1212 726 1255 araus
740 1192 770 1255 in
784 1194 924 1275 ecliptica
937 1200 1108 1254 numeratus
1127 1192 1287 1255 reducatur
1307 1193 1346 1254 ad
1364 1193 1491 1255 orbitam

147 1277 300 1357 planetae.
338 1280 383 1341 At
404 1280 503 1342 orbita
523 1281 664 1363 planetae
686 1284 769 1362 prius
787 1290 836 1344 est
852 1281 1063 1361 investiganda
1075 1299 1128 1361 par
1144 1280 1369 1345 inclinationem
1383 1282 1491 1362 planu-

147 1384 213 1429 rum
236 1374 269 1427 st
290 1385 347 1448 per
364 1370 506 1431 nodorum
525 1370 733 1450 cognitionem.
778 1370 909 1433 Rursum
930 1368 1084 1471 inclinatip
1107 1376 1139 1431 et
1161 1370 1233 1433 nodi
1253 1380 1403 1451 nequeunt
1425 1370 1490 1433 sine

145 1455 297 1535 parallaxi
319 1456 425 1520 diurna
446 1459 585 1539 cognosci
608 1460 753 1541 siqnidem
776 1461 850 1522 baec
873 1460 915 1522 ait
938 1458 1157 1539 grandiuscula.
1194 1461 1224 1522 A
1238 1461 1386 1540 parallari
1400 1458 1492 1540 igitur

148 1543 357 1625 incipiendum,
380 1546 463 1627 eujus
484 1547 677 1629 inquirendae
700 1550 804 1611 modos
827 1549 901 1612 duos
923 1567 1041 1629 punam.

235 1632 348 1697 Prior
373 1636 500 1699 modus
532 1637 676 1711 (usitatus
708 1646 741 1701 et
770 1639 895 1713 ceteris)
919 1636 1137 1701 examinabitur
1172 1636 1202 1697 in
1230 1637 1489 1699 observationibus

87 1742 94 1759 ·
146 1722 326 1787 Brabeanis.

234 1812 326 1875 Anno
352 1812 445 1892 igitur
478 1812 563 1879 1582
595 1834 661 1879 eum
684 1823 933 1895 &opponeretur
956 1813 996 1893 Θ
1023 1814 1052 1876 in
1078 1828 1127 1888 to,
1160 1813 1362 1877 incredibilem
1389 1815 1487 1878 inveni

144 1902 334 1983 diligentiam
351 1902 383 1963 in
402 1902 599 1979 observando,
625 1924 690 1967 cum
703 1902 954 1988 titulo'l'ychonis
970 1904 1172 1983 manuscripto
1195 1921 1264 1982 pro
1288 1904 1487 1983 inquiren-

145 1990 203 2053 dis
225 1989 500 2071 parallaxibus
522 1993 677 2070 Martis,
701 1993 755 2055 sed
778 2012 815 2055 ex
838 2013 899 2074 qua
917 2001 971 2055 aut
987 1994 1076 2074 plane
1098 1993 1209 2055 nullam
1229 2002 1281 2054 aut
1298 1994 1488 2075 perexiguam

145 2080 285 2143 elicueris
307 2080 418 2143 Martis
440 2082 618 2161 parallaxin.
655 2083 754 2144 Taceo
777 2083 854 2162 quud
867 2086 964 2157 (more
980 2082 1084 2155 solito)
1103 2082 1222 2143 stellam
1238 2088 1490 2160 &compararunt

146 2170 185 2231 ad
208 2170 317 2233 stellas
340 2169 497 2250 ecliptieae
520 2171 636 2232 vicinas
657 2182 690 2233 at
711 2170 883 2252 plerumque
906 2173 992 2253 longe
1012 2171 1170 2233 distantes.
1210 2168 1286 2233 Cum
1302 2170 1392 2250 igitur
1406 2190 1488 2234 corn-

142 2258 302 2339 paratione
314 2258 481 2321 matutinae
493 2269 525 2322 et
541 2262 729 2340 vespertinae
745 2260 962 2323 observationis
979 2260 1077 2322 soleat
1090 2258 1196 2343 inquiri
1205 2260 1371 2339 parallaxis
1381 2260 1488 2323 stellae

145 2347 264 2410 mobilis
287 2347 330 2421 (d
352 2347 430 2410 enim
451 2346 491 2428 Θ
510 2348 666 2429 oppositus
688 2349 801 2411 incedit
821 2358 904 2411 motu
917 2348 1118 2429 retrogrado),
1143 2348 1211 2410 hinc
1235 2348 1357 2424 iactum,
1375 2358 1410 2411 ut
1426 2352 1487 2412 iere

144 2436 182 2499 ab
216 2436 285 2499 aliis
311 2437 410 2499 stellis
433 2456 535 2508 mane,
566 2436 633 2500 aliis
657 2438 774 2519 vesperi
797 2447 823 2509 ό
846 2438 937 2500 fuerit
959 2440 1145 2501 observatus.
1192 2435 1286 2516 Cujus
1309 2439 1389 2500 enim
1412 2439 1489 2501 lixae

145 2544 235 2589 mane
263 2524 351 2605 copia
377 2526 435 2588 tuit
462 2527 594 2601 (altioris
626 2528 733 2609 quippe
763 2546 851 2607 quam
874 2536 923 2589 est
949 2533 990 2600 d)
1013 2547 1059 2601 ea,
1083 2526 1108 2587 si
1131 2526 1172 2588 sit
1195 2526 1352 2605 eclipticae
1375 2527 1483 2603 vicina,

143 2614 265 2696 vesperi
288 2616 330 2688 (ὁ
347 2614 413 2695 jam
435 2615 464 2677 ln
480 2617 571 2695 plaga
589 2618 768 2679 occidentali
786 2618 943 2691 versante)
966 2624 1018 2679 ant
1036 2615 1146 2678 occidit
1160 2622 1213 2677 aut
1225 2615 1263 2677 nb
1278 2617 1486 2679 refractionem

141 2706 249 2788 inepta
271 2711 320 2768 est
340 2704 371 2767 in
394 2704 451 2768 hoc
473 2704 730 2787 subtilinegotio.
775 2705 848 2768 Alia
869 2706 961 2787 igitur
975 2705 1184 2770 substituenda
1205 2705 1270 2768 fuit.
1309 2706 1354 2768 At
1367 2706 1393 2769 si
1408 2708 1484 2770 stel-
1542 2743 1548 2754 ι

142 2797 191 2859 lae
214 2795 292 2858 lixae
316 2793 395 2856 aliae
418 2794 486 2857 aliis
507 2804 729 2875 permutentur,
760 2815 876 2876 semper
899 2796 995 2859 minor
1018 2796 1092 2858 fides
1114 2803 1163 2880 est
1185 2795 1320 2876 negotio,
1351 2798 1486 2878 quamsi

142 2884 251 2948 cadam
272 2883 447 2946 retineatur.

232 2971 310 3035 Cum
332 2980 433 3034 autern
455 2972 625 3035 Brahsus
651 2971 767 3053 passim
793 2971 866 3034 viris
897 2972 995 3034 ductis
1018 2970 1223 3041 affirmaverit,
1247 2991 1285 3033 ex
1306 2971 1395 3052 hujus
1418 2975 1487 3035 suni

138 3061 311 3126 observatis
339 3061 491 3124 inventam
515 3080 582 3124 esse
604 3061 773 3142 parallaxiu
798 3069 823 3131 d
846 3061 1026 3147 notabiliter
1049 3061 1191 3142 majorem
1215 3059 1331 3135 Solari,
1360 3079 1425 3141 ago
1456 3070 1488 3124 ut

139 3151 346 3234 operationem
375 3169 428 3214 seu
462 3151 606 3213 calculum
637 3151 715 3213 hunc
744 3150 876 3229 penitius
906 3150 1053 3231 inspicere
1083 3167 1220 3229 possem,
1257 3157 1354 3212 totum
1381 3149 1488 3213 librum

42 3271 46 3276 -
139 3240 372 3322 diligentissime
394 3240 584 3320 perlustravi.
629 3239 673 3300 Et
691 3239 793 3300 iuveni
807 3239 926 3319 quidem
935 3239 1064 3313 titulum,
1084 3238 1133 3320 qui
1143 3239 1289 3301 rationem
1299 3238 1488 3318 profiteretur
1538 3313 1544 3318 Ι

139 3329 305 3412 inquirendi
327 3327 496 3408 parallaxin
520 3336 545 3398 d
569 3346 607 3390 ex
629 3328 710 3390 illius
732 3328 802 3389 anni
825 3328 1097 3390 observationibus.
1152 3327 1215 3389 Sed
1244 3345 1279 3388 en
1303 3347 1365 3388 rem
1389 3327 1486 3410 inopi-

138 3429 252 3482 natam.
296 3419 409 3480 Locum
432 3426 457 3488 ἀ
478 3417 667 3482 observando
690 3417 846 3508 inqentum
864 3416 1127 3479 accommodarunt
1145 3417 1183 3478 ad
1198 3415 1320 3478 schema
1334 3415 1484 3498 Coperni-

139 3527 257 3583 canum,
281 3507 492 3587 operosissime
515 3515 547 3568 et
569 3507 798 3587 diligentissime
815 3506 1006 3569 delineatum.
1043 3507 1079 3568 ln
1098 3525 1133 3568 eo
1154 3505 1307 3568 schemate
1327 3505 1485 3568 immanem

139 3605 313 3662 sumserunt
344 3597 495 3672 laborem,
523 3595 625 3657 omnia
646 3595 823 3675 triangula,
847 3613 923 3676 quae
946 3613 1038 3658 eausa
1061 3594 1186 3676 duplicis
1210 3594 1335 3676 epicycli
1358 3594 1388 3658 in
1410 3613 1484 3657 con-

140 3687 274 3750 centrioo
300 3687 517 3760 nascebantur,
550 3684 687 3747 solvendi
715 3685 845 3748 numeris
866 3683 1094 3764 prolixissimis,
1127 3685 1307 3764 tandemque
1338 3683 1386 3768 hic
1418 3693 1486 3746 erat

137 3776 208 3838 linis
230 3772 353 3850 calculi,
384 3783 419 3836 nt
439 3774 685 3854 pronunciarent,
707 3773 876 3853 parallaxin
900 3771 1009 3836 Martis
1032 3789 1101 3835 vere
1125 3775 1188 3836 lieri
1210 3773 1352 3853 majorem
1375 3771 1484 3836 Solari.

139 3865 233 3927 Aliud
269 3862 361 3944 igitur
391 3864 530 3926 Brabaus
561 3872 777 3942 proposuerat,
814 3861 896 3924 aliud
932 3859 1060 3924 ministri
1096 3863 1203 3924 calculi
1235 3869 1305 3924 suut
1340 3863 1484 3925 exsecuti.

138 3955 196 4020 Illo
222 3951 363 4028 volebat,
396 3961 431 4015 ut
461 3971 500 4013 ex
520 3951 677 4015 matutinis
704 3960 738 4014 et
758 3951 939 4031 vespertinis
963 3950 1220 4014 observationibus
1243 3951 1320 4014 inter
1344 3971 1377 4014 se
1400 3971 1484 4015 curn·

138 4043 257 4124 paratis
298 4041 482 4122 inquirerent
516 4041 684 4121 parallaxin
719 4040 845 4102 Martis:
894 4039 922 4101 bi
958 4057 1029 4102 veru
1070 4041 1300 4121 inquisiverunt,
1343 4049 1482 4122 quantam

139 4130 314 4212 parallaxiu
350 4131 467 4196 iaceret
497 4132 620 4193 schema
643 4129 890 4212 Gopemicanuna
944 4129 995 4192 An
1025 4130 1116 4210 igitur
1138 4149 1176 4191 ex
1198 4129 1255 4192 hac
1277 4129 1344 4191 sola
1366 4149 1486 4194 suorum

141 4221 345 4342 ministrpmm
375 4221 434 4283 lide
465 4219 604 4282 Brabeus
634 4221 672 4282 de
694 4219 899 4299 parallaxibns
920 4219 1176 4298 pronunciaverit,
1200 4217 1414 4300 incompertum
1437 4229 1486 4283 ast

139 4309 226 4373 mibi.
241 4305 285 4390 ¹)

229 4399 294 4462 Nos
316 4396 384 4477 ipsa
406 4396 569 4473 observata
591 4397 748 4476 (quantum
762 4396 801 4458 ad
819 4396 971 4476 negotium
985 4405 1119 4460 nostrum
1134 4395 1259 4473 attinet)
1274 4399 1484 4462 consulamus:

139 4488 232 4552 Anno
265 4483 350 4550 1582
380 4491 467 4548 nocte
499 4486 579 4549 iuter
605 4481 659 4548 23.
689 4495 721 4548 et
743 4479 796 4549 21.
819 4485 900 4549 Νον.
929 4486 1092 4549 distantiae
1119 4486 1227 4549 afixis
1251 4487 1374 4551 eaedem
1395 4506 1484 4549 man-

140 4586 247 4640 semnt
286 4575 413 4638 diversis
449 4576 541 4638 horis.
586 4573 645 4637 Hic
680 4573 773 4654 igitur
803 4572 944 4638 stationis
966 4575 1109 4638 terminus
1141 4575 1206 4640 luit
1254 4573 1414 4659 Sequentia
1435 4575 1484 4640 bi-

142 4666 192 4728 dui
219 4674 318 4728 motus
342 4663 399 4726 fuit
423 4662 474 4728 11¹
497 4673 530 4726 et
554 4661 617 4727 15‘.

229 4755 328 4819 Nocte
356 4751 416 4816 diei
442 4749 496 4817 26.
520 4753 594 4815 Dec.
624 4749 745 4814 transiit
770 4749 849 4814 inter
879 4753 1040 4816 secundam
1072 4759 1104 4815 et
1125 4752 1335 4834 septimamll
1365 4751 1482 4818 distans

143 4845 212 4926 (per
226 4835 360 4923 radium)
383 4862 403 4904 a
424 4843 524 4922 capite
538 4838 686 4904 inferioris
702 4837 895 4904 Geminomm
909 4863 962 4906 seu
981 4862 1000 4904 a
1016 4843 1146 4905 secunda
1164 4839 1203 4906 2⁰
1225 4837 1279 4906 25‘
1300 4843 1348 4906 vel
1363 4838 1403 4906 2⁰
1416 4839 1482 4920 26⁶,

144 4933 199 4996 aad
222 4953 242 4994 a
263 4930 393 5014 septima
417 4927 455 4994 1ο
476 4928 508 4994 6⁴
531 4931 580 4993 vel
605 4926 642 4994 1·
665 4926 705 5004 7⁴,
729 4937 764 4991 ut
785 4929 912 4993 latitudo
923 4930 1014 4994 tuerit
1028 4925 1068 4994 1ο
1085 4931 1117 4996 9¹
1131 4931 1257 4994 circiter.
1294 4929 1378 4994 Hora
1392 4932 1482 5013 igitur
