3517 5525
701 415 741 483 lle
763 417 843 484 launa
1381 417 1448 504 679

190 599 274 666 Haec
299 601 403 665 ultima
426 623 492 666 mea
522 605 690 668 emendatio
715 609 782 688 (pro
807 627 884 670 nunc
917 609 1050 689 quidem)
1081 635 1138 677 non
1172 613 1270 694 potuit
1300 613 1449 679 hactenus

103 692 176 767 lieri,
199 693 371 774 priusquam
391 691 533 756 haberem
558 710 684 778 quatuor
714 697 869 776 eclipsinm
897 700 1131 778 observationes
1155 723 1213 764 uno
1237 704 1302 764 loco
1325 702 1447 766 habitas

103 788 135 841 et
158 777 417 844 observationibus
441 783 565 846 aliorum
589 785 727 859 locorum,
752 786 869 848 scilicet
888 787 1042 869 Tubingae
1057 799 1090 852 et
1102 792 1219 854 Romae
1245 794 1445 855 confirmatas.

102 869 159 931 His
183 870 387 950 parallaxibus
425 874 568 935 assumtis
591 883 622 934 et
644 874 763 936 horario
797 875 904 948 (etiam
933 879 1080 958 apriori)
1113 880 1246 944 nonnihil
1279 883 1447 957 emendato,
1537 915 1541 920 ·

102 968 220 1021 retento
244 978 315 1019 vero
339 961 448 1039 angulo
471 961 637 1024 latitudinis
668 963 807 1043 copulari
824 972 855 1026 et
878 965 944 1027 loco
968 968 1055 1045 nodi,
1078 978 1113 1032 nt
1135 971 1163 1032 in
1187 969 1447 1050 Ephemeridibus,

103 1047 327 1110 eooentricitate
358 1067 429 1111 vero
462 1051 565 1114 Lunae
598 1052 669 1114 reali
700 1052 826 1133 simplici
860 1063 892 1115 et
923 1053 1069 1120 diametro
1102 1061 1128 1130 b
1161 1058 1191 1120 in
1223 1077 1359 1139 apogaeo
1383 1055 1446 1134 30‘,

104 1137 329 1198 observationes
355 1157 445 1220 supra
468 1150 540 1202 vota
562 1148 648 1203 tueor
677 1143 774 1221 quoad
802 1142 914 1222 digitos
935 1153 966 1206 et
980 1146 1177 1210 durationem.
1218 1147 1252 1210 In
1276 1166 1447 1209 accommo-

103 1225 224 1289 datione
247 1227 389 1305 temporis
413 1226 510 1290 adhuc
533 1231 649 1290 haereo.
923 1229 926 1235 '

191 1315 282 1376 Mitto
306 1315 414 1380 salutis
438 1318 504 1379 loco
528 1319 718 1380 Theoriam
743 1319 865 1380 Lunae
889 1331 1074 1386 renovatam.
1112 1324 1142 1387 A
1167 1333 1301 1386 centrum
1324 1319 1446 1399 Terrae,
1493 1311 1497 1323 ’

103 1405 130 1466 Β
154 1415 288 1468 centrum
311 1405 470 1470 eooentrici
492 1409 594 1470 Lunae
619 1409 683 1490 (qui
706 1417 808 1469 tamen
831 1409 961 1483 intelli-k

104 1499 193 1572 gatur
224 1493 392 1582 ellipticus,
428 1504 462 1558 nt
489 1505 558 1558 sunt
590 1497 749 1559 eooentrici
781 1505 947 1562 ceterorum
1138 1483 1192 1551 ΗΒ·
1212 1481 1254 1535 ¹⁶·

103 1583 318 1662 planetarum),
338 1583 394 1646 DE
408 1583 488 1647 linea
511 1585 656 1666 apsidum,
680 1584 736 1648 FG
753 1585 831 1649 linea
854 1605 948 1666 copn-

104 1671 208 1746 larum,
232 1671 438 1744 BLMNOPQ
455 1673 592 1737 rifnellus
615 1683 753 1756 respectu
776 1675 949 1756 copularum
1059 1655 1094 1734 ι’
1213 1723 1214 1742 ι

104 1779 219 1822 annuus
248 1759 278 1821 in
294 1763 533 1840 antecedentia,
564 1764 617 1826 sed
649 1773 789 1845 respectu
822 1765 946 1827 dxarnm

103 1849 279 1911 novennalis
311 1851 372 1911 lere
402 1851 431 1912 iu
465 1853 695 1938 consequentia3
729 1853 826 1916 lineae
857 1874 896 1914 ex
917 1854 948 1916 A
1104 1797 1178 1961 Χ

103 1937 134 1998 in
158 1939 196 2012 D,
218 1939 253 2014 F,
277 1939 317 2013 H,
340 1937 376 2011 E,
395 1940 418 2016 1,
440 1939 479 2018 G,
497 1943 527 2004 K
551 1943 648 2004 lineae
672 1949 741 2018 sunt
765 1942 826 2003 veri
850 1951 948 2005 motus
995 1971 1012 2007 ιι
1042 1965 1191 2014 <qv

8 2101 10 2106 Α
104 2027 217 2088 Lunae.
256 2028 405 2090 Ponamns
429 2033 601 2093 centrumB
626 2029 655 2092 in
675 2051 731 2093 uno
755 2051 856 2092 mense
880 2051 948 2093 esse

60 2136 71 2146 ¹
104 2116 262 2190 immobile,
287 2116 346 2179 etsi
360 2118 390 2179 id
407 2127 544 2181 movetur
556 2139 661 2182 versus
676 2117 705 2190 Q
725 2121 753 2182 in
769 2139 825 2182 nno
845 2139 948 2184 mense

103 2223 158 2286 per
180 2223 266 2266 unum
290 2205 405 2285 signum
426 2209 498 2270 sere.
537 2209 636 2271 Docta
658 2208 749 2288 igitur
773 2209 851 2270 exB
875 2229 947 2290 per-

8 2293 9 2300 ’
103 2292 288 2374 pendicnlari
316 2293 344 2354 in
368 2294 424 2360 FG
453 2297 562 2358 lineam
592 2299 777 2378 copularum,
807 2299 949 2378 quaesit

8 2369 9 2406 ³
103 2379 176 2454 BC,
209 2381 263 2444 erit
286 2381 310 2446 G
334 2393 487 2468 punctum!
506 2387 691 2466 aequationis
723 2394 893 2449 menstruae
917 2395 948 2449 et

104 2473 131 2533 F
154 2471 243 2532 veluti
267 2491 433 2555 apogaeum
456 2475 614 2555 quoddam,
638 2475 708 2557 qnia
729 2477 758 2538 D
781 2494 948 2558 apogaeum
1215 2536 1219 2544 .

8 2563 9 2572 ’
105 2567 154 2622 est
186 2559 240 2641 ipsi
273 2560 400 2625 vicinius
433 2583 520 2644 qnam
552 2563 579 2626 E
610 2563 791 2646 perigaeum.
846 2565 889 2626 Et
918 2566 948 2628 in
972 2563 1057 2628 FHG
1086 2562 1282 2645 aequationes
1306 2563 1447 2629 subtrae-

8 2691 9 2694 ,
105 2647 212 2724 toriae,
236 2649 266 2712 in
289 2649 375 2716 GKF
406 2653 597 2735 adjectoriae.
642 2654 728 2714 Luna
757 2654 848 2732 igitur
877 2655 908 2716 in
936 2653 991 2716 tali
1023 2672 1125 2715 mense
1148 2654 1176 2714 in
1200 2653 1229 2714 D
1253 2655 1301 2716 vel
1324 2655 1350 2718 Ε
1373 2675 1443 2718 ver-

106 2746 194 2801 sante
217 2757 285 2802 vero
309 2748 400 2825 motu,
435 2743 517 2805 nulla
540 2749 588 2805 est
611 2743 748 2824 aequatio
783 2743 900 2806 solutae
928 2742 1163 2825 inaequalitatis.
1209 2744 1255 2805 at
1278 2752 1325 2806 est
1347 2744 1448 2827 aliqua

105 2828 246 2908 aequatio
267 2838 437 2893 menstruae
461 2832 705 2913 inaequalitatis,
739 2832 822 2911 cujus
845 2834 1046 2915 quantitatem
1074 2831 1187 2894 indicat
1209 2852 1282 2894 area
1304 2834 1447 2915 trianguli

107 2917 205 2991 GDA,
230 2916 326 2993 OsA,
357 2938 432 2999 quae
464 2922 494 2982 in
526 2922 636 2999 gradus
668 2922 835 2985 anomaliae
864 2921 981 2983 mediae
1011 2940 1064 2983 sen
1093 2920 1292 3000 temporariae
1323 2923 1465 2986 redacta,

107 3006 250 3087 adjicitur
268 3010 306 3069 ad
335 3010 473 3089 angulum
497 3010 581 3072 FAD
606 3010 652 3071 vel
676 3008 777 3085 FAE;
806 3010 849 3071 ita
872 3011 1050 3072 conciliatur
1076 3008 1186 3088 angulo
1214 3009 1339 3071 visionis
1361 3010 1447 3074 FAD

107 3096 158 3157 vel
181 3095 366 3175 FAE'suum
394 3099 509 3179 justum
533 3107 648 3179 tempus
682 3096 930 3160 denominationis
962 3098 1191 3161 astronomicae.
1238 3096 1382 3161 Vicissim
1406 3100 1447 3161 sit

8 3182 9 3219 ³
107 3186 234 3267 planeta
255 3192 321 3249 vero
345 3198 428 3249 motu
451 3189 515 3261 (vel
537 3206 629 3269 prope
653 3205 736 3261 vero,
769 3188 805 3249 de
828 3186 995 3249 variatione
1023 3186 1101 3247 enim
1130 3186 1245 3248 dicetur
1272 3187 1391 3262 nltimo)
1414 3188 1446 3249 in

107 3274 205 3337 Fvel
231 3271 259 3335 G
281 3272 343 3338 Soli
376 3276 531 3357 oppositus
563 3277 611 3338 vel
644 3276 827 3356 coannctns.
874 3276 931 3338 llic
964 3274 1034 3357 quia
1065 3276 1162 3336 lineae
1185 3276 1250 3351 AF,
1275 3274 1341 3349 CF,
1373 3278 1446 3339 item

107 3361 181 3439 AG,
206 3360 263 3426 OG
288 3364 470 3441 coincidunt,
500 3371 653 3427 menstrua
685 3364 823 3446 aequatio
848 3372 897 3427 est
921 3365 1014 3438 nulla,
1040 3372 1088 3426 est
1109 3382 1181 3431 vero
1204 3364 1305 3445 aliqua
1327 3366 1445 3428 solutae

108 3452 340 3531 inaequalitatis,
363 3462 504 3516 constans
529 3453 643 3516 duabns
665 3454 811 3535 partibus,
836 3455 924 3534 plane
947 3452 1033 3516 utin
1057 3452 1187 3533 planetis
1211 3453 1329 3516 ceteris.
1369 3455 1445 3516 Pars

108 3540 188 3604 enim
212 3542 394 3623 aequationis
419 3543 519 3625 optica
542 3551 590 3605 est
612 3544 694 3629 ΒΕΑ
717 3542 764 3608 vel
787 3542 877 3607 BGA
900 3543 1036 3622 angulus,
1062 3562 1133 3624 pars
1155 3540 1280 3625 physica
1303 3550 1351 3605 est
1374 3563 1446 3605 area
1525 3528 1531 3537 ’
1561 3578 1565 3585 ι

107 3632 193 3694 BFA
215 3630 264 3690 vel
286 3629 370 3694 ucA
398 3632 429 3694 in
451 3633 563 3712 gradus
593 3630 759 3693 anomaliae
788 3632 906 3694 mediae
933 3646 1097 3693 conversa:
1125 3638 1160 3693 nt
1190 3630 1343 3693 sic'Luna
1366 3631 1396 3693 in
1419 3634 1446 3693 F

8 3752 9 3755 ¹
108 3719 212 3800 posita
235 3728 382 3799 competat
403 3723 512 3802 angulo
530 3718 625 3784 ’ΒΑΗ
646 3728 762 3801 tempus
795 3741 848 3783 seu
877 3720 1028 3783 anomalia
1056 3720 1169 3793 media,
1198 3728 1340 3802 quantam
1362 3722 1445 3783 valet

110 3827 184 3871 area
211 3808 306 3871 AFD.
355 3808 438 3873 Haec
470 3809 549 3872 enim
581 3806 658 3871 ratio
692 3810 901 3891 aequationnm
939 3810 1056 3873 ducitur
1085 3830 1122 3871 ex
1154 3808 1314 3889 ipsissimis
1344 3809 1444 3872 causis

110 3906 244 3960 motuum
271 3897 452 3961 namralibus
478 3918 533 3981 per
559 3899 832 3961 demonstrationes
864 3898 1050 3962 firmissimas
1078 3906 1110 3961 et
1137 3897 1359 3974 ineluctabiles,
1388 3918 1470 3985 nec(

111 3992 161 4047 est
183 3985 343 4057 arbitraria,
367 4006 421 4049 nec
443 3995 545 4067 potest
566 3986 629 4049 nlla
652 3986 884 4069 aequipollentia
905 3988 994 4069 plane
1018 3986 1093 4054 tolli,
1116 4006 1172 4049 nec
1194 3986 1275 4048 cedit
1297 3986 1444 4050 facilitate

8 4076 9 4117 ³
111 4073 304 4156 computandi
327 4076 465 4158 cuiquam.
512 4076 547 4139 Id
569 4075 624 4137 tibi
649 4074 736 4138 facile
768 4076 825 4137 erit
857 4076 1032 4158 explorare,
1065 4076 1092 4137 si
1114 4076 1172 4156 ipsi
1194 4076 1251 4138 AB
1275 4077 1444 4139 constituas

112 4164 269 4247 aequalem
285 4162 344 4239 BR
367 4172 401 4227 nt
417 4164 501 4227 sitR
518 4172 651 4227 centrum
674 4164 841 4246 aequantia,
866 4166 992 4242 angulus
1016 4164 1134 4245 quidem
1147 4164 1234 4227 RHB
1247 4184 1306 4226 non
1320 4166 1445 4227 multum

8 4286 9 4301 ι
112 4252 233 4319 differet
256 4243 386 4316 'avabre
409 4273 497 4316 areae
513 4254 609 4329 BHA,
634 4260 666 4315 at
679 4254 766 4333 longe
790 4253 942 4331 difficilius
966 4252 1193 4335 computabitur,
1218 4272 1273 4315 nec
1295 4253 1444 4316 ullatenus

112 4342 250 4405 intendet
272 4340 391 4422 digium
413 4342 442 4406 in
466 4361 573 4405 causas
596 4329 751 4424 physicas,
783 4342 884 4404 demto
906 4343 963 4404 hoc
988 4343 1084 4416 unico,
1110 4340 1188 4423 qnod
1208 4342 1306 4421 primo
1327 4360 1443 4422 ponen-

8 4464 9 4519 3
113 4434 171 4497 dus
194 4440 243 4495 est
274 4450 361 4511 arcus,
386 4431 544 4494 eooentrici
566 4432 635 4505 DF,
670 4430 776 4492 deinde
808 4450 845 4492 ex
867 4450 927 4493 nna
954 4440 1041 4513 parte
1073 4430 1286 4512 computandus
1317 4431 1444 4511 angulus

112 4522 200 4587 DAF
222 4522 418 4601 apparentem,
442 4538 480 4581 ex
501 4521 598 4581 altera
619 4527 705 4600 parte
729 4539 801 4581 area
822 4521 907 4583 FDA
931 4518 1097 4582 anomaliae
1120 4518 1185 4600 ejus
1207 4520 1333 4594 mediae,
1357 4518 1444 4581 unica

113 4608 362 4693 multiplicatione
377 4609 489 4673 valoris
513 4608 632 4670 maximi
655 4606 795 4687 trianguli
818 4608 848 4669 in
868 4608 965 4670 sinum
987 4606 1159 4669 arcnsFD:
1183 4617 1216 4670 nt
1230 4608 1274 4669 ita
1296 4606 1445 4670 anomalia

8 4712 10 4793 ξ
114 4700 215 4771 media
237 4698 320 4762 ΕΒΑ
344 4698 418 4774 deta,
442 4717 500 4760 non
523 4697 564 4759 sit
587 4696 715 4759 directus
737 4713 897 4777 processus
920 4698 958 4759 ad
982 4702 1177 4775 coaequatam
1199 4696 1293 4759 Fan.

111 4794 115 4804 '
204 4788 275 4851 Jam
297 4805 368 4848 vero
383 4806 490 4870 operae
512 4785 651 4867 pretinm
661 4792 709 4847 est
734 4784 835 4847 videre
864 4786 1058 4868 aequationes
1090 4784 1220 4860 mixtas,
1252 4791 1287 4846 nt
1309 4784 1334 4846 si
1358 4785 1445 4849 Luna

117 4876 158 4941 sit
181 4878 210 4939 in
233 4878 278 4952 H,
298 4877 313 4938 I
336 4876 384 4939 vel
398 4878 435 4939 K.
480 4876 537 4939 Hic
560 4893 614 4956 ego
637 4872 667 4936 in
690 4873 889 4955 Epheme‘ride
912 4883 944 4937 et
958 4869 1103 4937 hactenns
1125 4873 1271 4955 duplicem
1295 4872 1442 4935 eooentri-

118 4968 241 5031 citatem
265 4964 387 5029 adhibui
418 4966 472 5030 sed
495 4962 675 5048 deprehendi
698 4962 825 5044 eclipses
854 4964 937 5027 illam
958 4984 1017 5028 non
1041 4964 1128 5027 ferre.
1173 4960 1253 5025 Nam
1276 4960 1306 5024 in
1329 4961 1445 5044 copulis
1548 5014 1555 5039 ,
