3517 5525
493 430 523 483 ds
541 430 730 485 commentariis
749 428 780 481 da
797 434 866 485 motu
883 431 972 484 0101100
987 428 1085 484 1100110.
1413 430 1455 499 69
1482 417 1486 433 '

100 607 317 686 superioribus.
359 608 466 688 Itaque
482 608 593 671 Martis
618 610 647 671 10
663 608 688 672 O
712 610 816 672 tardus
832 618 881 671 est
898 617 998 677 motus
1020 608 1102 671 circa
1116 607 1166 687 Θ,
1191 610 1220 671 10
1235 611 1266 672 ll
1287 608 1456 683 mediocris,

99 694 125 759 in
148 697 175 757 F
198 698 300 759 00100.
351 697 475 760 Interim
498 706 598 761 tamen
627 699 763 781 aequalis
791 708 894 763 100001
921 707 1021 759 motus
1043 698 1124 761 circa
1145 701 1172 763 B
1196 708 1342 761 centrum.
1387 700 1454 763 Hoc

100 786 186 846 nodo
210 786 332 861 fitilla,
358 806 449 867 quam
471 787 674 867 superioribus
698 788 796 850 literis
819 788 911 863 innui,
936 787 1057 867 figora
1084 788 1216 851 000110.
1261 789 1342 852 Nam
1366 790 1455 851 citius

99 874 179 935 1οΗ
202 876 291 937 00011
326 876 458 957 facitque
489 877 666 940 distantiam
693 879 769 951 ΑΗ,
806 896 896 959 quam
928 877 1009 939 circa
1032 874 1072 953 Θ
1104 877 1145 939 in·
1168 879 1266 940 locum
1288 898 1307 940 a
1329 878 1356 939 B
1379 898 1456 959 qua-

98 964 240 1025 dratum:
282 965 436 1031 breviores
473 965 575 1047 itaque
612 968 651 1029 ad
689 968 787 1029 latera
818 984 872 1028 seu
905 965 933 1027 in
966 958 1201 1045 longitudinibus
1239 967 1347 1029 mediis
1383 968 1457 1031 fiunt

57 1048 67 1076 ⁸
99 1053 279 1129 distantiae,
305 1074 394 1135 quam
418 1055 497 1117 ratio
519 1056 647 1135 perfecti
670 1056 773 1118 circuli
798 1053 959 1117 eccentrici
982 1055 1087 1134 exigit,
1112 1062 1145 1117 et
1157 1056 1328 1119 differentia
1349 1075 1457 1121 versus

99 1142 276 1223 perigaeum
300 1144 398 1223 major
422 1151 486 1215 est,
517 1163 604 1225 quam
629 1164 734 1207 versus
762 1143 1457 1226 00000000000030000000100300
1531 1211 1534 1220 ,

97 1232 195 1293 usalis
221 1242 282 1294 001.
329 1233 435 1306 Porro,
459 1252 536 1314 quae
559 1234 640 1298 ratio
663 1244 832 1297 estractus
857 1241 892 1308 (5,
916 1233 1023 1295 eadem
1050 1234 1281 1297 accelerationis
1302 1234 1407 1315 puncti
1429 1236 1456 1301 Β

97 1340 192 1383 00000
216 1330 342 1385 0001000
367 1323 597 1403 intelligentiae.
644 1322 679 1385 Si
701 1324 749 1385 vis
774 1325 870 1397 scire,
899 1322 928 1383 in
953 1339 1010 1404 quo
1038 1323 1134 1402 gradu
1165 1322 1330 1386 celeritatis
1354 1322 1397 1384 sit
1412 1327 1454 1398 '03

97 1428 211 1491 quaere
241 1430 297 1491 per
327 1413 507 1475 anomaliam
539 1412 704 1494 simplicem
737 1414 803 1493 ejus
827 1434 845 1473 a
869 1408 910 1487 Θ
935 1411 1121 1474 distantiam.
1168 1415 1213 1475 At
1241 1413 1267 1474 si
1289 1412 1336 1473 010
1359 1408 1457 1479 locum

12 1566 13 1579 .
98 1502 188 1576 00100,
214 1508 340 1581 oportet
361 1500 452 1579 scire,
486 1510 629 1583 quantum
653 1503 860 1577 accumulatae
891 1518 995 1562 omnes
1018 1500 1056 1563 ab
1081 1518 1219 1582 apogaeo
1240 1500 1403 1566 distantiae
1427 1501 1458 1563 in

99 1589 136 1651 iis
160 1590 371 1671 temporibus,
404 1589 434 1652 in
459 1610 535 1673 quae
558 1592 694 1672 singulae
727 1592 911 1664 inciderunt,
941 1589 971 1651 in
994 1596 1077 1652 matu
1109 1590 1272 1656 effecerint.
1318 1593 1365 1654 At
1391 1604 1459 1654 cum

99 1678 239 1741 infinitae
265 1678 327 1742 sint
350 1680 536 1754 distantiae,
568 1675 639 1761 ¹quia
662 1680 777 1757 infinita
800 1681 835 1755 F,
861 1677 964 1753 G,.H,
988 1679 1014 1754 I,
1040 1677 1067 1742 G
1090 1689 1220 1759 puncta,
1251 1688 1283 1743 ct
1305 1681 1376 1743 illae
1398 1691 1458 1741 nou

99 1768 275 1848 aequaliter
297 1786 422 1849 sparsae
446 1786 500 1849 per
522 1770 678 1833 circuitum
701 1770 782 1832 circa
798 1766 849 1846 Θ,
874 1768 1072 1830 confertiores
1096 1770 1175 1831 enim
1195 1787 1271 1851 quae
1294 1768 1457 1850 longiores,

97 1857 168 1939 quia
192 1856 237 1920 ibi
263 1859 436 1933 61001100,
462 1859 629 1939 sponsiones
653 1878 729 1941 quae
754 1858 925 1931 breviores,
955 1857 1005 1918 hic
1026 1857 1112 1919 vides
1141 1857 1351 1921 difficultatem
1373 1876 1458 1921 com·

99 1947 229 2027 putandi
254 1947 311 2008 loci
335 1948 496 2011 eecsntrici
519 1967 556 2011 ex
567 1949 740 2034 *hypothesi
764 1967 837 2011 vera
861 1955 892 2007 et
915 1945 1052 2029 physica.

186 2037 302 2099 Modus
325 2044 427 2099 tamen
455 2036 516 2101 'iste
550 2048 611 2099 est:
646 2038 745 2100 divido
777 2035 934 2101 circuitum
963 2036 993 2099 in
1024 2031 1108 2099 3611ο
1134 2041 1167 2096 01
1192 2036 1271 2116 tingo
1300 2038 1456 2117 planetam

95 2125 216 2188 moveri
238 2126 408 2207 aequaliter
429 2126 570 2208 quamdiu
593 2127 623 2187 in
646 2146 704 2189 000
727 2134 785 2189 001.
823 2120 876 2186 lta'
888 2124 990 2185 ordine
1011 2124 1049 2186 ab
1073 2140 1208 2203 apogaeo
1231 2127 1360 2189 omnium
1383 2144 1456 2205 gra-

95 2216 185 2277 drnrn
211 2234 315 2277 morae
338 2224 531 2294 computatas
555 2216 629 2277 dant
651 2213 1004 2297 cujusqueanomaliam.
1032 2214 1125 2276 -ddem
1139 2215 1275 2294 intellige
1289 2234 1343 2296 per
1356 2216 1457 2278 omnia

94 2302 141 2385 (in
164 2305 291 2385 depicto
316 2304 468 2367 schemate
491 2304 628 2379 Terrae).
674 2306 758 2369 Haec
780 2324 854 2383 ergo
883 2304 980 2365 omnis
1008 2303 1186 2387 hypothesis
1211 2320 1248 2382 0⁸.
1295 2305 1454 2386 Pmportio

94 2394 175 2456 orbis
203 2398 230 2471 ὅ
257 2395 295 2455 ad
330 2395 432 2455 orbem
455 2410 481 2472 0¹
503 2391 724 2459 =·100000:
746 2390 889 2468 152518,
922 2392 1035 2456 01000111
1063 2396 1088 2467 ὃ
1121 2393 1346 2459 semidiameter
1380 2392 1453 2468 180,

95 2484 175 2559 &in
203 2478 245 2545 6⁰
268 2483 410 2561 00610
435 2478 553 2559 1910.
600 2477 863 2563 1101161016θ
885 2480 939 2544 20’
962 2482 999 2556 ὅ,
1023 2492 1069 2559 tlt.
1241 2540 1248 2554 ,

12 2648 13 2651 ¹
182 2570 259 2635 ,1000
283 2574 394 2647 dicam,
428 2572 500 2654 qnid
526 2572 598 2635 mihi
621 2573 699 2634 inter
722 2570 910 2641 scribendum
940 2570 1045 2633 incidit
1074 2578 1106 2633 et
1127 2572 1276 2651 quomodo
1298 2572 1455 2655 physicam

96 2662 173 2724 hanc
199 2663 362 2735 rationem,
386 2662 480 2727 salvis
508 2662 645 2727 omnibus
673 2682 748 2743 quae
772 2660 857 2723 nobis
881 2665 1022 2739 prostant
1044 2659 1211 2734 efficienda,
1236 2661 1455 2725 concinniorem

12 2799 13 2806 .
93 2752 307 2834 imaginemur.
355 2752 435 2814 Nam
457 2752 577 2816 videtur
598 2752 721 2828 durum,
745 2752 899 2832 planetam
926 2748 1001 2812 eniti
1023 2769 1040 2811 e
1063 2749 1175 2814 virtute
1209 2746 1265 2828 Θ,
1296 2751 1375 2833 quod
1403 2762 1456 2814 est

94 2843 247 2904 naturalis
272 2841 442 2917 facultatis,
474 2850 506 2903 et
532 2843 650 2904 interim
681 2843 710 2903 in
734 2841 857 2905 nitendo
880 2840 1043 2913 remittere,
1068 2840 1235 2914 intendere,
1258 2859 1313 2920 pro
1335 2841 1453 2903 ratione

12 2989 13 2998 ,
94 2931 271 3012 exigentiae
294 2930 411 3006 circuli,
445 2932 620 3012 aequalibus
642 2931 828 3012 temporibus
851 2929 991 3008 aequalia
1013 2929 1115 3008 spatia
1137 2930 1341 3007 describendi,
1374 2929 1454 3012 quod

96 3033 144 3083 001
163 3020 312 3082 animalis
331 3020 497 3086 facultatis.
539 3019 720 3102 concinnius
735 3027 818 3080 esset
832 3026 866 3080 ut
880 3038 998 3082 omnem
1018 3018 1194 3080 facultatem
1207 3020 1375 3083 naturalem
1388 3019 1457 3083 Soli

93 3109 347 3184 transscriberes,
372 3109 419 3172 cui
442 3109 604 3171 maximam
632 3120 751 3190 partem
782 3108 1040 3181 transscribimus;
1072 3108 1215 3186 planetae
1237 3127 1310 3172 vero
1335 3117 1454 3172 tantum

94 3198 335 3262 intellectualem
351 3199 520 3280 quampiam
542 3199 717 3261 facultatem
737 3199 946 3279 tribueremus,
971 3197 1018 3257 c'ui
1032 3213 1091 3256 non
1106 3197 1218 3258 viribus
1231 3198 1286 3259 sed
1301 3188 1366 3261 1010
1381 3207 1454 3262 0010

94 3308 168 3370 opus
194 3297 292 3350 esset.
339 3289 414 3350 ltetn
437 3291 467 3350 iu
490 3287 582 3370 priori
604 3289 692 3350 modo
717 3286 869 3348 obscurior
891 3285 1452 3370 0110100.0011001010110οΘ030,0-
1496 3325 1500 3332 ·

93 3379 218 3450 diensis,
244 3386 384 3456 optamus
408 3377 620 3440 dilucidiorem.
660 3377 824 3456 Utrumque
840 3394 928 3456 spero
943 3394 990 3436 me
1014 3374 1132 3436 efficere
1145 3393 1237 3455 posse
1254 3394 1309 3462 per
1332 3377 1454 3438 modum

95 3467 143 3548 qui
168 3466 321 3546 sequitur.
368 3465 430 3528 Via
452 3467 593 3546 planetae
616 3485 670 3546 per
693 3485 726 3526 se
749 3465 778 3526 in
808 3465 918 3527 0100010
950 3481 1058 3544 magno
1086 3472 1148 3525 est:
1179 3483 1248 3526 nam
1279 3466 1453 3546 parallaxes

92 3557 169 3624 nihil
195 3557 237 3617 ad
261 3555 373 3636 ipsum;
397 3557 500 3618 demus
524 3576 595 3636 ergo
619 3565 652 3617 ut
675 3554 819 3617 inclinata
842 3555 883 3616 sit
905 3553 943 3615 ad
967 3553 1176 3633 imaginariam
1191 3557 1341 3634 quandam
1355 3555 1452 3635 eclip-

12 3653 14 3676 ¹
94 3648 200 3720 ticam,
236 3664 258 3705 a
280 3665 338 3726 qua
362 3645 547 3725 digrediatur
570 3646 707 3727 utrinque
731 3663 784 3726 per
807 3641 848 3708 5ο
871 3641 931 3719 15’,
961 3651 1076 3724 quauta
1107 3651 1156 3704 est
1178 3645 1317 3725 aequatio
1341 3643 1453 3708 circelli

97 3733 200 3800 9165.
250 3734 410 3796 Mereatur
431 3735 555 3814 planeta
576 3735 606 3796 iu
630 3735 758 3808 circello,
783 3735 822 3794 ad
841 3734 924 3794 illam
945 3732 1152 3813 imaginariam
1175 3735 1303 3798 orbitam
1324 3734 1453 3797 mediam
1471 3761 1474 3764 ⁴

93 3834 200 3888 erecto
225 3824 267 3885 ad
289 3825 416 3904 angulos
439 3833 549 3899 rectos,
574 3824 617 3886 sic
640 3831 673 3885 ut
695 3824 832 3904 proprius
854 3823 994 3902 planetae
1018 3831 1117 3884 motus
1141 3830 1332 3886 transversus
1355 3825 1395 3886 sit
1413 3825 1453 3886 ad

93 3925 212 3980 mutum
239 3913 437 3975 adventitium
460 3932 497 3974 es
516 3913 597 3976 Sole.
632 3915 699 3976 Hoc
722 3913 808 3976 modo
831 3913 977 3973 ascendet
1000 3918 1032 3973 et
1054 3913 1221 3982 descendet,
1239 3914 1308 3976 hinc
1329 3913 1399 3975 inde
1421 3912 1453 3975 in

95 4023 150 4068 000
178 4003 315 4077 01000110,
338 4001 412 4065 nihil
435 4002 500 4082 ipse
523 4021 633 4065 nocens
648 4002 698 4063 001
715 4000 878 4082 expediens
895 4001 1082 4080 promotione
1096 4003 1245 4064 00001000
1260 3999 1311 4080 Θ.
1349 4003 1453 4066 Antea

93 4115 166 4158 0000
194 4092 351 4154 dimidiam
374 4091 582 4172 aequationem
605 4089 741 4154 circellus
764 4087 823 4154 iste
842 4089 1023 4152 confecerat.
1060 4090 1125 4154 Nec
1135 4093 1199 4172 jam
1219 4093 1330 4154 nitetur
1345 4099 1452 4154 contra

92 4192 214 4248 motum
240 4178 292 4259 Θ,
317 4181 387 4262 quia
408 4182 436 4244 is
459 4189 507 4244 est
530 4201 588 4244 000
610 4200 728 4244 sursum
749 4181 799 4242 001
822 4179 969 4254 deorsum,
993 4199 1051 4242 nou
1074 4179 1115 4240 ad
1136 4180 1232 4259 polos,
1256 4182 1311 4244 sed
1333 4189 1450 4245 tantum

92 4277 122 4337 in
146 4273 269 4336 orbem.
314 4271 445 4333 Plsuota
467 4289 537 4333 vero
561 4270 616 4333 ibit
639 4279 671 4332 st
693 4289 783 4351 supra
810 4287 916 4331 versus
948 4270 1047 4349 polum
1075 4267 1232 4348 eclipticas
1265 4271 1450 4332 descendens

95 4365 133 4426 ad
158 4359 204 4440 Θ
232 4367 266 4423 01
287 4359 366 4422 infra
388 4379 492 4422 versus
516 4361 641 4423 alterum
673 4359 774 4440 polum
802 4358 910 4420 iterum
938 4359 1113 4421 ascendens.
1162 4356 1311 4422 Conficiat
1337 4361 1450 4440 gradum

94 4451 247 4535 aequales
271 4447 445 4530 aequalibus
468 4449 669 4530 temporibus,¹
684 4448 825 4510 metiatur
841 4448 1017 4510 descensum
1031 4455 1063 4508 01
1077 4466 1234 4510 ascensum
1250 4468 1333 4512 suum
1350 4448 1449 4529 specie

12 4559 13 4568 ¹
96 4541 135 4621 Θ
163 4547 345 4614 000000010;
376 4555 445 4603 nam
466 4539 554 4602 infra
577 4539 632 4602 sub
662 4539 768 4619 majori
791 4537 900 4616 angulo
924 4537 1060 4601 occurrit
1106 4537 1293 4602 Diametrum
1315 4557 1386 4602 0000
1411 4539 1451 4600 ad

95 4635 201 4696 latera
223 4629 369 4691 metiatur
392 4637 530 4709 respectu
561 4629 696 4690 fixarum
741 4627 827 4689 Haec
857 4626 957 4688 omnia
983 4627 1047 4689 0100
1073 4625 1188 4689 viribus
1216 4628 1315 4690 facere
1346 4636 1451 4710 potest

95 4723 162 4786 0010
189 4719 347 4782 intellectu
370 4725 404 4779 et
424 4717 506 4794 nutu,
537 4719 606 4800 qnia
628 4717 709 4798 globi
732 4717 880 4778 coelestes
901 4735 1007 4779 versus
1030 4714 1133 4778 Solem
1154 4734 1264 4798 graves
1285 4736 1344 4779 000
1368 4725 1447 4780 0001.

94 4813 153 4876 1110
179 4811 275 4875 etiam
299 4808 387 4870 simul
409 4805 604 4888 pulcherrime
626 4805 698 4869 mihi
727 4805 861 4868 nascitur
883 4806 1030 4886 promotio
1060 4805 1220 4881 nodorum,
1250 4806 1328 4888 quod
1357 4815 1449 4869 antea

98 4903 186 4968 nulla
207 4899 358 4965 concinna
380 4897 538 4981 hypothesi
561 4901 704 4978 poteram.
742 4895 789 4958 Ι)0
813 4913 871 4976 quo
892 4896 978 4960 alias.
1013 4893 1085 4958 Jam
1106 4895 1252 4977 quomodo
1275 4895 1450 4960 conficiatur

98 4999 170 5055 tota
192 4989 335 5072 aequatio
359 4988 466 5054 dicam
512 4985 678 5074 Nonquia
706 4985 771 5050 Soli
801 4989 899 5050 totam
930 4985 1115 5063 1000000110,
1144 4985 1232 5065 modo
1263 5001 1334 5052 0000
1364 4983 1480 5069 prim·
