3517 5525
302 400 365 470 118
712 402 812 456 Imm
829 402 932 469 Kapsa
949 402 1099 471 nomque
1116 408 1218 457 mm·

298 580 987 648 Qnmahrqueirnpedlmentcncnaemperposrnm,
1011 582 1284 647 meramnum.
1320 578 1422 647 ῠοριι,
1447 580 1526 643 sarh.
1553 580 1641 635 labora

296 655 330 703 mi
348 652 469 717 Kopion,
496 661 524 704 ut
549 660 637 716 aperta
662 653 703 701 ria
719 653 881 718 progrediaris
899 660 925 701 st
942 655 1026 703 omnia
1048 655 1154 717 penitius
1176 652 1316 717 speculeris,
1334 652 1386 704 aire
1402 654 1429 703 in
1446 658 1493 703 tua
1509 652 1640 716 hypothesi

296 726 347 773 rive
365 741 410 789 per
427 739 553 776 excessura
570 724 651 788 potina
676 724 773 782 aheni,
799 731 828 773 nt
850 724 970 775 radonem
994 724 1052 775 inde
1072 738 1156 775 reram
1180 730 1206 773 et
1228 722 1369 773 iacihlmsra
1393 737 1474 783 musa,
1492 723 1638 789 inquirendi.

295 794 362 847 Nam
380 802 437 847 tuns
454 797 542 847 modus
559 794 622 845 meo
640 794 774 845 laborim
791 802 818 845 et
834 795 968 853 tudem,
986 802 1015 845 nt
1031 796 1109 859 primo
1126 796 1215 847 inanitur
1233 795 1372 847 abatem
1389 792 1434 845 da

381 869 577 948 Keplerus:
615 867 726 930 iliram
753 875 834 928 tuam
861 867 1034 929 andaciam!
1077 867 1159 929 Tune
1189 886 1235 928 me
1263 883 1408 946 provoces
1431 867 1637 947 confingendis

293 956 532 1038 hypothesibus?
577 954 654 1017 Cum
676 974 732 1036 ego
754 957 908 1035 planetam
925 978 943 1017 a
958 956 1068 1019 circulo
1090 956 1188 1017 dicam
1209 956 1337 1035 ingredi,
1360 962 1392 1017 tn
1410 956 1499 1035 paria
1522 956 1637 1019 iaciens

294 1046 370 1108 dicis
393 1047 505 1127 egredi.
552 1042 685 1107 Obviant
707 1044 798 1125 igitur
821 1045 948 1107 invicem
971 1065 1054 1107 mens
1078 1053 1109 1106 ct
1134 1052 1203 1106 tuns
1225 1042 1310 1106 Mars
1337 1044 1367 1105 in
1391 1044 1540 1125 angustiis
1562 1064 1637 1126 por·

292 1141 400 1212 mmm,
424 1136 582 1198 videnter
605 1132 720 1197 fortior.
766 1134 834 1196 Non
859 1134 918 1196 lert
941 1154 1024 1197 meus
1046 1134 1124 1197 hunc
1147 1132 1304 1197 aemnlnna

503 1221 555 1287 Sic
578 1240 692 1303 quoqne
715 1222 883 1285 Alexandri
904 1240 1069 1304 pugnacem
1092 1222 1214 1285 imitata
1234 1222 1388 1302 phalanga

591 1310 686 1374 Simia
708 1312 768 1375 fert
790 1312 920 1373 humeris
944 1310 1056 1377 Martia
1079 1311 1141 1373 tela
1165 1312 1237 1384 suis,

500 1400 593 1463 Tela:
618 1401 672 1463 sed
695 1402 817 1463 avulsos
840 1419 931 1462 curra
952 1400 1038 1463 Jovis
1061 1400 1167 1462 arbore
1190 1416 1300 1475 ramos,

591 1487 676 1562 Quos
698 1508 807 1571 magno
828 1490 938 1553 boreas
961 1490 1072 1570 impete
1095 1490 1206 1552 stravit
1227 1487 1318 1564 humi,

504 1579 569 1642 Ant
591 1580 682 1659 longa
703 1598 847 1642 annorum
868 1580 964 1641 serice
986 1578 1158 1660 putredine:
1182 1577 1263 1640 bellu

589 1666 735 1731 Omnibus
757 1674 792 1731 ut
812 1668 931 1749 possint
952 1687 1012 1731 non
1033 1675 1133 1731 tamen
1157 1675 1231 1747 apta
1252 1664 1325 1745 geri.

380 1752 447 1834 Ego
469 1757 510 1821 mi
524 1756 642 1819 Fabrici
658 1776 716 1820 non
730 1755 842 1837 ingenii
859 1756 1058 1831 volubilitate,
1082 1776 1139 1819 noa
1154 1755 1274 1837 poetica
1294 1761 1347 1817 aut
1359 1751 1487 1833 pictoris
1502 1752 1635 1833 tingendi

289 1843 413 1906 licentia
443 1864 509 1907 snm
531 1846 687 1921 inductus,
719 1855 754 1908 nt
774 1847 921 1919 dicerem,
944 1845 1059 1925 ingredi
1082 1847 1212 1907 Martem
1242 1845 1281 1906 ad
1307 1843 1418 1917 latera,
1448 1842 1503 1903 sed
1525 1844 1635 1905 obser-

289 1932 441 1995 vationum
464 1934 691 1997 Braheanamm
713 1936 794 1997 tilam
818 1936 1144 2016 demonstrationesqne
1168 1941 1290 1997 secutus
1312 1931 1450 1995 invictas.
1486 1932 1540 2001 ,th
1562 1933 1636 1997 licet

289 2022 402 2101 fingas,
426 2025 503 2103 quod
527 2024 581 2086 tibi
604 2024 695 2087 animi
717 2024 809 2087 libido
825 2024 919 2087 dictet
942 2032 974 2087 et
995 2024 1132 2105 fatigeris
1147 2024 1186 2085 ad
1208 2032 1334 2085 mortem
1356 2039 1459 2101 neque,
1479 2019 1634 2103 ingenium

171 2166 176 2176 .
287 2112 430 2192 perdens,
455 2112 511 2175 hoc
533 2113 606 2189 scie,
631 2122 661 2174 te
685 2114 799 2176 frustra
820 2114 942 2194 fatigari
965 2121 996 2175 et
1019 2124 1119 2176 actum
1142 2131 1249 2196 agere,
1281 2129 1348 2173 cnm
1377 2110 1477 2190 potius
1501 2109 1633 2173 animum

289 2208 321 2261 et
343 2200 453 2279 ingenii
477 2203 538 2264 vim
561 2203 600 2265 ad
623 2212 708 2265 certa
729 2203 894 2277 transfers,
928 2210 960 2263 et
982 2202 1051 2283 qnia
1072 2202 1222 2282 cupiditas
1245 2209 1298 2263 tna
1319 2198 1488 2279 ingeniique
1511 2199 1633 2264 volubi-

287 2288 361 2350 litas
391 2290 565 2353 destituitur
592 2291 630 2354 sb
659 2292 773 2353 invicta
802 2290 976 2355 lorhtcdine
994 2291 1154 2354 insistendi
1177 2289 1292 2369 coeptis
1320 2295 1351 2357 et
1374 2308 1394 2351 a
1419 2287 1580 2368 pmdentia
1600 2289 1632 2351 in

287 2376 452 2459 deligendis
475 2380 643 2453 laboribus3
667 2382 830 2461 aggredere
853 2381 944 2460 igitur
957 2378 1172 2461 Ephernerides
1195 2398 1232 2440 ex
1256 2378 1367 2440 tabulis
1386 2376 1451 2456 jam
1475 2378 1575 2453 factis,
1598 2388 1634 2441 ut

285 2485 378 2547 opera
409 2468 465 2531 tibi
495 2487 554 2533 non
583 2468 628 2531 ita
648 2470 756 2532 misere
779 2479 900 2550 pereat,
932 2470 1001 2550 quin
1025 2469 1125 2550 pctins
1148 2467 1283 2549 adspiret
1304 2466 1342 2529 ad
1373 2466 1495 2546 aliquod
1524 2468 1633 2531 bonaur

284 2556 444 2637 pnblicnm.
484 2556 545 2621 Sed
568 2567 600 2619 et
622 2559 697 2621 illud
718 2578 777 2621 non
800 2568 881 2621 recte
905 2558 1006 2633 habet,
1029 2559 1113 2639 anns
1136 2576 1229 2621 cansa
1252 2554 1416 2619 introducis
1440 2554 1531 2619 istam
1554 2574 1629 2617 eva-

284 2645 446 2725 gationem.
494 2644 598 2711 Causa
619 2648 707 2722 enim,
732 2667 783 2711 cnr
805 2667 843 2711 ex
866 2644 885 2710 3
910 2647 1096 2729 acronychiis
1118 2666 1177 2710 non
1199 2646 1299 2727 possit
1320 2643 1431 2725 aliqnid
1455 2643 1531 2709 certi
1552 2664 1629 2709 con-

284 2733 378 2812 cludi,
412 2742 461 2798 est
492 2735 567 2799 haec
600 2735 680 2812 sola,
714 2737 792 2818 qnod
823 2736 948 2800 liberam
980 2735 1172 2818 relinquimus
1199 2732 1361 2798 sectionem
1394 2733 1628 2798 eccentricitatis

284 2823 452 2904 aequantia.
497 2824 543 2888 At
573 2826 600 2888 si
622 2825 783 2905 imperetur
805 2835 905 2902 certa,
930 2826 958 2888 h.
982 2847 1009 2888 e.
1032 2825 1176 2900 hirsutis,
1202 2825 1266 2904 jam
1288 2822 1408 2886 omnino
1437 2822 1540 2904 aliqua
1561 2823 1628 2886 lor·

282 2922 381 2975 matur
403 2913 578 2996 hypothesis
600 2935 620 2976 s
640 2912 660 2978 3
684 2914 879 2997 acronychiis,
903 2914 1085 2978 necessitate
1103 2911 1294 2994 geometrica,
1317 2913 1381 2975 sive
1399 2913 1467 2992 jam
1486 2912 1628 2976 thanim

281 3019 378 3083 ponas
410 3003 475 3064 sire
509 3003 628 3085 ellipsin
655 3003 719 3065 sire
752 3022 956 3086 quamcunque
978 3003 1102 3084 liguram
1133 3002 1247 3068 itineris
1268 3000 1441 3083 planetarii.
1486 2981 1534 3064 ‘ln
1557 3021 1629 3066 vers

281 3090 394 3153 videris
415 3091 555 3156 confundi
582 3093 659 3155 inter
691 3093 765 3155 hacc
795 3094 868 3155 dno:
902 3093 992 3156 nihil
1016 3093 1191 3156 concludere
1215 3099 1246 3154 et
1278 3091 1413 3154 falsum
1441 3090 1627 3158 concludere.

282 3177 392 3242 Poaita
424 3181 588 3244 bisectione
612 3189 642 3243 et
665 3184 763 3262 posito
786 3182 915 3258 circulo,
940 3191 1001 3245 tres
1026 3181 1221 3265 acronychiae
1252 3199 1310 3242 noo
1334 3180 1514 3243 concludunt
1544 3181 1628 3253 nihil,

282 3287 342 3331 non
359 3271 540 3333 concludunt
562 3272 708 3333 incertam
729 3272 778 3334 vel
799 3291 908 3352 vagam
931 3270 1120 3354 hypothesin,
1145 3271 1200 3332 sed
1220 3287 1309 3332 naam
1331 3277 1453 3332 certam.
1490 3269 1536 3332 At
1558 3271 1630 3352 qnia

285 3358 364 3421 iales
393 3359 451 3421 fnit
480 3359 590 3444 positio
619 3359 735 3436 circuli,
768 3361 877 3423 falsam
907 3361 1000 3423 ctiam
1027 3361 1206 3423 concludunt
1234 3357 1423 3440 hypothesin.
1469 3357 1629 3422 Falsitatis

282 3466 355 3510 vero
379 3468 473 3512 canae
500 3469 557 3511 non
582 3456 630 3512 est
652 3451 717 3511 sola
744 3447 811 3524 illa,
845 3469 934 3530 quem
957 3459 989 3512 tu
1011 3449 1104 3512 infers
1129 3444 1181 3511 15⁴
1210 3448 1376 3530 parallaxis
1408 3461 1461 3510 sen
1483 3449 1628 3528 prestha-

283 3537 441 3618 pbacreaie
471 3538 679 3618 aequationnm
705 3538 849 3611 eccentri,
884 3537 938 3600 sed
961 3547 1079 3602 motata
1106 3537 1250 3600 linearum
1273 3537 1427 3617 longitudo
1450 3537 1490 3599 ad
1518 3536 1626 3604 latera.

283 3625 361 3688 Nam
377 3627 454 3707 quod
475 3627 586 3688 attinet
608 3625 797 3688 latitudinem
821 3625 948 3701 lunulae,
974 3627 1066 3688 efficit
1079 3628 1154 3688 haec
1170 3626 1286 3708 quidem
1303 3624 1416 3707 aliqnid
1438 3625 1468 3687 in
1483 3626 1628 3708 prestha-

283 3713 422 3795 phacresi
446 3715 670 3796 aequationnm‚
703 3715 837 3777 sednon
861 3715 1149 3792 efficitmaximnm,
1183 3715 1233 3777 nbi
1263 3715 1395 3777 maxima
1423 3723 1472 3777 est
1500 3713 1627 3778 latitudo

284 3804 413 3868 lunulae.
460 3804 495 3866 In
520 3804 668 3866 anomalia
691 3810 856 3886 coaequata
878 3799 925 3881 0⁰,
950 3798 1018 3881 90⁰,
1046 3799 1134 3879 1800,
1158 3799 1250 3880 2700,
1274 3799 1357 3870 3600
1385 3805 1539 3872 evanescit
1565 3806 1629 3868 ista

285 3893 568 3974 prosthaphaeresis
593 3902 623 3955 et
644 3894 769 3973 planetu
791 3901 945 3974 spectatur
968 3913 1005 3957 ex
1028 3892 1099 3960 Sole
1123 3894 1185 3968 (rel
1209 3894 1310 3976 qnasi)
1334 3893 1439 3956 eodem
1461 3894 1537 3969 loco,
1560 3893 1627 3956 sive

284 3982 314 4044 in
339 3982 448 4045 circulo
471 3989 574 4046 currat
597 3982 659 4044 sive
681 3983 710 4045 in
735 3982 841 4064 ellipsi.
880 3986 926 4047 At
947 3983 978 4046 in
993 3983 1142 4046 anomalia
1155 3989 1320 4064 coaequata
1340 3977 1409 4058 150,
1427 3979 1517 4060 135⁰,
1533 3979 1625 4058 225⁰,

281 4065 365 4132 315⁰
379 4080 428 4134 est
440 4073 580 4150 maxima,
604 4089 698 4152 neque
720 4079 822 4135 tamen
847 4069 908 4148 150,
933 4073 986 4134 sed
1010 4073 1068 4136 nisi
1091 4071 1179 4134 fallor
1200 4068 1242 4136 8¹.
1280 4071 1328 4136 Ac
1350 4089 1387 4134 ne
1410 4073 1486 4134 haec
1507 4073 1627 4156 quidem

281 4159 464 4240 simpliciter,
490 4161 543 4222 sed
565 4162 769 4224 tantummodo
792 4169 871 4237 tnnc,
897 4181 962 4224 cum
985 4163 1110 4243 planeta
1125 4181 1163 4224 ex
1176 4162 1285 4226 circulo
1305 4161 1344 4224 ad
1368 4161 1483 4243 ellipsis
1496 4161 1625 4226 circnm-

280 4249 438 4314 ferentiam
459 4249 626 4331 ingreditur
653 4248 683 4313 in
706 4250 774 4312 sinu
794 4257 877 4314 recto
900 4251 1066 4314 anomaliae
1089 4251 1230 4314 eccentri.
1275 4249 1309 4313 Si
1331 4269 1400 4314 vero
1423 4258 1551 4332 ponatur
1573 4251 1623 4314 in-

279 4339 365 4418 gredi
397 4340 426 4400 in
458 4340 541 4402 radic
575 4340 714 4402 veniente
745 4358 784 4401 ex
814 4348 917 4402 centro
950 4339 1122 4416 eccentrici,
1155 4347 1227 4403 tnnc
1258 4339 1347 4420 plane
1378 4339 1451 4402 nihil
1481 4341 1624 4405 sensibile

278 4434 412 4490 mutatur
433 4428 462 4488 in
486 4427 664 4509 aequatione
671 4447 681 4503 ;
704 4428 805 4509 itaque
821 4430 917 4490 omnis
933 4447 1024 4492 causa
1045 4427 1189 4492 falsitatis
1212 4429 1424 4510 hypotheseos,
1449 4447 1525 4512 qnae
1548 4447 1623 4494 aas·
1690 4471 1693 4484 ·

279 4515 364 4593 citur,
389 4515 418 4578 in
443 4517 508 4577 sola
531 4516 753 4579 abbreviatione
776 4517 922 4580 lineamm
943 4528 1014 4580 tnnc
1037 4517 1185 4582 consistit.
1233 4517 1369 4599 Denique
1392 4515 1489 4590 tideo,
1513 4525 1544 4584 te
1571 4517 1623 4584 15⁸

279 4613 310 4668 et
345 4605 533 4669 latitudinem
571 4607 689 4669 lunulae
721 4606 856 4687 accipere
884 4625 938 4687 pro
969 4607 1082 4672 eodem.
1127 4606 1271 4670 Latitndo
1307 4606 1440 4684 lunulae,
1472 4627 1547 4688 qnae
1582 4607 1622 4671 ab

279 4695 445 4758 eccentrico
468 4693 597 4757 Telluris
619 4693 777 4759 eennSolis
805 4703 854 4758 est
874 4703 1013 4760 resecata
1036 4696 1147 4769 (indice
1173 4702 1298 4758 secante
1328 4715 1416 4759 arcus
1442 4692 1481 4760 10
1504 4696 1534 4761 10
1558 4695 1623 4762 13¹⁴

281 4783 420 4847 dimidiae
439 4784 625 4866 aequationis
640 4783 737 4861 Solis)
751 4790 800 4847 est
817 4781 866 4861 15,
889 4784 989 4848 verius
1005 4779 1056 4862 16,
1081 4785 1210 4866 qualium
1225 4783 1325 4848 radios
1343 4781 1482 4851 100000.
1520 4787 1623 4868 Atque

276 4872 332 4935 hae
352 4893 424 4936 sane
450 4869 489 4935 16
507 4874 672 4953 particulae
687 4893 753 4938 cnm
767 4873 833 4936 sinu
856 4883 938 4938 recto
953 4875 1120 4938 anomaliae
1135 4874 1264 4938 eccentri
1289 4883 1464 4938 accrescunt
1477 4875 1507 4940 in
1522 4875 1623 4956 longi·

146 4961 150 4969 “
277 4963 395 5026 tndines
417 4963 542 5026 mediae.
574 4961 620 5029 At
640 4963 743 5028 lunula
756 4961 897 5028 aMartis
921 4963 1086 5028 eccentrico
1109 4964 1220 5028 circulo
1244 4963 1408 5030 resecanda
1431 4965 1526 5030 babet
1546 4964 1621 5030 lati·
