<?xml version="1.0" encoding="UTF-8"?>
<!DOCTYPE html PUBLIC "-//W3C//DTD XHTML 1.0 Transitional//EN"
    "http://www.w3.org/TR/xhtml1/DTD/xhtml1-transitional.dtd">
<html xmlns="http://www.w3.org/1999/xhtml" xml:lang="en" lang="en">
 <head>
  <title>
</title>
<meta http-equiv="Content-Type" content="text/html;charset=utf-8" />
  <meta name='ocr-system' content='tesseract 3.04.00' />
  <meta name='ocr-capabilities' content='ocr_page ocr_carea ocr_par ocr_line ocrx_word'/>
</head>
<body>
  <div class='ocr_page' id='page_1' title='image "./joanniskepleria23frisgoog/joanniskepleria23frisgoog_0197.png"; bbox 0 0 3517 5525; ppageno 0'>
   <div class='ocr_carea' id='block_1_1' title="bbox 289 368 1150 458">
    <p class='ocr_par' dir='ltr' id='par_1_1' title="bbox 289 368 1150 458">
     <span class='ocr_line' id='line_1_1' title="bbox 289 368 1150 458; baseline -0.015 -2"><span class='ocrx_word' id='word_1_1' title='bbox 289 384 352 458; x_wconf 78' lang='grc'><strong>186</strong></span> <span class='ocrx_word' id='word_1_2' title='bbox 767 368 933 445; x_wconf 77' lang='lat' dir='ltr'><strong>Doblotibns</strong></span> <span class='ocrx_word' id='word_1_3' title='bbox 952 384 1046 445; x_wconf 80' lang='lat' dir='ltr'><strong>Stellae</strong></span> <span class='ocrx_word' id='word_1_4' title='bbox 1062 387 1150 445; x_wconf 80' lang='lat' dir='ltr'><strong>Martis</strong></span> 
     </span>
    </p>
   </div>
   <div class='ocr_carea' id='block_1_2' title="bbox 283 567 1710 2790">
    <p class='ocr_par' dir='ltr' id='par_1_2' title="bbox 284 567 1704 1368">
     <span class='ocr_line' id='line_1_2' title="bbox 284 567 1704 651; baseline -0.001 -20"><span class='ocrx_word' id='word_1_5' title='bbox 284 570 351 650; x_wconf 85' lang='lat' dir='ltr'><strong>Ego</strong></span> <span class='ocrx_word' id='word_1_6' title='bbox 375 590 456 644; x_wconf 88' lang='lat' dir='ltr'><strong>vero,</strong></span> <span class='ocrx_word' id='word_1_7' title='bbox 480 570 549 633; x_wconf 92' lang='lat' dir='ltr'><strong>dum</strong></span> <span class='ocrx_word' id='word_1_8' title='bbox 563 567 760 650; x_wconf 84' lang='lat' dir='ltr'><strong>Oopernicnm</strong></span> <span class='ocrx_word' id='word_1_9' title='bbox 782 572 821 632; x_wconf 92' lang='lat' dir='ltr'><strong>ad</strong></span> <span class='ocrx_word' id='word_1_10' title='bbox 843 590 940 633; x_wconf 88' lang='lat' dir='ltr'><strong>meam</strong></span> <span class='ocrx_word' id='word_1_11' title='bbox 963 571 1028 649; x_wconf 88' lang='lat' dir='ltr'><strong>ojus</strong></span> <span class='ocrx_word' id='word_1_12' title='bbox 1053 570 1118 633; x_wconf 86' lang='lat' dir='ltr'>libri</span> <span class='ocrx_word' id='word_1_13' title='bbox 1142 570 1297 634; x_wconf 88' lang='lat' dir='ltr'><strong>materiam</strong></span> <span class='ocrx_word' id='word_1_14' title='bbox 1322 570 1527 639; x_wconf 88' lang='lat' dir='ltr'><strong>accommodo,</strong></span> <span class='ocrx_word' id='word_1_15' title='bbox 1556 587 1631 651; x_wconf 88' lang='lat' dir='ltr'><strong>opns</strong></span> <span class='ocrx_word' id='word_1_16' title='bbox 1699 622 1704 629; x_wconf 85' lang='lat'><em>.</em></span> 
     </span>
     <span class='ocr_line' id='line_1_3' title="bbox 285 658 1633 740; baseline 0.001 -20"><span class='ocrx_word' id='word_1_17' title='bbox 285 660 375 722; x_wconf 90' lang='lat' dir='ltr'><strong>habui</strong></span> <span class='ocrx_word' id='word_1_18' title='bbox 405 660 526 721; x_wconf 85' lang='lat' dir='ltr'><strong>diversa</strong></span> <span class='ocrx_word' id='word_1_19' title='bbox 553 662 679 723; x_wconf 90' lang='lat' dir='ltr'><strong>fictione.</strong></span> <span class='ocrx_word' id='word_1_20' title='bbox 733 658 826 722; x_wconf 88' lang='lat' dir='ltr'><strong>Visus</strong></span> <span class='ocrx_word' id='word_1_21' title='bbox 856 662 934 721; x_wconf 88' lang='lat' dir='ltr'><strong>enirn</strong></span> <span class='ocrx_word' id='word_1_22' title='bbox 963 662 1000 721; x_wconf 92' lang='lat' dir='ltr'><strong>ab</strong></span> <span class='ocrx_word' id='word_1_23' title='bbox 1029 660 1079 723; x_wconf 95' lang='lat' dir='ltr'><strong>illo</strong></span> <span class='ocrx_word' id='word_1_24' title='bbox 1102 670 1212 740; x_wconf 91' lang='lat' dir='ltr'><strong>puncto</strong></span> <span class='ocrx_word' id='word_1_25' title='bbox 1237 661 1266 721; x_wconf 93' lang='lat' dir='ltr'><strong>in</strong></span> <span class='ocrx_word' id='word_1_26' title='bbox 1290 660 1472 740; x_wconf 89' lang='lat' dir='ltr'><strong>ipsissimum</strong></span> <span class='ocrx_word' id='word_1_27' title='bbox 1496 668 1633 722; x_wconf 85' lang='lat' dir='ltr'>centrum</span> 
     </span>
     <span class='ocr_line' id='line_1_4' title="bbox 286 746 1631 830; baseline -0.001 -21"><span class='ocrx_word' id='word_1_28' title='bbox 286 750 417 829; x_wconf 89' lang='lat' dir='ltr'><strong>corporis</strong></span> <span class='ocrx_word' id='word_1_29' title='bbox 441 746 521 810; x_wconf 88' lang='lat' dir='ltr'><strong>Solis</strong></span> <span class='ocrx_word' id='word_1_30' title='bbox 545 768 597 827; x_wconf 91' lang='lat' dir='ltr'><strong>per</strong></span> <span class='ocrx_word' id='word_1_31' title='bbox 620 750 863 828; x_wconf 82' lang='lat' dir='ltr'><strong>imaginationem</strong></span> <span class='ocrx_word' id='word_1_32' title='bbox 888 750 1113 812; x_wconf 88' lang='lat' dir='ltr'><strong>transferendus</strong></span> <span class='ocrx_word' id='word_1_33' title='bbox 1137 750 1202 819; x_wconf 92' lang='lat' dir='ltr'><strong>fuit,</strong></span> <span class='ocrx_word' id='word_1_34' title='bbox 1226 758 1316 830; x_wconf 90' lang='lat' dir='ltr'><strong>atque</strong></span> <span class='ocrx_word' id='word_1_35' title='bbox 1346 750 1413 811; x_wconf 92' lang='lat' dir='ltr'><strong>inde</strong></span> <span class='ocrx_word' id='word_1_36' title='bbox 1438 748 1570 823; x_wconf 90' lang='lat' dir='ltr'><strong>(scilicet</strong></span> <span class='ocrx_word' id='word_1_37' title='bbox 1592 768 1631 809; x_wconf 87' lang='lat' dir='ltr'><strong>ex</strong></span> 
     </span>
     <span class='ocr_line' id='line_1_5' title="bbox 285 837 1629 918; baseline -0.001 -18"><span class='ocrx_word' id='word_1_38' title='bbox 285 857 406 917; x_wconf 87' lang='lat' dir='ltr'><strong>corpore</strong></span> <span class='ocrx_word' id='word_1_39' title='bbox 430 837 526 911; x_wconf 90' lang='lat' dir='ltr'><strong>Solis)</strong></span> <span class='ocrx_word' id='word_1_40' title='bbox 559 840 749 917; x_wconf 89' lang='lat' dir='ltr'><strong>computandi</strong></span> <span class='ocrx_word' id='word_1_41' title='bbox 782 840 902 899; x_wconf 86' lang='lat' dir='ltr'><strong>fuerunt</strong></span> <span class='ocrx_word' id='word_1_42' title='bbox 933 840 1092 901; x_wconf 88' lang='lat' dir='ltr'><strong>abscessus</strong></span> <span class='ocrx_word' id='word_1_43' title='bbox 1122 857 1279 918; x_wconf 90' lang='lat' dir='ltr'><strong>corporum</strong></span> <span class='ocrx_word' id='word_1_44' title='bbox 1312 839 1563 917; x_wconf 78' lang='lat' dir='ltr'><strong>planetariorum,</strong></span> <span class='ocrx_word' id='word_1_45' title='bbox 1599 838 1629 898; x_wconf 89' lang='lat' dir='ltr'><strong>in</strong></span> 
     </span>
     <span class='ocr_line' id='line_1_6' title="bbox 286 926 1633 1009; baseline -0.002 -19"><span class='ocrx_word' id='word_1_46' title='bbox 286 928 390 990; x_wconf 89' lang='lat' dir='ltr'><strong>eodem</strong></span> <span class='ocrx_word' id='word_1_47' title='bbox 419 926 536 1009; x_wconf 91' lang='lat' dir='ltr'><strong>quidem</strong></span> <span class='ocrx_word' id='word_1_48' title='bbox 564 928 685 1004; x_wconf 68' lang='lat' dir='ltr'><strong>iubere,</strong></span> <span class='ocrx_word' id='word_1_49' title='bbox 714 930 793 1009; x_wconf 93' lang='lat' dir='ltr'><strong>quod</strong></span> <span class='ocrx_word' id='word_1_50' title='bbox 816 928 974 1006; x_wconf 88' lang='lat' dir='ltr'><strong>Copernici</strong></span> <span class='ocrx_word' id='word_1_51' title='bbox 1004 928 1224 1007; x_wconf 79' lang='lat' dir='ltr'><strong>suppositiones</strong></span> <span class='ocrx_word' id='word_1_52' title='bbox 1255 928 1467 1001; x_wconf 84' lang='lat' dir='ltr'><strong>efformabant,</strong></span> <span class='ocrx_word' id='word_1_53' title='bbox 1501 928 1555 989; x_wconf 88' lang='lat' dir='ltr'><strong>sed</strong></span> <span class='ocrx_word' id='word_1_54' title='bbox 1583 927 1633 998; x_wconf 94' lang='lat' dir='ltr'><strong>(nt</strong></span> 
     </span>
     <span class='ocr_line' id='line_1_7' title="bbox 284 1016 1631 1098; baseline -0.001 -21"><span class='ocrx_word' id='word_1_55' title='bbox 284 1019 349 1097; x_wconf 89' lang='lat' dir='ltr'><strong>jam</strong></span> <span class='ocrx_word' id='word_1_56' title='bbox 376 1016 489 1096; x_wconf 88' lang='lat' dir='ltr'><strong>patuit)</strong></span> <span class='ocrx_word' id='word_1_57' title='bbox 520 1036 577 1078; x_wconf 92' lang='lat' dir='ltr'><strong>non</strong></span> <span class='ocrx_word' id='word_1_58' title='bbox 606 1017 696 1098; x_wconf 89' lang='lat' dir='ltr'><strong>plane</strong></span> <span class='ocrx_word' id='word_1_59' title='bbox 726 1018 803 1078; x_wconf 89' lang='lat' dir='ltr'><strong>idem</strong></span> <span class='ocrx_word' id='word_1_60' title='bbox 835 1017 894 1077; x_wconf 88' lang='lat' dir='ltr'><strong>iter</strong></span> <span class='ocrx_word' id='word_1_61' title='bbox 920 1036 1013 1078; x_wconf 90' lang='lat' dir='ltr'><strong>causa</strong></span> <span class='ocrx_word' id='word_1_62' title='bbox 1044 1016 1267 1096; x_wconf 85' lang='lat' dir='ltr'><strong>particularium</strong></span> <span class='ocrx_word' id='word_1_63' title='bbox 1302 1026 1470 1097; x_wconf 89' lang='lat' dir='ltr'><strong>temporum</strong></span> <span class='ocrx_word' id='word_1_64' title='bbox 1493 1016 1631 1077; x_wconf 84' lang='lat' dir='ltr'><strong>eflectum</strong></span> 
     </span>
     <span class='ocr_line' id='line_1_8' title="bbox 287 1104 1632 1185; baseline -0.001 -18"><span class='ocrx_word' id='word_1_65' title='bbox 287 1113 334 1167; x_wconf 92' lang='lat' dir='ltr'><strong>est</strong></span> <span class='ocrx_word' id='word_1_66' title='bbox 361 1106 432 1168; x_wconf 92' lang='lat' dir='ltr'><strong>mihi</strong></span> <span class='ocrx_word' id='word_1_67' title='bbox 461 1123 515 1184; x_wconf 90' lang='lat' dir='ltr'><strong>per</strong></span> <span class='ocrx_word' id='word_1_68' title='bbox 543 1105 620 1166; x_wconf 89' lang='lat' dir='ltr'><strong>hanc</strong></span> <span class='ocrx_word' id='word_1_69' title='bbox 643 1106 872 1170; x_wconf 85' lang='lat' dir='ltr'><strong>translationem</strong></span> <span class='ocrx_word' id='word_1_70' title='bbox 897 1106 992 1167; x_wconf 88' lang='lat' dir='ltr'><strong>lineae</strong></span> <span class='ocrx_word' id='word_1_71' title='bbox 1017 1105 1168 1185; x_wconf 91' lang='lat' dir='ltr'><strong>apsidum,</strong></span> <span class='ocrx_word' id='word_1_72' title='bbox 1194 1106 1363 1167; x_wconf 83' lang='lat' dir='ltr'><strong>differentia</strong></span> <span class='ocrx_word' id='word_1_73' title='bbox 1385 1112 1484 1167; x_wconf 90' lang='lat' dir='ltr'><strong>tamen</strong></span> <span class='ocrx_word' id='word_1_74' title='bbox 1509 1104 1632 1185; x_wconf 81' lang='lat' dir='ltr'><strong>perexi-</strong></span> 
     </span>
     <span class='ocr_line' id='line_1_9' title="bbox 286 1192 1631 1276; baseline -0.002 -20"><span class='ocrx_word' id='word_1_75' title='bbox 286 1214 345 1273; x_wconf 86' lang='lat' dir='ltr'><strong>gua</strong></span> <span class='ocrx_word' id='word_1_76' title='bbox 375 1204 406 1255; x_wconf 91' lang='lat' dir='ltr'><strong>et</strong></span> <span class='ocrx_word' id='word_1_77' title='bbox 428 1195 459 1255; x_wconf 91' lang='lat' dir='ltr'><strong>in</strong></span> <span class='ocrx_word' id='word_1_78' title='bbox 482 1196 533 1255; x_wconf 95' lang='lat' dir='ltr'><strong>illo</strong></span> <span class='ocrx_word' id='word_1_79' title='bbox 556 1194 674 1276; x_wconf 89' lang='lat' dir='ltr'><strong>quidem</strong></span> <span class='ocrx_word' id='word_1_80' title='bbox 697 1196 798 1257; x_wconf 88' lang='lat' dir='ltr'><strong>libello</strong></span> <span class='ocrx_word' id='word_1_81' title='bbox 821 1196 909 1273; x_wconf 77' lang='lat' dir='ltr'><strong>plane</strong></span> <span class='ocrx_word' id='word_1_82' title='bbox 933 1194 1043 1257; x_wconf 92' lang='lat' dir='ltr'><strong>nullius</strong></span> <span class='ocrx_word' id='word_1_83' title='bbox 1066 1192 1222 1269; x_wconf 37' lang='lat' dir='ltr'><strong>mosaeam</strong></span> <span class='ocrx_word' id='word_1_84' title='bbox 1255 1194 1296 1256; x_wconf 92' lang='lat' dir='ltr'><strong>ibi</strong></span> <span class='ocrx_word' id='word_1_85' title='bbox 1325 1194 1402 1255; x_wconf 89' lang='lat' dir='ltr'><strong>enirn</strong></span> <span class='ocrx_word' id='word_1_86' title='bbox 1422 1196 1458 1255; x_wconf 92' lang='lat' dir='ltr'><strong>de</strong></span> <span class='ocrx_word' id='word_1_87' title='bbox 1483 1195 1546 1256; x_wconf 93' lang='lat' dir='ltr'><strong>solo</strong></span> <span class='ocrx_word' id='word_1_88' title='bbox 1570 1193 1631 1255; x_wconf 88' lang='lat' dir='ltr'><strong>situ</strong></span> 
     </span>
     <span class='ocr_line' id='line_1_10' title="bbox 285 1283 991 1368; baseline -0.001 -23"><span class='ocrx_word' id='word_1_89' title='bbox 285 1283 401 1345; x_wconf 88' lang='lat' dir='ltr'><strong>itineris</strong></span> <span class='ocrx_word' id='word_1_90' title='bbox 425 1284 580 1368; x_wconf 83' lang='lat' dir='ltr'><strong>agebatur,</strong></span> <span class='ocrx_word' id='word_1_91' title='bbox 605 1284 655 1363; x_wconf 92' lang='lat' dir='ltr'><strong>qui</strong></span> <span class='ocrx_word' id='word_1_92' title='bbox 677 1285 733 1345; x_wconf 85' lang='lat' dir='ltr'><strong>hoc</strong></span> <span class='ocrx_word' id='word_1_93' title='bbox 758 1294 846 1363; x_wconf 91' lang='lat' dir='ltr'><strong>pacto</strong></span> <span class='ocrx_word' id='word_1_94' title='bbox 870 1285 991 1345; x_wconf 89' lang='lat' dir='ltr'><strong>mansit.</strong></span> 
     </span>
    </p>

    <p class='ocr_par' dir='ltr' id='par_1_3' title="bbox 283 1367 1710 2702">
     <span class='ocr_line' id='line_1_11' title="bbox 374 1367 1628 1454; baseline -0.002 -20"><span class='ocrx_word' id='word_1_95' title='bbox 374 1371 513 1434; x_wconf 82' lang='lat' dir='ltr'><strong>Ceterum</strong></span> <span class='ocrx_word' id='word_1_96' title='bbox 540 1372 572 1434; x_wconf 92' lang='lat' dir='ltr'><strong>in</strong></span> <span class='ocrx_word' id='word_1_97' title='bbox 599 1373 793 1454; x_wconf 88' lang='lat' dir='ltr'><strong>sequentibus</strong></span> <span class='ocrx_word' id='word_1_98' title='bbox 825 1373 864 1433; x_wconf 91' lang='lat' dir='ltr'><strong>ad</strong></span> <span class='ocrx_word' id='word_1_99' title='bbox 891 1373 1045 1435; x_wconf 89' lang='lat' dir='ltr'><strong>vitandam</strong></span> <span class='ocrx_word' id='word_1_100' title='bbox 1069 1370 1270 1433; x_wconf 87' lang='lat' dir='ltr'><strong>confusionem</strong></span> <span class='ocrx_word' id='word_1_101' title='bbox 1295 1372 1461 1433; x_wconf 88' lang='lat' dir='ltr'><strong>ecoentrioo</strong></span> <span class='ocrx_word' id='word_1_102' title='bbox 1484 1370 1549 1433; x_wconf 83' lang='lat' dir='ltr'><strong>hoc&#39;</strong></span> <span class='ocrx_word' id='word_1_103' title='bbox 1565 1367 1628 1433; x_wconf 87' lang='lat' dir='ltr'><strong>Go-</strong></span> 
     </span>
     <span class='ocr_line' id='line_1_12' title="bbox 285 1458 1628 1543; baseline -0.001 -20"><span class='ocrx_word' id='word_1_104' title='bbox 285 1461 445 1543; x_wconf 90' lang='lat' dir='ltr'><strong>pernicano</strong></span> <span class='ocrx_word' id='word_1_105' title='bbox 474 1464 576 1542; x_wconf 89' lang='lat' dir='ltr'><strong>(quem</strong></span> <span class='ocrx_word' id='word_1_106' title='bbox 607 1482 665 1523; x_wconf 93' lang='lat' dir='ltr'><strong>non</strong></span> <span class='ocrx_word' id='word_1_107' title='bbox 689 1463 794 1536; x_wconf 88' lang='lat' dir='ltr'><strong>stella,</strong></span> <span class='ocrx_word' id='word_1_108' title='bbox 828 1461 883 1522; x_wconf 90' lang='lat' dir='ltr'><strong>sed</strong></span> <span class='ocrx_word' id='word_1_109' title='bbox 912 1470 1044 1523; x_wconf 88' lang='lat' dir='ltr'><strong>centrum</strong></span> <span class='ocrx_word' id='word_1_110' title='bbox 1064 1460 1196 1541; x_wconf 86' lang='lat' dir='ltr'><strong>¹epioyoli</strong></span> <span class='ocrx_word' id='word_1_111' title='bbox 1226 1462 1392 1535; x_wconf 87' lang='lat' dir='ltr'><strong>describat)</strong></span> <span class='ocrx_word' id='word_1_112' title='bbox 1418 1478 1475 1521; x_wconf 91' lang='lat' dir='ltr'><strong>nou</strong></span> <span class='ocrx_word' id='word_1_113' title='bbox 1500 1458 1628 1538; x_wconf 87' lang='lat' dir='ltr'><strong>amplius</strong></span> 
     </span>
     <span class='ocr_line' id='line_1_13' title="bbox 286 1547 1627 1632; baseline -0.003 -21"><span class='ocrx_word' id='word_1_114' title='bbox 286 1560 362 1613; x_wconf 87' lang='lat' dir='ltr'><strong>utar.</strong></span> <span class='ocrx_word' id='word_1_115' title='bbox 409 1551 519 1612; x_wconf 88' lang='lat' dir='ltr'><strong>Differt</strong></span> <span class='ocrx_word' id='word_1_116' title='bbox 544 1551 626 1612; x_wconf 86' lang='lat' dir='ltr'><strong>enim</strong></span> <span class='ocrx_word' id='word_1_117' title='bbox 650 1552 688 1612; x_wconf 90' lang='lat' dir='ltr'><strong>ab</strong></span> <span class='ocrx_word' id='word_1_118' title='bbox 712 1551 863 1632; x_wconf 88' lang='lat' dir='ltr'><strong>ipsissimo</strong></span> <span class='ocrx_word' id='word_1_119' title='bbox 888 1550 993 1616; x_wconf 90' lang='lat' dir='ltr'><strong>itinere</strong></span> <span class='ocrx_word' id='word_1_120' title='bbox 1016 1550 1174 1628; x_wconf 85' lang='lat' dir='ltr'><strong>planetae,</strong></span> <span class='ocrx_word' id='word_1_121' title='bbox 1209 1551 1287 1629; x_wconf 89' lang='lat' dir='ltr'><strong>quod</strong></span> <span class='ocrx_word' id='word_1_122' title='bbox 1316 1550 1407 1611; x_wconf 87' lang='lat' dir='ltr'><strong>altius</strong></span> <span class='ocrx_word' id='word_1_123' title='bbox 1435 1549 1469 1611; x_wconf 86' lang='lat' dir='ltr'><strong>fit</strong></span> <span class='ocrx_word' id='word_1_124' title='bbox 1491 1548 1522 1610; x_wconf 90' lang='lat' dir='ltr'><strong>in</strong></span> <span class='ocrx_word' id='word_1_125' title='bbox 1546 1547 1627 1629; x_wconf 91' lang='lat' dir='ltr'><strong>peri-</strong></span> 
     </span>
     <span class='ocr_line' id='line_1_14' title="bbox 288 1638 1628 1723; baseline -0.004 -21"><span class='ocrx_word' id='word_1_126' title='bbox 288 1659 374 1719; x_wconf 84' lang='lat' dir='ltr'><strong>gaeo,</strong></span> <span class='ocrx_word' id='word_1_127' title='bbox 399 1640 538 1701; x_wconf 90' lang='lat' dir='ltr'><strong>humilius</strong></span> <span class='ocrx_word' id='word_1_128' title='bbox 561 1640 590 1700; x_wconf 93' lang='lat' dir='ltr'><strong>in</strong></span> <span class='ocrx_word' id='word_1_129' title='bbox 614 1659 758 1721; x_wconf 86' lang='lat' dir='ltr'><strong>apogaeo.</strong></span> <span class='ocrx_word' id='word_1_130' title='bbox 809 1640 955 1701; x_wconf 81' lang='lat' dir='ltr'><strong>At&#39;voce</strong></span> <span class='ocrx_word' id='word_1_131' title='bbox 988 1639 1147 1701; x_wconf 91' lang='lat' dir='ltr'><strong>ecoentrici</strong></span> <span class='ocrx_word' id='word_1_132' title='bbox 1169 1658 1257 1717; x_wconf 90' lang='lat' dir='ltr'><strong>porro</strong></span> <span class='ocrx_word' id='word_1_133' title='bbox 1282 1648 1398 1723; x_wconf 84' lang='lat' dir='ltr'><strong>utemur</strong></span> <span class='ocrx_word' id='word_1_134' title='bbox 1421 1638 1628 1699; x_wconf 87' lang='lat' dir='ltr'><strong>tantummodo</strong></span> 
     </span>
     <span class='ocr_line' id='line_1_15' title="bbox 286 1726 1630 1808; baseline -0.002 -18"><span class='ocrx_word' id='word_1_135' title='bbox 286 1732 315 1790; x_wconf 91' lang='lat' dir='ltr'><strong>in</strong></span> <span class='ocrx_word' id='word_1_136' title='bbox 340 1728 525 1808; x_wconf 84' lang='lat' dir='ltr'><strong>designando</strong></span> <span class='ocrx_word' id='word_1_137' title='bbox 557 1728 707 1808; x_wconf 88' lang='lat' dir='ltr'><strong>ipsissimo</strong></span> <span class='ocrx_word' id='word_1_138' title='bbox 735 1730 840 1791; x_wconf 91' lang='lat' dir='ltr'><strong>itinere</strong></span> <span class='ocrx_word' id='word_1_139' title='bbox 870 1730 1026 1808; x_wconf 90' lang='lat' dir='ltr'><strong>planetae,</strong></span> <span class='ocrx_word' id='word_1_140' title='bbox 1059 1727 1108 1787; x_wconf 88' lang='lat' dir='ltr'><strong>vel</strong></span> <span class='ocrx_word' id='word_1_141' title='bbox 1130 1729 1233 1807; x_wconf 90' lang='lat' dir='ltr'><strong>puncti</strong></span> <span class='ocrx_word' id='word_1_142' title='bbox 1266 1728 1296 1789; x_wconf 90' lang='lat' dir='ltr'><strong>in</strong></span> <span class='ocrx_word' id='word_1_143' title='bbox 1319 1728 1404 1807; x_wconf 89' lang='lat' dir='ltr'><strong>cujus</strong></span> <span class='ocrx_word' id='word_1_144' title='bbox 1428 1736 1510 1789; x_wconf 89' lang='lat' dir='ltr'><strong>motu</strong></span> <span class='ocrx_word' id='word_1_145' title='bbox 1533 1726 1630 1807; x_wconf 88' lang='lat' dir='ltr'><strong>prima</strong></span> 
     </span>
     <span class='ocr_line' id='line_1_16' title="bbox 284 1814 1628 1901; baseline -0.004 -21"><span class='ocrx_word' id='word_1_146' title='bbox 284 1818 486 1899; x_wconf 86' lang='lat' dir='ltr'><strong>inaequalitas</strong></span> <span class='ocrx_word' id='word_1_147' title='bbox 519 1818 611 1894; x_wconf 90' lang='lat' dir='ltr'><strong>inest,</strong></span> <span class='ocrx_word' id='word_1_148' title='bbox 644 1838 700 1898; x_wconf 93' lang='lat' dir='ltr'><strong>quo</strong></span> <span class='ocrx_word' id='word_1_149' title='bbox 727 1827 816 1897; x_wconf 89' lang='lat' dir='ltr'><strong>pacto</strong></span> <span class='ocrx_word' id='word_1_150' title='bbox 850 1817 1055 1901; x_wconf 85' lang='lat' dir='ltr'><strong>tantummodo</strong></span> <span class='ocrx_word' id='word_1_151' title='bbox 1084 1816 1301 1879; x_wconf 89' lang='lat' dir='ltr'><strong>Ptolemaicum</strong></span> <span class='ocrx_word' id='word_1_152' title='bbox 1334 1817 1533 1879; x_wconf 86' lang='lat' dir='ltr'><strong>ecoeutricum</strong></span> <span class='ocrx_word' id='word_1_153' title='bbox 1565 1814 1628 1888; x_wconf 87' lang='lat' dir='ltr'><strong>(vel</strong></span> 
     </span>
     <span class='ocr_line' id='line_1_17' title="bbox 285 1903 1710 1987; baseline -0.003 -19"><span class='ocrx_word' id='word_1_154' title='bbox 285 1910 418 1987; x_wconf 89' lang='lat' dir='ltr'><strong>proxime</strong></span> <span class='ocrx_word' id='word_1_155' title='bbox 443 1908 548 1979; x_wconf 92' lang='lat' dir='ltr'><strong>talem)</strong></span> <span class='ocrx_word' id='word_1_156' title='bbox 581 1926 636 1987; x_wconf 89' lang='lat' dir='ltr'><strong>par</strong></span> <span class='ocrx_word' id='word_1_157' title='bbox 664 1916 712 1970; x_wconf 88' lang='lat' dir='ltr'><strong>est</strong></span> <span class='ocrx_word' id='word_1_158' title='bbox 739 1927 793 1969; x_wconf 90' lang='lat' dir='ltr'><strong>uos</strong></span> <span class='ocrx_word' id='word_1_159' title='bbox 821 1906 987 1985; x_wconf 81' lang='lat' dir='ltr'><strong>imaginari.</strong></span> <span class='ocrx_word' id='word_1_160' title='bbox 1028 1903 1191 1967; x_wconf 88' lang='lat' dir='ltr'><strong>Ostensum</strong></span> <span class='ocrx_word' id='word_1_161' title='bbox 1216 1906 1292 1967; x_wconf 90' lang='lat' dir='ltr'><strong>enim</strong></span> <span class='ocrx_word' id='word_1_162' title='bbox 1316 1914 1364 1966; x_wconf 90' lang='lat' dir='ltr'><strong>est</strong></span> <span class='ocrx_word' id='word_1_163' title='bbox 1387 1906 1486 1986; x_wconf 90' lang='lat' dir='ltr'><strong>capite</strong></span> <span class='ocrx_word' id='word_1_164' title='bbox 1511 1912 1631 1984; x_wconf 88' lang='lat' dir='ltr'><strong>quarto,</strong></span> <span class='ocrx_word' id='word_1_165' title='bbox 1707 1906 1710 1917; x_wconf 86' lang='lat'>&#39;</span> 
     </span>
     <span class='ocr_line' id='line_1_18' title="bbox 286 1994 1629 2077; baseline -0.003 -20"><span class='ocrx_word' id='word_1_166' title='bbox 286 1998 521 2077; x_wconf 89' lang='lat' dir='ltr'><strong>discrepaturum</strong></span> <span class='ocrx_word' id='word_1_167' title='bbox 546 2005 680 2057; x_wconf 89' lang='lat' dir='ltr'><strong>nostrum</strong></span> <span class='ocrx_word' id='word_1_168' title='bbox 703 1996 848 2058; x_wconf 87' lang='lat' dir='ltr'><strong>calculum</strong></span> <span class='ocrx_word' id='word_1_169' title='bbox 871 1995 1059 2075; x_wconf 87' lang='lat' dir='ltr'><strong>aequationis</strong></span> <span class='ocrx_word' id='word_1_170' title='bbox 1077 1994 1296 2066; x_wconf 89' lang='lat' dir='ltr'><strong>(Ptolemaicae</strong></span> <span class='ocrx_word' id='word_1_171' title='bbox 1314 1996 1424 2057; x_wconf 84' lang='lat' dir='ltr'><strong>fortnas</strong></span> <span class='ocrx_word' id='word_1_172' title='bbox 1435 1994 1582 2067; x_wconf 82' lang='lat' dir='ltr'><strong>innixum)</strong></span> <span class='ocrx_word' id='word_1_173' title='bbox 1608 2012 1629 2063; x_wconf 49' lang='lat' dir='ltr'><strong>a,</strong></span> 
     </span>
     <span class='ocr_line' id='line_1_19' title="bbox 287 2083 1630 2165; baseline -0.004 -18"><span class='ocrx_word' id='word_1_174' title='bbox 287 2084 491 2165; x_wconf 84' lang='lat' dir='ltr'><strong>Copernicano</strong></span> <span class='ocrx_word' id='word_1_175' title='bbox 524 2086 729 2149; x_wconf 89' lang='lat' dir='ltr'><strong>tantummodo</strong></span> <span class='ocrx_word' id='word_1_176' title='bbox 763 2087 875 2146; x_wconf 83' lang='lat' dir='ltr'><strong>duobus</strong></span> <span class='ocrx_word' id='word_1_177' title='bbox 908 2083 1071 2164; x_wconf 88' lang='lat' dir='ltr'><strong>scrupulis,</strong></span> <span class='ocrx_word' id='word_1_178' title='bbox 1103 2084 1152 2143; x_wconf 91' lang='lat' dir='ltr'><strong>ubi</strong></span> <span class='ocrx_word' id='word_1_179' title='bbox 1181 2084 1320 2145; x_wconf 86' lang='lat' dir='ltr'><strong>maxime.</strong></span> <span class='ocrx_word' id='word_1_180' title='bbox 1374 2084 1448 2145; x_wconf 89' lang='lat' dir='ltr'><strong>Tum</strong></span> <span class='ocrx_word' id='word_1_181' title='bbox 1473 2089 1630 2143; x_wconf 86' lang='lat' dir='ltr'><strong>autemst</strong></span> 
     </span>
     <span class='ocr_line' id='line_1_20' title="bbox 287 2171 1631 2254; baseline -0.004 -18"><span class='ocrx_word' id='word_1_182' title='bbox 287 2176 402 2237; x_wconf 87' lang='lat' dir='ltr'><strong>facilior</strong></span> <span class='ocrx_word' id='word_1_183' title='bbox 442 2184 490 2235; x_wconf 91' lang='lat' dir='ltr'><strong>est</strong></span> <span class='ocrx_word' id='word_1_184' title='bbox 528 2177 632 2235; x_wconf 89' lang='lat' dir='ltr'><strong>modus</strong></span> <span class='ocrx_word' id='word_1_185' title='bbox 664 2175 854 2254; x_wconf 88' lang='lat' dir='ltr'><strong>computandi</strong></span> <span class='ocrx_word' id='word_1_186' title='bbox 897 2174 926 2235; x_wconf 91' lang='lat' dir='ltr'><strong>in</strong></span> <span class='ocrx_word' id='word_1_187' title='bbox 961 2174 1056 2235; x_wconf 88' lang='lat' dir='ltr'><strong>forma</strong></span> <span class='ocrx_word' id='word_1_188' title='bbox 1086 2172 1274 2233; x_wconf 89' lang='lat' dir='ltr'><strong>Ptolemaica</strong></span> <span class='ocrx_word' id='word_1_189' title='bbox 1315 2171 1431 2253; x_wconf 88' lang='lat' dir='ltr'><strong>primae</strong></span> <span class='ocrx_word' id='word_1_190' title='bbox 1464 2171 1631 2250; x_wconf 88' lang='lat' dir='ltr'><strong>inaequali-</strong></span> 
     </span>
     <span class='ocr_line' id='line_1_21' title="bbox 287 2260 1630 2343; baseline -0.004 -18"><span class='ocrx_word' id='word_1_191' title='bbox 287 2264 362 2325; x_wconf 89' lang='lat' dir='ltr'><strong>tatis</strong></span> <span class='ocrx_word' id='word_1_192' title='bbox 385 2284 443 2343; x_wconf 91' lang='lat' dir='ltr'><strong>qua</strong></span> <span class='ocrx_word' id='word_1_193' title='bbox 495 2262 524 2324; x_wconf 91' lang='lat' dir='ltr'><strong>in</strong></span> <span class='ocrx_word' id='word_1_194' title='bbox 550 2260 766 2342; x_wconf 84' lang='lat' dir='ltr'><strong>Copernioana.</strong></span> <span class='ocrx_word' id='word_1_195' title='bbox 813 2262 949 2341; x_wconf 91' lang='lat' dir='ltr'><strong>Denique</strong></span> <span class='ocrx_word' id='word_1_196' title='bbox 980 2263 1054 2323; x_wconf 88' lang='lat' dir='ltr'><strong>haec</strong></span> <span class='ocrx_word' id='word_1_197' title='bbox 1079 2261 1264 2322; x_wconf 82' lang='lat' dir='ltr'><strong>Ptolemaica</strong></span> <span class='ocrx_word' id='word_1_198' title='bbox 1288 2262 1383 2323; x_wconf 88' lang='lat' dir='ltr'><strong>forma</strong></span> <span class='ocrx_word' id='word_1_199' title='bbox 1407 2262 1518 2341; x_wconf 89' lang='lat' dir='ltr'><strong>primae</strong></span> <span class='ocrx_word' id='word_1_200' title='bbox 1544 2260 1630 2321; x_wconf 85' lang='lat' dir='ltr'><strong>inae-</strong></span> 
     </span>
     <span class='ocr_line' id='line_1_22' title="bbox 283 2283 1631 2435; baseline -0.004 -20"><span class='ocrx_word' id='word_1_201' title='bbox 283 2283 514 2435; x_wconf 65' lang='lat' dir='ltr'><strong>qualitatisufut</strong></span> <span class='ocrx_word' id='word_1_202' title='bbox 534 2324 662 2427; x_wconf 55' lang='lat' dir='ltr'><strong>motum)</strong></span> <span class='ocrx_word' id='word_1_203' title='bbox 687 2354 744 2433; x_wconf 90' lang='lat' dir='ltr'><strong>ipsi</strong></span> <span class='ocrx_word' id='word_1_204' title='bbox 766 2372 864 2416; x_wconf 89' lang='lat' dir='ltr'><strong>rerum</strong></span> <span class='ocrx_word' id='word_1_205' title='bbox 888 2362 1012 2415; x_wconf 84' lang='lat' dir='ltr'><strong>naturae</strong></span> <span class='ocrx_word' id='word_1_206' title='bbox 1037 2358 1068 2411; x_wconf 90' lang='lat' dir='ltr'><strong>et</strong></span> <span class='ocrx_word' id='word_1_207' title='bbox 1091 2349 1284 2429; x_wconf 86' lang='lat' dir='ltr'><strong>sequentibus</strong></span> <span class='ocrx_word' id='word_1_208' title='bbox 1307 2350 1419 2411; x_wconf 86' lang='lat' dir='ltr'><strong>nostris</strong></span> <span class='ocrx_word' id='word_1_209' title='bbox 1443 2348 1631 2431; x_wconf 88' lang='lat' dir='ltr'><strong>speculatio-</strong></span> 
     </span>
     <span class='ocr_line' id='line_1_23' title="bbox 287 2438 1630 2522; baseline -0.004 -19"><span class='ocrx_word' id='word_1_210' title='bbox 287 2443 372 2504; x_wconf 90' lang='lat' dir='ltr'><strong>nibus</strong></span> <span class='ocrx_word' id='word_1_211' title='bbox 404 2452 491 2522; x_wconf 91' lang='lat' dir='ltr'><strong>parte</strong></span> <span class='ocrx_word' id='word_1_212' title='bbox 524 2441 616 2503; x_wconf 90' lang='lat' dir='ltr'><strong>tertia</strong></span> <span class='ocrx_word' id='word_1_213' title='bbox 644 2450 676 2503; x_wconf 94' lang='lat' dir='ltr'><strong>et</strong></span> <span class='ocrx_word' id='word_1_214' title='bbox 705 2450 812 2521; x_wconf 89' lang='lat' dir='ltr'><strong>quarta</strong></span> <span class='ocrx_word' id='word_1_215' title='bbox 834 2450 885 2502; x_wconf 92' lang='lat' dir='ltr'><strong>est</strong></span> <span class='ocrx_word' id='word_1_216' title='bbox 908 2438 1168 2501; x_wconf 87' lang='lat' dir='ltr'><strong>accommodatior.</strong></span> <span class='ocrx_word' id='word_1_217' title='bbox 1216 2440 1344 2519; x_wconf 88' lang='lat' dir='ltr'><strong>Propter</strong></span> <span class='ocrx_word' id='word_1_218' title='bbox 1367 2438 1630 2521; x_wconf 88' lang='lat' dir='ltr'><strong>aequipollentiam</strong></span> 
     </span>
     <span class='ocr_line' id='line_1_24' title="bbox 287 2526 1621 2612; baseline -0.004 -22"><span class='ocrx_word' id='word_1_219' title='bbox 287 2551 368 2604; x_wconf 84' lang='lat' dir='ltr'><strong>vero,</strong></span> <span class='ocrx_word' id='word_1_220' title='bbox 393 2532 419 2592; x_wconf 93' lang='lat' dir='ltr'><strong>si</strong></span> <span class='ocrx_word' id='word_1_221' title='bbox 443 2530 489 2591; x_wconf 91' lang='lat' dir='ltr'><strong>cui</strong></span> <span class='ocrx_word' id='word_1_222' title='bbox 512 2530 604 2604; x_wconf 91' lang='lat' dir='ltr'><strong>lubet,</strong></span> <span class='ocrx_word' id='word_1_223' title='bbox 627 2531 787 2612; x_wconf 88' lang='lat' dir='ltr'><strong>poteritis</strong></span> <span class='ocrx_word' id='word_1_224' title='bbox 811 2549 927 2610; x_wconf 89' lang='lat' dir='ltr'><strong>semper</strong></span> <span class='ocrx_word' id='word_1_225' title='bbox 951 2538 1020 2589; x_wconf 92' lang='lat' dir='ltr'><strong>tunc</strong></span> <span class='ocrx_word' id='word_1_226' title='bbox 1043 2548 1158 2609; x_wconf 91' lang='lat' dir='ltr'><strong>quoque</strong></span> <span class='ocrx_word' id='word_1_227' title='bbox 1175 2526 1411 2607; x_wconf 89' lang='lat' dir='ltr'><strong>Copernioauurn</strong></span> <span class='ocrx_word' id='word_1_228' title='bbox 1435 2526 1621 2605; x_wconf 88' lang='lat' dir='ltr'><strong>eccentrepi-</strong></span> 
     </span>
     <span class='ocr_line' id='line_1_25' title="bbox 287 2616 1409 2702; baseline -0.004 -21"><span class='ocrx_word' id='word_1_229' title='bbox 287 2623 416 2702; x_wconf 89' lang='lat' dir='ltr'><strong>cyclum,</strong></span> <span class='ocrx_word' id='word_1_230' title='bbox 441 2620 498 2681; x_wconf 93' lang='lat' dir='ltr'><strong>huc</strong></span> <span class='ocrx_word' id='word_1_231' title='bbox 521 2638 613 2700; x_wconf 89' lang='lat' dir='ltr'><strong>usquc</strong></span> <span class='ocrx_word' id='word_1_232' title='bbox 637 2622 691 2682; x_wconf 92' lang='lat' dir='ltr'><strong>hoo</strong></span> <span class='ocrx_word' id='word_1_233' title='bbox 715 2620 940 2701; x_wconf 78' lang='lat' dir='ltr'><strong>capite&#39;quinto</strong></span> <span class='ocrx_word' id='word_1_234' title='bbox 965 2626 1147 2697; x_wconf 88' lang='lat' dir='ltr'><strong>usurpatum,</strong></span> <span class='ocrx_word' id='word_1_235' title='bbox 1173 2616 1409 2695; x_wconf 85' lang='lat' dir='ltr'><strong>subintelligere.</strong></span> 
     </span>
    </p>

    <p class='ocr_par' dir='ltr' id='par_1_4' title="bbox 374 2703 1627 2790">
     <span class='ocr_line' id='line_1_26' title="bbox 374 2703 1627 2790; baseline -0.006 -19"><span class='ocrx_word' id='word_1_236' title='bbox 374 2709 495 2771; x_wconf 87' lang='lat' dir='ltr'><strong>Accedo</strong></span> <span class='ocrx_word' id='word_1_237' title='bbox 514 2709 579 2789; x_wconf 89' lang='lat' dir='ltr'><strong>jam</strong></span> <span class='ocrx_word' id='word_1_238' title='bbox 603 2709 641 2770; x_wconf 89' lang='lat' dir='ltr'><strong>ad</strong></span> <span class='ocrx_word' id='word_1_239' title='bbox 656 2710 784 2790; x_wconf 90' lang='lat' dir='ltr'><strong>priorem</strong></span> <span class='ocrx_word' id='word_1_240' title='bbox 801 2708 1004 2771; x_wconf 88' lang='lat' dir='ltr'><strong>instituendae</strong></span> <span class='ocrx_word' id='word_1_241' title='bbox 1019 2705 1191 2786; x_wconf 90' lang='lat' dir='ltr'><strong>propositae</strong></span> <span class='ocrx_word' id='word_1_242' title='bbox 1208 2706 1456 2786; x_wconf 87' lang='lat' dir='ltr'><strong>aequipollentiae</strong></span> <span class='ocrx_word' id='word_1_243' title='bbox 1472 2703 1627 2778; x_wconf 85' lang='lat' dir='ltr'><strong>rationem,</strong></span> 
     </span>
    </p>
   </div>
   <div class='ocr_carea' id='block_1_3' title="bbox 286 2793 1630 2970">
    <p class='ocr_par' dir='ltr' id='par_1_5' title="bbox 286 2793 1630 2970">
     <span class='ocr_line' id='line_1_27' title="bbox 286 2793 1630 2882; baseline -0.005 -22"><span class='ocrx_word' id='word_1_244' title='bbox 286 2799 517 2880; x_wconf 80' lang='lat' dir='ltr'><strong>particularibus</strong></span> <span class='ocrx_word' id='word_1_245' title='bbox 540 2808 693 2861; x_wconf 88' lang='lat' dir='ltr'><strong>auctorum</strong></span> <span class='ocrx_word' id='word_1_246' title='bbox 718 2799 932 2882; x_wconf 84' lang='lat' dir='ltr'><strong>hypothesibus</strong></span> <span class='ocrx_word' id='word_1_247' title='bbox 956 2815 1156 2870; x_wconf 82' lang='lat' dir='ltr'><strong>oonrmunem,·</strong></span> <span class='ocrx_word' id='word_1_248' title='bbox 1181 2795 1259 2878; x_wconf 92' lang='lat' dir='ltr'><strong>quod</strong></span> <span class='ocrx_word' id='word_1_249' title='bbox 1282 2796 1311 2856; x_wconf 96' lang='lat' dir='ltr'><strong>in</strong></span> <span class='ocrx_word' id='word_1_250' title='bbox 1328 2793 1514 2878; x_wconf 76' lang='lat' dir='ltr'><strong>Ptolemaios</strong></span> <span class='ocrx_word' id='word_1_251' title='bbox 1535 2794 1630 2853; x_wconf 89' lang='lat' dir='ltr'><strong>forma</strong></span> 
     </span>
     <span class='ocr_line' id='line_1_28' title="bbox 288 2889 1224 2970; baseline -0.003 -20"><span class='ocrx_word' id='word_1_252' title='bbox 288 2889 370 2970; x_wconf 88' lang='lat' dir='ltr'><strong>prius</strong></span> <span class='ocrx_word' id='word_1_253' title='bbox 394 2889 612 2952; x_wconf 82' lang='lat' dir='ltr'><strong>demonstrabo.</strong></span> <span class='ocrx_word' id='word_1_254' title='bbox 1220 2893 1224 2907; x_wconf 70' lang='lat'><strong><em>¹</em></strong></span> 
     </span>
    </p>
   </div>
   <div class='ocr_carea' id='block_1_4' title="bbox 532 2969 1641 4390">
    <p class='ocr_par' dir='ltr' id='par_1_6' title="bbox 532 2969 1638 3232">
     <span class='ocr_line' id='line_1_29' title="bbox 985 2969 1635 3051; baseline -0.008 -17"><span class='ocrx_word' id='word_1_255' title='bbox 985 2971 1097 3034; x_wconf 80' lang='lat' dir='ltr'><strong>(lentro</strong></span> <span class='ocrx_word' id='word_1_256' title='bbox 1116 2973 1135 3051; x_wconf 85' lang='grc' dir='ltr'>β</span> <span class='ocrx_word' id='word_1_257' title='bbox 1159 2972 1307 3035; x_wconf 87' lang='lat' dir='ltr'><strong>scribatur</strong></span> <span class='ocrx_word' id='word_1_258' title='bbox 1326 2971 1509 3034; x_wconf 90' lang='lat' dir='ltr'><strong>ecceutricus</strong></span> <span class='ocrx_word' id='word_1_259' title='bbox 1528 2969 1635 3032; x_wconf 87' lang='lat' dir='ltr'><strong>Ptole-</strong></span> 
     </span>
     <span class='ocr_line' id='line_1_30' title="bbox 532 3044 1638 3142; baseline -0.006 -15"><span class='ocrx_word' id='word_1_260' title='bbox 532 3049 586 3114; x_wconf 74' lang='lat' dir='ltr'><strong>rig.</strong></span> <span class='ocrx_word' id='word_1_261' title='bbox 606 3044 648 3098; x_wconf 74' lang='lat'><strong>⁵⁶·</strong></span> <span class='ocrx_word' id='word_1_262' title='bbox 900 3063 1013 3124; x_wconf 82' lang='lat' dir='ltr'><strong>malcus</strong></span> <span class='ocrx_word' id='word_1_263' title='bbox 1031 3057 1101 3138; x_wconf 83' lang='grc' dir='ltr'><strong><em>ιζη;</em></strong></span> <span class='ocrx_word' id='word_1_264' title='bbox 1126 3062 1223 3142; x_wconf 90' lang='lat' dir='ltr'><strong>sitque</strong></span> <span class='ocrx_word' id='word_1_265' title='bbox 1243 3061 1322 3123; x_wconf 91' lang='lat' dir='ltr'><strong>linea</strong></span> <span class='ocrx_word' id='word_1_266' title='bbox 1343 3061 1478 3140; x_wconf 86' lang='lat' dir='ltr'><strong>apsidum</strong></span> <span class='ocrx_word' id='word_1_267' title='bbox 1493 3062 1535 3138; x_wconf 83' lang='grc' dir='ltr'><strong>ιβ,</strong></span> <span class='ocrx_word' id='word_1_268' title='bbox 1556 3059 1638 3120; x_wconf 85' lang='lat' dir='ltr'><strong>risus</strong></span> 
     </span>
     <span class='ocr_line' id='line_1_31' title="bbox 901 3149 1422 3232; baseline -0.006 -18"><span class='ocrx_word' id='word_1_269' title='bbox 901 3155 930 3214; x_wconf 92' lang='lat' dir='ltr'><strong>in</strong></span> <span class='ocrx_word' id='word_1_270' title='bbox 954 3175 983 3228; x_wconf 86' lang='lat' dir='ltr'><strong>a,</strong></span> <span class='ocrx_word' id='word_1_271' title='bbox 1006 3160 1147 3232; x_wconf 86' lang='lat' dir='ltr'><strong>punctum</strong></span> <span class='ocrx_word' id='word_1_272' title='bbox 1171 3149 1375 3231; x_wconf 88' lang='lat' dir='ltr'><strong>aequatorium</strong></span> <span class='ocrx_word' id='word_1_273' title='bbox 1399 3173 1422 3228; x_wconf 84' lang='lat' dir='ltr'><strong>y.</strong></span> 
     </span>
    </p>

    <p class='ocr_par' dir='ltr' id='par_1_7' title="bbox 902 3237 1639 3498">
     <span class='ocr_line' id='line_1_32' title="bbox 989 3237 1638 3313; baseline -0.006 -11"><span class='ocrx_word' id='word_1_274' title='bbox 989 3241 1068 3302; x_wconf 93' lang='lat' dir='ltr'><strong>Dum</strong></span> <span class='ocrx_word' id='word_1_275' title='bbox 1097 3249 1196 3302; x_wconf 86' lang='lat' dir='ltr'><strong>autern</strong></span> <span class='ocrx_word' id='word_1_276' title='bbox 1229 3241 1311 3313; x_wconf 90' lang='lat' dir='ltr'><strong>dico,</strong></span> <span class='ocrx_word' id='word_1_277' title='bbox 1346 3239 1442 3300; x_wconf 84' lang='lat' dir='ltr'><strong>visum</strong></span> <span class='ocrx_word' id='word_1_278' title='bbox 1464 3237 1493 3298; x_wconf 91' lang='lat' dir='ltr'><strong>in</strong></span> <span class='ocrx_word' id='word_1_279' title='bbox 1517 3262 1536 3300; x_wconf 87' lang='grc' dir='ltr'>α</span> <span class='ocrx_word' id='word_1_280' title='bbox 1560 3257 1638 3311; x_wconf 90' lang='lat' dir='ltr'><strong>esse,</strong></span> 
     </span>
     <span class='ocr_line' id='line_1_33' title="bbox 902 3326 1639 3409; baseline -0.012 -15"><span class='ocrx_word' id='word_1_281' title='bbox 902 3326 1037 3409; x_wconf 85' lang='lat' dir='ltr'><strong>intelligo</strong></span> <span class='ocrx_word' id='word_1_282' title='bbox 1060 3330 1107 3391; x_wconf 89' lang='lat' dir='ltr'><strong>vel</strong></span> <span class='ocrx_word' id='word_1_283' title='bbox 1131 3348 1183 3408; x_wconf 89' lang='lat' dir='ltr'><strong>per</strong></span> <span class='ocrx_word' id='word_1_284' title='bbox 1206 3329 1353 3392; x_wconf 86' lang='lat' dir='ltr'><strong>fictionem</strong></span> <span class='ocrx_word' id='word_1_285' title='bbox 1379 3329 1427 3389; x_wconf 90' lang='lat' dir='ltr'><strong>vel</strong></span> <span class='ocrx_word' id='word_1_286' title='bbox 1450 3345 1536 3402; x_wconf 89' lang='lat' dir='ltr'><strong>vere;</strong></span> <span class='ocrx_word' id='word_1_287' title='bbox 1561 3326 1639 3408; x_wconf 92' lang='lat' dir='ltr'><strong>phy-</strong></span> 
     </span>
     <span class='ocr_line' id='line_1_34' title="bbox 903 3415 1638 3498; baseline -0.008 -16"><span class='ocrx_word' id='word_1_288' title='bbox 903 3421 963 3482; x_wconf 89' lang='lat' dir='ltr'><strong>sice</strong></span> <span class='ocrx_word' id='word_1_289' title='bbox 996 3418 1141 3498; x_wconf 91' lang='lat' dir='ltr'><strong>loquendo</strong></span> <span class='ocrx_word' id='word_1_290' title='bbox 1164 3437 1221 3478; x_wconf 89' lang='lat' dir='ltr'><strong>non</strong></span> <span class='ocrx_word' id='word_1_291' title='bbox 1250 3427 1313 3479; x_wconf 92' lang='lat' dir='ltr'><strong>tam</strong></span> <span class='ocrx_word' id='word_1_292' title='bbox 1340 3417 1423 3480; x_wconf 90' lang='lat' dir='ltr'><strong>visus</strong></span> <span class='ocrx_word' id='word_1_293' title='bbox 1445 3415 1474 3476; x_wconf 90' lang='lat' dir='ltr'><strong>in</strong></span> <span class='ocrx_word' id='word_1_294' title='bbox 1499 3439 1519 3476; x_wconf 87' lang='grc' dir='ltr'><strong>α</strong></span> <span class='ocrx_word' id='word_1_295' title='bbox 1542 3415 1638 3477; x_wconf 91' lang='lat' dir='ltr'><strong>collo-</strong></span> 
     </span>
    </p>

    <p class='ocr_par' dir='ltr' id='par_1_8' title="bbox 787 3504 1641 3764">
     <span class='ocr_line' id='line_1_35' title="bbox 787 3504 1639 3586; baseline -0.011 -14"><span class='ocrx_word' id='word_1_296' title='bbox 787 3530 790 3533; x_wconf 87' lang='lat'>·</span> <span class='ocrx_word' id='word_1_297' title='bbox 904 3509 1016 3571; x_wconf 89' lang='lat' dir='ltr'><strong>candus</strong></span> <span class='ocrx_word' id='word_1_298' title='bbox 1039 3516 1101 3583; x_wconf 86' lang='lat' dir='ltr'><strong>est,</strong></span> <span class='ocrx_word' id='word_1_299' title='bbox 1126 3525 1213 3586; x_wconf 91' lang='lat' dir='ltr'><strong>quam</strong></span> <span class='ocrx_word' id='word_1_300' title='bbox 1238 3506 1303 3586; x_wconf 90' lang='lat' dir='ltr'><strong>ipsa</strong></span> <span class='ocrx_word' id='word_1_301' title='bbox 1335 3507 1445 3578; x_wconf 88' lang='lat' dir='ltr'><strong>virtus,</strong></span> <span class='ocrx_word' id='word_1_302' title='bbox 1478 3524 1553 3585; x_wconf 87' lang='lat' dir='ltr'><strong>quae</strong></span> <span class='ocrx_word' id='word_1_303' title='bbox 1577 3504 1639 3564; x_wconf 87' lang='lat' dir='ltr'><strong>cir-</strong></span> 
     </span>
     <span class='ocr_line' id='line_1_36' title="bbox 903 3593 1640 3674; baseline -0.011 -14"><span class='ocrx_word' id='word_1_304' title='bbox 903 3599 1013 3660; x_wconf 90' lang='lat' dir='ltr'><strong>cuitum</strong></span> <span class='ocrx_word' id='word_1_305' title='bbox 1031 3597 1111 3658; x_wconf 89' lang='lat' dir='ltr'><strong>circa</strong></span> <span class='ocrx_word' id='word_1_306' title='bbox 1134 3613 1166 3654; x_wconf 90' lang='lat' dir='ltr'><strong>se</strong></span> <span class='ocrx_word' id='word_1_307' title='bbox 1186 3597 1326 3657; x_wconf 90' lang='lat' dir='ltr'><strong>conciliat</strong></span> <span class='ocrx_word' id='word_1_308' title='bbox 1347 3597 1488 3674; x_wconf 86' lang='lat' dir='ltr'><strong>planetae</strong></span> <span class='ocrx_word' id='word_1_309' title='bbox 1511 3593 1640 3662; x_wconf 87' lang='lat' dir='ltr'><strong>tardum,</strong></span> 
     </span>
     <span class='ocr_line' id='line_1_37' title="bbox 903 3683 1641 3764; baseline -0.005 -16"><span class='ocrx_word' id='word_1_310' title='bbox 903 3687 1050 3760; x_wconf 87' lang='lat' dir='ltr'><strong>velocem,</strong></span> <span class='ocrx_word' id='word_1_311' title='bbox 1080 3703 1133 3764; x_wconf 86' lang='lat' dir='ltr'><strong>pro</strong></span> <span class='ocrx_word' id='word_1_312' title='bbox 1157 3684 1272 3746; x_wconf 90' lang='lat' dir='ltr'><strong>ratione</strong></span> <span class='ocrx_word' id='word_1_313' title='bbox 1301 3683 1533 3764; x_wconf 88' lang='lat' dir='ltr'><strong>propinquitatis</strong></span> <span class='ocrx_word' id='word_1_314' title='bbox 1558 3683 1595 3743; x_wconf 90' lang='lat' dir='ltr'><strong>ad</strong></span> <span class='ocrx_word' id='word_1_315' title='bbox 1619 3707 1641 3744; x_wconf 89' lang='grc' dir='ltr'><strong>α</strong></span> 
     </span>
    </p>

    <p class='ocr_par' dir='ltr' id='par_1_9' title="bbox 796 3771 1641 4390">
     <span class='ocr_line' id='line_1_38' title="bbox 796 3771 1641 3854; baseline -0.007 -16"><span class='ocrx_word' id='word_1_316' title='bbox 796 3786 839 3832; x_wconf 49' lang='grc' dir='ltr'><strong>π’,</strong></span> <span class='ocrx_word' id='word_1_317' title='bbox 903 3786 936 3838; x_wconf 90' lang='lat' dir='ltr'><strong>ut</strong></span> <span class='ocrx_word' id='word_1_318' title='bbox 972 3793 1062 3854; x_wconf 89' lang='lat' dir='ltr'><strong>supra</strong></span> <span class='ocrx_word' id='word_1_319' title='bbox 1097 3773 1219 3835; x_wconf 90' lang='lat' dir='ltr'><strong>dictum.</strong></span> <span class='ocrx_word' id='word_1_320' title='bbox 1280 3772 1483 3836; x_wconf 86' lang='lat' dir='ltr'><strong>Connectatur</strong></span> <span class='ocrx_word' id='word_1_321' title='bbox 1518 3771 1641 3852; x_wconf 90' lang='lat' dir='ltr'><strong>aliquod</strong></span> 
     </span>
     <span class='ocr_line' id='line_1_39' title="bbox 903 3861 1639 3942; baseline -0.005 -16"><span class='ocrx_word' id='word_1_322' title='bbox 903 3861 1158 3928; x_wconf 85' lang='lat' dir='ltr'><strong>circumferentiae</strong></span> <span class='ocrx_word' id='word_1_323' title='bbox 1197 3871 1339 3941; x_wconf 91' lang='lat' dir='ltr'><strong>punctum</strong></span> <span class='ocrx_word' id='word_1_324' title='bbox 1380 3871 1466 3924; x_wconf 81' lang='lat' dir='ltr'><strong>extra</strong></span> <span class='ocrx_word' id='word_1_325' title='bbox 1502 3861 1639 3942; x_wconf 87' lang='lat' dir='ltr'><strong>apsidum</strong></span> 
     </span>
     <span class='ocr_line' id='line_1_40' title="bbox 903 3947 1640 4032; baseline -0.012 -14"><span class='ocrx_word' id='word_1_326' title='bbox 903 3955 1013 4018; x_wconf 90' lang='lat' dir='ltr'><strong>lineam</strong></span> <span class='ocrx_word' id='word_1_327' title='bbox 1036 3954 1124 4032; x_wconf 89' lang='lat' dir='ltr'><strong>(puta</strong></span> <span class='ocrx_word' id='word_1_328' title='bbox 1146 3953 1177 4027; x_wconf 78' lang='lat' dir='ltr'><strong>q)</strong></span> <span class='ocrx_word' id='word_1_329' title='bbox 1202 3969 1267 4013; x_wconf 93' lang='lat' dir='ltr'><strong>cum</strong></span> <span class='ocrx_word' id='word_1_330' title='bbox 1291 3975 1313 4032; x_wconf 85' lang='lat' dir='ltr'><strong>y,</strong></span> <span class='ocrx_word' id='word_1_331' title='bbox 1331 3954 1360 4030; x_wconf 85' lang='grc' dir='ltr'><strong>β,</strong></span> <span class='ocrx_word' id='word_1_332' title='bbox 1379 3947 1415 4025; x_wconf 84' lang='grc' dir='ltr'><strong>ἀ;</strong></span> <span class='ocrx_word' id='word_1_333' title='bbox 1440 3958 1506 4012; x_wconf 90' lang='lat' dir='ltr'><strong>esto</strong></span> <span class='ocrx_word' id='word_1_334' title='bbox 1530 3958 1564 4012; x_wconf 94' lang='lat' dir='ltr'><strong>ut</strong></span> <span class='ocrx_word' id='word_1_335' title='bbox 1585 3969 1640 4031; x_wconf 91' lang='lat' dir='ltr'><strong>per</strong></span> 
     </span>
     <span class='ocr_line' id='line_1_41' title="bbox 902 4039 1639 4124; baseline -0.008 -16"><span class='ocrx_word' id='word_1_336' title='bbox 902 4043 979 4108; x_wconf 91' lang='lat' dir='ltr'><strong>hanc</strong></span> <span class='ocrx_word' id='word_1_337' title='bbox 1016 4039 1194 4124; x_wconf 88' lang='lat' dir='ltr'><strong>hypothesin</strong></span> <span class='ocrx_word' id='word_1_338' title='bbox 1230 4041 1332 4120; x_wconf 86' lang='lat' dir='ltr'><strong>anguli</strong></span> <span class='ocrx_word' id='word_1_339' title='bbox 1364 4063 1419 4114; x_wconf 81' lang='grc' dir='ltr'><strong>ιαη</strong></span> <span class='ocrx_word' id='word_1_340' title='bbox 1456 4059 1510 4120; x_wconf 90' lang='grc' dir='ltr'><strong>ρετ</strong></span> <span class='ocrx_word' id='word_1_341' title='bbox 1542 4048 1639 4102; x_wconf 91' lang='lat' dir='ltr'><strong>totum</strong></span> 
     </span>
     <span class='ocr_line' id='line_1_42' title="bbox 902 4127 1638 4210; baseline -0.01 -14"><span class='ocrx_word' id='word_1_342' title='bbox 902 4129 1057 4196; x_wconf 90' lang='lat' dir='ltr'><strong>circuitum</strong></span> <span class='ocrx_word' id='word_1_343' title='bbox 1076 4129 1153 4191; x_wconf 85' lang='lat' dir='ltr'><strong>tanti</strong></span> <span class='ocrx_word' id='word_1_344' title='bbox 1168 4128 1302 4209; x_wconf 78' lang='lat' dir='ltr'><strong>proxime</strong></span> <span class='ocrx_word' id='word_1_345' title='bbox 1321 4129 1488 4210; x_wconf 90' lang='lat' dir='ltr'><strong>computari</strong></span> <span class='ocrx_word' id='word_1_346' title='bbox 1510 4127 1638 4209; x_wconf 88' lang='lat' dir='ltr'><strong>possint,</strong></span> 
     </span>
     <span class='ocr_line' id='line_1_43' title="bbox 904 4218 1640 4303; baseline -0.008 -19"><span class='ocrx_word' id='word_1_347' title='bbox 904 4221 1006 4303; x_wconf 89' lang='lat' dir='ltr'><strong>quanti</strong></span> <span class='ocrx_word' id='word_1_348' title='bbox 1035 4218 1231 4281; x_wconf 89' lang='lat' dir='ltr'><strong>observantur</strong></span> <span class='ocrx_word' id='word_1_349' title='bbox 1264 4239 1301 4281; x_wconf 87' lang='lat' dir='ltr'><strong>ex</strong></span> <span class='ocrx_word' id='word_1_350' title='bbox 1322 4244 1360 4294; x_wconf 82' lang='lat' dir='ltr'><strong>a,</strong></span> <span class='ocrx_word' id='word_1_351' title='bbox 1394 4226 1426 4280; x_wconf 92' lang='lat' dir='ltr'><strong>et</strong></span> <span class='ocrx_word' id='word_1_352' title='bbox 1454 4227 1524 4298; x_wconf 91' lang='lat' dir='ltr'><strong>post</strong></span> <span class='ocrx_word' id='word_1_353' title='bbox 1555 4225 1640 4282; x_wconf 89' lang='lat' dir='ltr'><strong>certa</strong></span> 
     </span>
     <span class='ocr_line' id='line_1_44' title="bbox 897 4309 1638 4390; baseline -0.008 -16"><span class='ocrx_word' id='word_1_354' title='bbox 897 4321 1042 4390; x_wconf 88' lang='lat' dir='ltr'><strong>tempora,</strong></span> <span class='ocrx_word' id='word_1_355' title='bbox 1059 4327 1134 4388; x_wconf 85' lang='lat' dir='ltr'><strong>quas</strong></span> <span class='ocrx_word' id='word_1_356' title='bbox 1150 4309 1290 4370; x_wconf 89' lang='lat' dir='ltr'><strong>metiatur</strong></span> <span class='ocrx_word' id='word_1_357' title='bbox 1304 4309 1431 4388; x_wconf 84' lang='lat' dir='ltr'><strong>angulus</strong></span> <span class='ocrx_word' id='word_1_358' title='bbox 1446 4329 1497 4387; x_wconf 79' lang='grc' dir='ltr'><strong>ηγι</strong></span> <span class='ocrx_word' id='word_1_359' title='bbox 1521 4327 1638 4388; x_wconf 89' lang='lat' dir='ltr'><strong>aequa-</strong></span> 
     </span>
    </p>
   </div>
   <div class='ocr_carea' id='block_1_5' title="bbox 291 4396 1637 4491">
    <p class='ocr_par' dir='ltr' id='par_1_10' title="bbox 291 4396 1637 4491">
     <span class='ocr_line' id='line_1_45' title="bbox 291 4396 1637 4491; baseline -0.025 -1"><span class='ocrx_word' id='word_1_360' title='bbox 291 4426 369 4491; x_wconf 91' lang='lat' dir='ltr'><strong>liter.</strong></span> <span class='ocrx_word' id='word_1_361' title='bbox 418 4416 606 4482; x_wconf 88' lang='lat' dir='ltr'><strong>Ostendetur</strong></span> <span class='ocrx_word' id='word_1_362' title='bbox 628 4421 728 4476; x_wconf 89' lang='lat' dir='ltr'><strong>autem</strong></span> <span class='ocrx_word' id='word_1_363' title='bbox 751 4413 860 4488; x_wconf 87' lang='lat' dir='ltr'><strong>postea</strong></span> <span class='ocrx_word' id='word_1_364' title='bbox 881 4409 966 4484; x_wconf 90' lang='lat' dir='ltr'><strong>parte</strong></span> <span class='ocrx_word' id='word_1_365' title='bbox 991 4397 1136 4470; x_wconf 88' lang='lat' dir='ltr'><strong>secunda,</strong></span> <span class='ocrx_word' id='word_1_366' title='bbox 1162 4397 1307 4476; x_wconf 87' lang='lat' dir='ltr'><strong>quomodo</strong></span> <span class='ocrx_word' id='word_1_367' title='bbox 1332 4417 1385 4478; x_wconf 89' lang='lat' dir='ltr'><strong>per</strong></span> <span class='ocrx_word' id='word_1_368' title='bbox 1408 4396 1637 4460; x_wconf 87' lang='lat' dir='ltr'><strong>observationes</strong></span> 
     </span>
    </p>
   </div>
   <div class='ocr_carea' id='block_1_6' title="bbox 278 4485 1637 5039">
    <p class='ocr_par' dir='ltr' id='par_1_11' title="bbox 278 4485 1637 5039">
     <span class='ocr_line' id='line_1_46' title="bbox 293 4485 1634 4584; baseline -0.028 -6"><span class='ocrx_word' id='word_1_369' title='bbox 293 4509 510 4579; x_wconf 87' lang='lat' dir='ltr'><strong>astronomicas</strong></span> <span class='ocrx_word' id='word_1_370' title='bbox 542 4501 797 4584; x_wconf 87' lang='lat' dir='ltr'><strong>deprehendatur,</strong></span> <span class='ocrx_word' id='word_1_371' title='bbox 829 4500 956 4575; x_wconf 87' lang='lat' dir='ltr'><strong>quantus</strong></span> <span class='ocrx_word' id='word_1_372' title='bbox 988 4486 1113 4566; x_wconf 78' lang='lat' dir='ltr'><strong>angulus</strong></span> <span class='ocrx_word' id='word_1_373' title='bbox 1146 4508 1205 4562; x_wconf 76' lang='grc' dir='ltr'><strong>ραι</strong></span> <span class='ocrx_word' id='word_1_374' title='bbox 1236 4485 1359 4576; x_wconf 86' lang='lat' dir='ltr'><strong>cuilibet</strong></span> <span class='ocrx_word' id='word_1_375' title='bbox 1388 4509 1442 4566; x_wconf 76' lang='grc' dir='ltr'><strong>ηγι</strong></span> <span class='ocrx_word' id='word_1_376' title='bbox 1479 4485 1634 4550; x_wconf 86' lang='lat' dir='ltr'><strong>debeatur.</strong></span> 
     </span>
     <span class='ocr_line' id='line_1_47' title="bbox 292 4574 1634 4668; baseline -0.026 1"><span class='ocrx_word' id='word_1_377' title='bbox 292 4607 420 4668; x_wconf 89' lang='lat' dir='ltr'><strong>Rursum</strong></span> <span class='ocrx_word' id='word_1_378' title='bbox 444 4597 485 4659; x_wconf 90' lang='lat' dir='ltr'><strong>sit</strong></span> <span class='ocrx_word' id='word_1_379' title='bbox 508 4594 598 4658; x_wconf 86' lang='lat' dir='ltr'><strong>visus.</strong></span> <span class='ocrx_word' id='word_1_380' title='bbox 612 4613 666 4654; x_wconf 90' lang='lat' dir='ltr'><strong>seu</strong></span> <span class='ocrx_word' id='word_1_381' title='bbox 688 4589 783 4650; x_wconf 88' lang='lat' dir='ltr'><strong>virtus</strong></span> <span class='ocrx_word' id='word_1_382' title='bbox 807 4599 929 4646; x_wconf 87' lang='lat' dir='ltr'><strong>movens</strong></span> <span class='ocrx_word' id='word_1_383' title='bbox 953 4577 983 4639; x_wconf 89' lang='lat' dir='ltr'><strong>in</strong></span> <span class='ocrx_word' id='word_1_384' title='bbox 1006 4581 1116 4658; x_wconf 91' lang='lat' dir='ltr'><strong>puncto</strong></span> <span class='ocrx_word' id='word_1_385' title='bbox 1141 4582 1226 4634; x_wconf 84' lang='lat' dir='ltr'><strong>extra</strong></span> <span class='ocrx_word' id='word_1_386' title='bbox 1249 4574 1357 4638; x_wconf 88' lang='lat' dir='ltr'><strong>lineam</strong></span> <span class='ocrx_word' id='word_1_387' title='bbox 1370 4597 1418 4650; x_wconf 83' lang='grc' dir='ltr'><strong>ια,</strong></span> <span class='ocrx_word' id='word_1_388' title='bbox 1444 4576 1523 4656; x_wconf 90' lang='lat' dir='ltr'><strong>quod</strong></span> <span class='ocrx_word' id='word_1_389' title='bbox 1547 4574 1588 4638; x_wconf 91' lang='lat' dir='ltr'><strong>sit</strong></span> <span class='ocrx_word' id='word_1_390' title='bbox 1604 4579 1634 4650; x_wconf 73' lang='grc'><strong>,6,</strong></span> 
     </span>
     <span class='ocr_line' id='line_1_48' title="bbox 295 4661 1635 4772; baseline -0.023 -16"><span class='ocrx_word' id='word_1_391' title='bbox 295 4695 438 4772; x_wconf 89' lang='lat' dir='ltr'><strong>deturque</strong></span> <span class='ocrx_word' id='word_1_392' title='bbox 461 4683 556 4756; x_wconf 84' lang='lat' dir='ltr'><strong>nobis,</strong></span> <span class='ocrx_word' id='word_1_393' title='bbox 581 4681 658 4761; x_wconf 92' lang='lat' dir='ltr'><strong>quod</strong></span> <span class='ocrx_word' id='word_1_394' title='bbox 683 4680 774 4739; x_wconf 91' lang='lat' dir='ltr'><strong>etiam</strong></span> <span class='ocrx_word' id='word_1_395' title='bbox 792 4673 925 4751; x_wconf 76' lang='lat' dir='ltr'><strong>inopen</strong></span> <span class='ocrx_word' id='word_1_396' title='bbox 948 4663 1164 4728; x_wconf 91' lang='lat' dir='ltr'><strong>astronomicas</strong></span> <span class='ocrx_word' id='word_1_397' title='bbox 1188 4661 1414 4726; x_wconf 88' lang='lat' dir='ltr'><strong>observationes</strong></span> <span class='ocrx_word' id='word_1_398' title='bbox 1439 4664 1530 4726; x_wconf 89' lang='lat' dir='ltr'><strong>certis</strong></span> <span class='ocrx_word' id='word_1_399' title='bbox 1553 4672 1635 4726; x_wconf 91' lang='lat' dir='ltr'><strong>tem-</strong></span> 
     </span>
     <span class='ocr_line' id='line_1_49' title="bbox 293 4752 1637 4864; baseline -0.028 -19"><span class='ocrx_word' id='word_1_400' title='bbox 293 4782 414 4864; x_wconf 89' lang='lat' dir='ltr'><strong>poribus</strong></span> <span class='ocrx_word' id='word_1_401' title='bbox 450 4773 524 4839; x_wconf 84' lang='lat' dir='ltr'><strong>certi</strong></span> <span class='ocrx_word' id='word_1_402' title='bbox 557 4769 657 4850; x_wconf 87' lang='lat' dir='ltr'><strong>anguli</strong></span> <span class='ocrx_word' id='word_1_403' title='bbox 692 4762 794 4828; x_wconf 89' lang='lat' dir='ltr'><strong>visorii</strong></span> <span class='ocrx_word' id='word_1_404' title='bbox 827 4761 888 4822; x_wconf 88' lang='lat' dir='ltr'><strong>sint</strong></span> <span class='ocrx_word' id='word_1_405' title='bbox 920 4753 1115 4837; x_wconf 91' lang='lat' dir='ltr'><strong>deprehensi,</strong></span> <span class='ocrx_word' id='word_1_406' title='bbox 1148 4752 1204 4813; x_wconf 86' lang='lat' dir='ltr'><strong>hoc</strong></span> <span class='ocrx_word' id='word_1_407' title='bbox 1240 4760 1287 4813; x_wconf 88' lang='lat' dir='ltr'><strong>est</strong></span> <span class='ocrx_word' id='word_1_408' title='bbox 1324 4761 1467 4834; x_wconf 87' lang='lat' dir='ltr'><strong>quantum</strong></span> <span class='ocrx_word' id='word_1_409' title='bbox 1503 4753 1637 4835; x_wconf 84' lang='lat' dir='ltr'><strong>quolibet</strong></span> 
     </span>
     <span class='ocr_line' id='line_1_50' title="bbox 295 4839 1636 4949; baseline -0.032 -15"><span class='ocrx_word' id='word_1_410' title='bbox 295 4883 428 4949; x_wconf 90' lang='lat' dir='ltr'><strong>tempore</strong></span> <span class='ocrx_word' id='word_1_411' title='bbox 452 4866 574 4945; x_wconf 86' lang='lat' dir='ltr'><strong>planeta</strong></span> <span class='ocrx_word' id='word_1_412' title='bbox 597 4858 741 4919; x_wconf 79' lang='lat' dir='ltr'><strong>sub-fixis</strong></span> <span class='ocrx_word' id='word_1_413' title='bbox 768 4847 935 4934; x_wconf 86' lang='lat' dir='ltr'><strong>promoveri</strong></span> <span class='ocrx_word' id='word_1_414' title='bbox 963 4843 1100 4906; x_wconf 87' lang='lat' dir='ltr'><strong>videatur</strong></span> <span class='ocrx_word' id='word_1_415' title='bbox 1124 4861 1161 4901; x_wconf 89' lang='lat' dir='ltr'><strong>ex</strong></span> <span class='ocrx_word' id='word_1_416' title='bbox 1184 4845 1201 4901; x_wconf 84' lang='grc' dir='ltr'><em>δ</em></span> <span class='ocrx_word' id='word_1_417' title='bbox 1223 4840 1396 4921; x_wconf 88' lang='lat' dir='ltr'><strong>inspectus:</strong></span> <span class='ocrx_word' id='word_1_418' title='bbox 1427 4839 1513 4904; x_wconf 77' lang='lat' dir='ltr'><strong>detur</strong></span> <span class='ocrx_word' id='word_1_419' title='bbox 1543 4842 1636 4907; x_wconf 64' lang='lat' dir='ltr'><strong>etjam</strong></span> 
     </span>
     <span class='ocr_line' id='line_1_51' title="bbox 278 4927 1635 5039; baseline -0.024 -15"><span class='ocrx_word' id='word_1_420' title='bbox 278 4961 362 5035; x_wconf 86' lang='lat' dir='ltr'><strong>boc,</strong></span> <span class='ocrx_word' id='word_1_421' title='bbox 386 4955 465 5039; x_wconf 91' lang='lat' dir='ltr'><strong>quod</strong></span> <span class='ocrx_word' id='word_1_422' title='bbox 487 4953 543 5014; x_wconf 85' lang='lat' dir='ltr'><strong>hee</strong></span> <span class='ocrx_word' id='word_1_423' title='bbox 566 4948 597 5011; x_wconf 92' lang='lat' dir='ltr'><strong>in</strong></span> <span class='ocrx_word' id='word_1_424' title='bbox 620 4951 637 5009; x_wconf 80' lang='lat' dir='ltr'><strong>d</strong></span> <span class='ocrx_word' id='word_1_425' title='bbox 660 4943 861 5027; x_wconf 88' lang='lat' dir='ltr'><strong>apparitiones</strong></span> <span class='ocrx_word' id='word_1_426' title='bbox 895 4934 1042 5018; x_wconf 89' lang='lat' dir='ltr'><strong>quadrent</strong></span> <span class='ocrx_word' id='word_1_427' title='bbox 1064 4931 1093 4992; x_wconf 91' lang='lat' dir='ltr'><strong>in</strong></span> <span class='ocrx_word' id='word_1_428' title='bbox 1118 4927 1296 5011; x_wconf 92' lang='lat' dir='ltr'><strong>hypothesin</strong></span> <span class='ocrx_word' id='word_1_429' title='bbox 1324 4931 1504 4997; x_wconf 78' lang='lat' dir='ltr'><strong>conformem</strong></span> <span class='ocrx_word' id='word_1_430' title='bbox 1533 4931 1635 5012; x_wconf 91' lang='lat' dir='ltr'><strong>priori,</strong></span> 
     </span>
    </p>
   </div>
   <div class='ocr_carea' id='block_1_7' title="bbox 0 0 1767 5525">
    <p class='ocr_par' dir='ltr' id='par_1_12' title="bbox 0 0 1767 5525">
     <span class='ocr_line' id='line_1_52' title="bbox 0 0 1767 5525; baseline 0 0"><span class='ocrx_word' id='word_1_431' title='bbox 0 0 1767 5525; x_wconf 95' lang='lat' dir='ltr'><strong> </strong></span> 
     </span>
    </p>
   </div>
  </div>
 </body>
</html>
