3517 5525
582 365 644 415 raa
663 362 767 426 osaea
804 366 887 434 capue
904 366 1018 419 imvm
1309 400 1312 408 ,
1408 357 1472 428 353

123 551 204 610 mats
227 545 302 621 ΒΗ,
333 545 460 608 circulos
483 543 557 620 ΗΚ,
582 551 709 624 tangens
733 546 862 625 priorem
884 547 915 610 in
938 545 977 610 Κ.
1021 545 1217 611 Manifestum
1239 547 1307 616 est,
1329 541 1472 604 circulum

122 633 184 696 ΗΚ
213 635 357 696 minorem
387 653 454 698 esse
478 653 566 714 quam
589 633 662 708 ΒΚ,
691 642 723 696 et
746 635 887 700 circulum
909 635 1001 700 DGR
1028 637 1169 716 majorem
1199 653 1267 697 esse
1291 650 1381 713 quam
1401 629 1470 694 DK.

121 721 165 784 Et
194 723 263 804 quia
286 723 447 786 circulares
471 721 727 786 circumferentiae
752 726 884 789 suntad
908 719 1034 788 invicem
1057 732 1091 786 ut
1114 723 1214 786 earnm
1239 709 1472 784 semidiametri:

123 819 158 877 nt
180 810 282 892 igitur·
295 811 351 874 BD
375 813 414 874 ad
439 811 482 874 DI
506 819 538 873 et
553 811 619 884 ΒΗ,
645 813 688 874 sic
712 812 840 878 circulus
863 816 959 894 major
973 813 1034 876 ΒΟ
1057 814 1096 874 ad
1117 814 1248 875 minores
1270 811 1331 874 ΒΚ
1354 817 1385 872 et
1403 807 1473 872 KH.

123 900 187 964 Sed
218 900 264 962 DI
296 909 343 962 est
373 901 501 964 medium
525 901 744 962 arithmeticum
768 903 846 964 inter
868 903 924 965 ΒΒ
948 911 981 966 et
1002 903 1068 978 ΗΒ,
1094 903 1164 982 quia
1184 901 1227 962 BI
1249 908 1306 963 est·
1320 897 1475 962 dimidium

123 990 217 1070 ipsius
240 990 309 1053 ΗΒ.
347 989 428 1071 Ergo
453 991 545 1055 etiam
568 989 693 1052 circulus
709 988 777 1062 ΒΚ,
802 1000 931 1072 tangens
945 992 1090 1055 minorem
1109 999 1141 1052 et
1154 990 1298 1070 maiorem
1313 997 1351 1052 e'x
1369 987 1474 1050 eodem

121 1081 147 1142 B
173 1086 276 1141 centro
310 1081 491 1160 descriptos,
525 1086 573 1140 est
606 1079 734 1141 medium
766 1081 989 1144 arithmeticum
1017 1081 1096 1144 inter
1126 1079 1196 1141 illos
1224 1078 1369 1150 circulos,
1399 1095 1474 1158 quos

123 1166 233 1248 tangit.
281 1166 397 1242 Quodsi
419 1168 469 1229 via
492 1167 587 1229 ovalis
612 1168 808 1246 continuetur,
833 1190 872 1232 ex
895 1171 1051 1252 supposito
1074 1176 1181 1248 tanget
1196 1175 1228 1230 et
1245 1166 1313 1248 ipsa
1331 1167 1474 1245 majorem

123 1257 320 1320 circulomin
344 1256 461 1338 aphelio
485 1255 514 1318 D
537 1264 569 1318 et
592 1255 735 1336 perihelio
758 1259 802 1333 R,
834 1260 979 1324 minorem
1008 1277 1079 1322 vero
1100 1257 1162 1320 ΗΚ
1183 1257 1214 1318 in
1238 1253 1473 1335 longitudinibus

121 1346 239 1422 mediis,
264 1353 298 1408 ut
321 1345 365 1408 ita
389 1346 430 1406 sit
452 1344 547 1425 major
570 1345 675 1408 minori
697 1347 770 1420 ΗΚ,
804 1349 901 1411 minor
923 1349 1029 1428 majori
1052 1346 1162 1410 circulo
1185 1345 1253 1408 DR.
1300 1343 1473 1409 Consenta-

122 1454 211 1497 neum
244 1435 334 1514 igitur
362 1445 424 1520 est,
458 1454 515 1495 non
546 1435 633 1512 longe
667 1436 774 1498 abesse
807 1438 924 1500 ovalem
955 1436 1226 1501 circumferentiam
1248 1454 1267 1496 a
1289 1431 1474 1514 longitudine

123 1524 278 1586 circularis
302 1523 560 1586 circumferentiae
583 1523 652 1586 ΒΚ.
1461 1519 1465 1527 ’

211 1614 306 1676 Paulo
323 1620 425 1674 tamen
439 1613 583 1692 majorem
603 1613 723 1676 credere
741 1613 815 1677 fecit
829 1615 906 1678 haec
927 1613 1154 1685 demonstratio,
1177 1611 1318 1677 Sumatur
1341 1609 1471 1673 medium
1541 1666 1549 1680 ,

123 1702 350 1784 proportionale
373 1701 452 1763 inter
474 1702 531 1762 BH
554 1708 585 1764 et
607 1701 678 1778 BD,
702 1703 781 1783 quod
804 1705 844 1765 sit
867 1703 939 1779 ΒΟ,
966 1711 997 1766 et
1019 1712 1122 1766 centro
1145 1701 1182 1777 B,
1283 1773 1289 1784 Ι

128 1793 229 1874 spatio
258 1791 313 1856 ΒΟ
344 1791 493 1852 scribatur
516 1789 570 1852 ΟΡ
599 1789 737 1853 circulus.
784 1793 890 1874 Itaque
920 1812 975 1872 per
997 1791 1037 1853 V.
1061 1791 1183 1874 Sphae-
1214 1859 1218 1866 .
1261 1771 1316 1838 ΡΨ·
1336 1767 1395 1879 101·
1505 1808 1509 1823 ’

127 1881 252 1945 roideoo
275 1878 469 1945 Archimedis
492 1879 635 1958 planities
660 1879 747 1958 hujus
771 1881 874 1943 circuli
892 1877 947 1942 ΟΡ
969 1879 1026 1942 erit
1049 1878 1183 1962 aequalis
1354 1883 1357 1886 ’

124 1971 265 2052 planitiei
287 1970 442 2048 ellipseos‚
465 1969 549 2047 cujus
573 1975 620 2029 est
643 1968 760 2048 longior
783 1970 1006 2032 semidiameter
1023 1970 1091 2044 BD,
1112 1967 1185 2030 bre·
1297 2050 1300 2057 y

127 2149 270 2225 circulus,
296 2147 462 2208 conversim
486 2146 577 2226 igitur
601 2147 669 2225 (per
699 2165 885 2210 communem
914 2147 1068 2220 notitiam)
1092 2165 1185 2228 aeque
1233 2185 1252 2240 p

127 2237 281 2318 capacium
304 2236 465 2316 figurarum
487 2233 667 2296 brevissima
688 2235 866 2315 perimetros
884 2237 942 2299 erit
961 2236 1075 2297 circuli.
1110 2232 1185 2297 Oum
1219 2236 1258 2269 ““

127 2345 198 2404 ergo
227 2323 358 2405 ellipsis,
391 2343 468 2406 quae
495 2323 589 2384 habet
621 2323 861 2400 semidiametros
885 2323 951 2400 DB‚
975 2324 1047 2400 ΒΗ,
1072 2331 1104 2386 et
1126 2323 1186 2385 cir·

126 2415 211 2478 culus
236 2411 289 2476 ΟΡ
318 2413 465 2494 propositi
498 2412 559 2474 sint
588 2432 680 2492 aeque
713 2433 841 2494 capaces
874 2434 912 2476 er
937 2416 1001 2494 jam
1034 2412 1185 2494 allegatis
1347 2414 1350 2418 ’

126 2501 368 2566 circumferentia
402 2501 544 2580 ellipseos
569 2501 625 2562 erit
654 2501 790 2582 longior,
826 2523 915 2586 qnam
947 2501 1188 2565 circumferentia
1288 2553 1292 2561 .

126 2593 228 2658 circuli
252 2589 317 2652 ΟΡ.
363 2589 423 2651 Est
446 2599 546 2652 antem
569 2590 625 2654 ΒΟ
649 2591 817 2654 insensibili
840 2593 937 2657 minor
961 2612 1048 2672 quam
1071 2591 1126 2665 ID,
1152 2609 1187 2652 eo

126 2682 204 2765 quod
227 2677 284 2742 ΒΟ
308 2679 386 2742 inter
410 2679 534 2742 eosdem
562 2679 708 2742 terminos
736 2681 856 2760 ponitur
880 2701 949 2744 esse
972 2679 1188 2760 geometricum

125 2770 271 2845 medium,
295 2769 340 2832 ID
373 2768 503 2831 medium
537 2760 767 2831 a'rithmeticum.
815 2772 873 2833 Per
908 2770 1073 2835 doctrinam
1104 2771 1186 2831 enim

125 2859 220 2943 quinti
243 2858 389 2932 Euclidis,
415 2858 485 2939 quia
503 2855 559 2919 ΒΟ
583 2867 631 2920 est
653 2859 782 2921 medium
806 2858 1032 2940 proportionale
1055 2858 1134 2920 inter
1156 2856 1222 2930 ΗΒ,
1237 2854 1304 2935 BD,
1329 2867 1362 2920 ut
1385 2859 1476 2940 igitur

124 2951 182 3012 ΗΒ
206 2946 246 3010 ad
259 2948 326 3023 BD,
349 2948 446 3021 minor
469 2947 508 3009 ad
531 2948 683 3027 majorem,
707 2948 751 3009 sic
775 2947 833 3010 ΗΟ
858 2968 1000 3011 excessus
1030 2938 1146 3009 mediae
1170 2946 1210 3009 ad
1232 2943 1291 3008 OD
1315 2948 1474 3012 defectum.

123 3040 232 3119 Itaque
256 3056 322 3099 cum
345 3036 400 3097 ΗΒ
425 3036 466 3097 sit
490 3036 584 3097 minor
608 3054 695 3117 quam
718 3036 785 3112 BD,
809 3038 867 3099 erit
890 3044 922 3099 et
944 3036 1003 3101 ΗΟ
1026 3030 1122 3099 minor
1145 3052 1234 3115 quam
1257 3031 1326 3098 ΟΒ.
1366 3036 1412 3099 At
1433 3036 1497 3100 BI'

125 3136 175 3189 est
198 3125 335 3206 aequalis
359 3124 499 3186 dimidiae
518 3124 586 3196 HD,
611 3126 707 3205 major
730 3125 820 3205 igitur
843 3134 892 3187 est
914 3126 957 3189 BI
980 3144 1068 3207 quam
1082 3124 1151 3198 ΗΟ,
1175 3122 1272 3185 minor
1294 3144 1383 3206 quarn
1406 3124 1476 3190 01),
1506 3156 1509 3163 ·

124 3217 178 3279 Ad
211 3232 396 3277 communem
432 3232 504 3294 ergo
539 3212 653 3275 minimi
690 3214 791 3277 circuli
821 3212 882 3278 HK
917 3212 1169 3278 semidiametrum
1199 3212 1256 3273 ΗΒ
1286 3222 1479 3294 apponuntur

125 3302 306 3386 inaequalia,
332 3320 435 3384 nempe
460 3302 556 3364 minus
580 3302 702 3367 dimidio
725 3303 819 3383 ipsius
842 3302 903 3365 ΒΗ
923 3304 953 3365 io
976 3300 1042 3378 ΒΟ,
1067 3310 1099 3363 et
1121 3300 1275 3363 dimidium
1297 3301 1392 3383 ipsius
1415 3302 1476 3365 ΒΗ

125 3396 158 3457 iu
179 3394 244 3469 D1;
279 3410 349 3471 ergo
379 3392 476 3471 major
499 3390 543 3453 DI
571 3410 659 3473 quarn
686 3389 752 3453 ΒΟ.
799 3393 901 3470 Major
933 3392 1025 3474 igitur
1045 3390 1107 3457 DK
1125 3389 1265 3467 ¹circuluo
1283 3410 1385 3473 ·quam
1410 3389 1491 3488 ΟΡ,
1593 3395 1596 3400 ’

125 3483 162 3547 Id
195 3489 297 3544 tameo
331 3478 563 3556 insensibiliter,
587 3500 659 3543 cum
683 3480 742 3545 ΒΗ
774 3482 868 3543 minor
901 3482 943 3544 sit
973 3501 1061 3565 quam
1092 3478 1259 3548 centesima
1291 3480 1386 3561 ipsius
1407 3482 1474 3547 ΒΒ.

126 3573 234 3653 Itaque
257 3568 365 3653 positis
388 3569 436 3631 his
461 3568 579 3631 circulis
604 3590 642 3632 ex
664 3571 828 3634 abundanti
860 3563 1059 3653 aequalibus,
1078 3577 1111 3633 et
1132 3569 1251 3651 posito,
1275 3570 1355 3651 qnod
1377 3570 1474 3632 ovalis

126 3662 170 3723 sit
192 3660 330 3741 perfecta
351 3658 483 3739 ellipsis:
509 3656 566 3721 erit
589 3660 684 3720 ovalis
708 3660 949 3723 circumferentia
971 3662 1060 3741 paulo
1084 3655 1201 3739 longior
1228 3678 1318 3739 quam
1345 3658 1474 3721 circulus
1498 3658 1502 3667 ’

125 3750 196 3824 ΒΚ,
222 3758 302 3811 certe
324 3747 443 3827 longior
466 3765 554 3825 quarn
578 3748 705 3810 circulus
726 3747 789 3812 ΟΡ.
826 3749 867 3810 Et
891 3750 962 3831 qnia
983 3767 1073 3829 snpra
1096 3766 1162 3828 cap.
1178 3746 1311 3811 XLVII.
1335 3748 1394 3810 ΒΗ
1416 3748 1475 3811 fuit

128 3835 204 3913 858,
230 3835 362 3918 qualioni
384 3836 438 3899 DB
465 3832 612 3912 100000,
641 3836 796 3900 dimidium
818 3838 911 3917 igitur
934 3839 970 3899 de
990 3837 1062 3911 DE,
1087 3834 1162 3913 429,
1188 3837 1343 3899 auferatur
1365 3858 1385 3899 a
1405 3838 1473 3912 DB,

131 3924 272 4002 100000,
295 3924 425 3987 restabit
448 3920 565 3988 99571.
603 3927 645 3989 Ut
667 3926 758 4005 igitur
782 3923 912 3990 100000
935 3928 973 3988 ad
998 3923 1117 4002 99571,
1141 3928 1185 3989 sic
1208 3924 1267 3988 erit
1290 3945 1378 4007 quam
1400 3946 1474 4008 pro-

127 4019 208 4080 xime
233 4014 473 4079 circumferentia
500 4013 600 4075 circuli
624 4014 663 4075 ad
690 4014 963 4079 circumferentiam
989 4016 1083 4079 ovalis
1117 4014 1294 4097 quaesitam.
1339 4014 1383 4077 Et
1404 4016 1475 4097 quia

129 4106 233 4169 circuli
256 4102 495 4167 circumferentia
519 4101 611 4167 habet
631 4098 722 4177 360⁰,
744 4105 793 4166 vel
810 4100 930 4169 21600
953 4102 1205 4180 0112960001,
1227 4102 1355 4166 decedet
1374 4104 1474 4185 parti-

129 4197 205 4269 cula,
230 4212 307 4278 quae
329 4192 422 4254 habet
436 4186 546 4255 5560“
560 4195 609 4255 vel
625 4190 677 4257 92‘
692 4190 776 4257 4οἢ
802 4201 833 4254 et
847 4184 1181 4258 semicircumferentiae
1200 4192 1297 4255 ovalis
1312 4193 1475 4269 adimenda

130 4292 218 4347 erunt
239 4280 295 4347 40
317 4278 393 4357 20’,
417 4288 469 4343 ant
496 4281 589 4344 etiam
619 4282 730 4359 minos,
764 4282 790 4345 si
818 4283 915 4345 ovalis
947 4282 1088 4345 circulum
1110 4283 1184 4360 ΒΚ,
1218 4283 1284 4345 loco
1312 4302 1473 4348 mensurae

129 4372 361 4447 consideratum,
386 4379 517 4450 superet.
540 4357 691 4435 ‘Omnino
715 4372 832 4453 quidem
856 4391 913 4453 ego
936 4392 995 4433 noo
1017 4380 1072 4453 per
1096 4372 1395 4450 demonstrationem,
1418 4373 1473 4435 sed

130 4482 184 4545 per
207 4462 352 4525 calculum
375 4458 642 4522 laboriosissimum
662 4468 693 4522 et
705 4461 977 4538 pertinacissimum
1001 4461 1100 4524 inveni
1123 4460 1271 4523 defectum
1294 4462 1473 4525 semicirculi

130 4554 227 4616 ovalis
250 4548 305 4614 45¹
327 4546 413 4613 45⁴⁴:
437 4559 472 4610 ut
493 4550 623 4631 qualium
652 4549 854 4613 semicirculus
881 4552 1034 4629 perlectus
1056 4558 1105 4614 est
1130 4545 1219 4625 180⁰,
1246 4549 1352 4614 talium
1374 4547 1471 4613 oralia

132 4650 216 4705 esset
242 4636 322 4704 179ο
347 4636 398 4703 141
424 4634 496 4701 15”.

217 4731 260 4793 Bt
287 4729 356 4813 quia
387 4728 553 4791 decurtatio
595 4726 668 4787 haec
707 4726 803 4788 ovalis
839 4725 1097 4789 circumferentiae
1131 4728 1301 4791 necessario
1332 4725 1470 4806 aequalis

131 4828 179 4885 est
202 4818 370 4889 contrariae
394 4814 618 4897 amplificationi
641 4814 758 4894 cpticae
783 4816 918 4889 (videtur
939 4816 1017 4878 enim
1034 4816 1110 4878 haec
1127 4816 1232 4891 oralia,
1256 4816 1328 4879 licet
1341 4814 1469 4891 brevior,

131 4912 186 4973 sub
210 4907 402 4989 amplitudine
434 4914 535 4969 tamen
557 4902 579 4967 2
602 4912 749 4968 rectorum
773 4906 836 4969 sive
862 4903 944 4973 180ο
963 4905 1116 4988 praecise,
1149 4912 1182 4968 et
1203 4914 1267 4968 tam
1288 4905 1380 4985 longa
1402 4922 1470 4968 esse
1577 4978 1581 4985 ,

209 5015 296 5069 anum
310 5014 435 5069 oporam.
1227 5005 1260 5060 2³
