3517 5525
293 393 356 469 196
767 398 808 451 De
824 396 935 452 Motibus
958 396 1052 451 Stellae
1070 394 1159 449 Martis

290 578 382 643 medii
403 582 504 641 motus
519 575 600 641 Solis
623 579 666 656 νβ
688 576 719 639 in
733 576 849 661 Ariete,
875 578 957 639 tinea
975 594 1046 637 vero
1070 574 1194 639 visionis
1217 576 1358 661 planetae
1381 572 1412 635 in
1429 570 1522 637 Libra
1544 590 1637 654 prae·

292 669 353 732 eise
376 666 421 728 illi
444 667 600 747 opposita,
629 685 737 746 nempe
760 690 820 728 oo.
867 665 944 730 Cum
965 665 1057 755 igitur
1079 688 1119 729 vu
1142 665 1183 727 sit
1212 666 1293 727 ultra
1315 664 1360 741 νβ
1389 663 1487 743 magis
1509 664 1541 725 in
1562 682 1637 725 con-

291 754 459 839 sequentia,
484 775 633 837 apparens
655 755 746 835 igitur
759 754 840 817 Solis
864 757 947 817 locus
972 762 1020 816 est
1038 755 1117 817 ultra
1139 756 1278 836 planetae
1302 751 1491 831 oppositum
1515 758 1637 815 etcum

290 872 309 909 o
331 846 491 921 sitTerra,
513 846 597 908 visua
612 844 802 918 domicilium,
826 854 857 907 et
879 868 904 907 o
926 844 1062 925 planeta,
1085 852 1116 905 et
1134 851 1258 923 uterque
1282 842 1468 904 descendant
1489 860 1594 913 varens
1608 839 1635 917 ξ,

288 934 423 999 velocius
455 941 558 997 tamen
579 957 598 995 o
619 935 729 1009 Terra3
762 934 843 996 linea
872 952 944 1013 ergo
973 956 1022 995 oo
1050 932 1209 1013 posteriori
1241 940 1374 1010 tempore
1408 930 1505 993 adhuc
1539 932 1637 1013 magis

291 1025 452 1087 inclinatur
475 1024 515 1085 ad
532 1024 641 1086 lineam
664 1046 706 1086 on
728 1024 857 1085 visibilis
882 1024 939 1085 loci
953 1020 1052 1085 Solis:
1078 1021 1243 1085 antecessit
1256 1020 1347 1101 igitur
1371 1036 1521 1101 apparens
1539 1040 1636 1101 oppo-

292 1114 363 1177 sitio
385 1114 523 1177 mediam.
561 1114 708 1193 Tempore
731 1112 832 1191 igitur,
858 1112 937 1195 qnod
955 1114 1107 1175 antecedit
1130 1120 1309 1173 momentum
1333 1109 1484 1189 signatum
1497 1129 1560 1191 -per
1582 1112 1634 1189 βυ,

292 1203 370 1283 qnod
393 1201 433 1264 sit
456 1205 514 1282 βθ,
538 1200 663 1282 planeta
683 1202 713 1262 in
738 1202 847 1263 lineam
870 1220 908 1263 ex
931 1226 947 1264 κ
968 1206 1071 1281 pere
1098 1202 1235 1263 eductam
1264 1199 1394 1273 incidet,
1429 1218 1534 1278 nempe
1558 1198 1587 1260 in
1610 1197 1634 1273 ζ.

288 1292 331 1354 Ει
352 1298 424 1353 tunc
445 1287 497 1363 cr
515 1291 596 1353 linea
625 1290 751 1354 visionis
782 1291 924 1372 planetae
958 1292 1052 1371 (quod
1079 1288 1304 1356 inexercitatior
1336 1287 1445 1367 aliquis
1475 1287 1635 1369 diligenter

289 1382 391 1456 notet)
415 1380 482 1461 plus
505 1380 535 1451 'ur
558 1380 775 1459 consequentia
797 1381 896 1459 vergit
919 1381 973 1443 suh
989 1380 1065 1455 fixis,
1091 1398 1178 1460 quam
1200 1402 1252 1440 ooo
1275 1377 1418 1457 temporis
1441 1376 1631 1457 posterioris:

189 1466 194 1486 “
289 1471 360 1551 quia
383 1469 441 1531 etai
463 1465 514 1542 θζ
531 1468 688 1549 praecedit
709 1468 819 1531 lineam
843 1494 891 1531 ooo
914 1470 943 1531 in
963 1469 1183 1543 antecedentia,
1208 1476 1308 1529 tamen
1331 1466 1454 1547 perinde
1477 1474 1526 1528 est
1548 1484 1584 1528 ao
1607 1466 1634 1529 si

288 1565 324 1635 θ,
347 1582 366 1620 o
387 1565 420 1621 ct
434 1558 534 1621 omnia
557 1558 676 1621 omnino
698 1566 812 1638 puncta
828 1578 882 1639 per
897 1559 1007 1620 Terrae
1032 1558 1171 1621 circulum
1195 1576 1283 1618 unum
1298 1565 1439 1635 punctum
1455 1562 1486 1619 et
1499 1566 1635 1619 centrum

291 1648 588 1730 sphaeraefixarnm
612 1655 733 1711 essent:
766 1666 856 1727 quare
880 1668 938 1709 non
966 1648 1114 1709 distantia
1143 1646 1336 1708 terminorum
1358 1649 1393 1718 θ,
1415 1668 1444 1718 o,
1468 1642 1523 1707 sed
1545 1646 1634 1707 incli-

289 1739 373 1800 natio
396 1738 542 1799 linearum
564 1733 619 1812 θζ,
643 1760 691 1797 ooo
715 1736 825 1812 efficit,
857 1746 893 1799 ut
915 1737 1011 1799 lineae
1034 1738 1065 1798 in
1094 1737 1214 1799 diversa
1243 1734 1358 1796 zodiaci
1392 1731 1459 1796 loca
1488 1734 1632 1812 incidant,

152 1908 160 1917 .
246 1872 256 1887 .
289 1828 397 1889 eodem
420 1828 459 1888 ad
483 1845 603 1890 sensnm
617 1825 812 1901 coincisurae,
831 1825 858 1889 ei
875 1826 1013 1906 paralleli
1037 1826 1172 1897 inissent.
1212 1822 1354 1886 inclinari
1373 1829 1473 1887 antem
1491 1819 1510 1896 ζ
1528 1842 1633 1887 versus

289 1940 313 1977 o
336 1922 424 1996 patet
454 1914 542 1988 inde,
575 1914 654 1995 qnod
685 1914 764 1976 idem
793 1923 912 1995 tempus
944 1914 1137 1995 supponitur,
1169 1932 1225 1994 quo
1257 1913 1380 1994 planeta
1403 1931 1439 1985 ex
1462 1908 1529 1985 Cin
1554 1936 1577 1975 o
1601 1920 1634 1975 et

287 2005 383 2067 Terra
405 2022 443 2065 ex
464 2009 491 2064 θ
512 2004 543 2065 in
565 2028 584 2065 o
606 2012 752 2067 moretur.
798 2006 986 2067 Tentavere
1015 2004 1215 2066 velociorest
1240 2003 1373 2087 planeta.
1419 2002 1519 2083 Majns
1542 2002 1633 2081 igitur

290 2094 422 2174 spatium
444 2096 492 2154 do
515 2093 609 2155 Terra
632 2092 760 2171 conticit,
785 2113 873 2174 quam
896 2100 945 2156 est
966 2090 1011 2167 ζω
1035 2093 1166 2177 spatium
1189 2094 1357 2179 planctae.¹
1632 2121 1643 2157 s

377 2180 440 2244 Sed
468 2201 538 2243 esse
564 2184 717 2262 planetam
747 2183 938 2246 antecedenti
969 2191 1102 2262 tempore
1126 2181 1193 2263 plus
1216 2180 1489 2261 inconsequentia,
1513 2176 1647 2243 facilius.

289 2272 381 2333 etiam
406 2271 506 2333 doceri
529 2278 649 2351 potest,
677 2291 744 2333 cnm
766 2273 822 2334 sub
846 2271 1066 2352 oppositionem
1091 2272 1132 2334 sit
1155 2270 1364 2351 retrogradus,
1393 2268 1472 2349 quod
1495 2270 1630 2331 omnibns

290 2365 421 2423 constat.
466 2360 605 2441 Apparet
631 2360 748 2441 itaque,
779 2361 848 2441 qnid
878 2362 908 2423 iu
937 2362 994 2425 hac
1017 2359 1191 2423 reductione
1213 2382 1232 2421 a
1254 2356 1351 2421 medio
1374 2357 1413 2420 ad
1437 2367 1630 2440 apparentem

290 2449 372 2511 Solis
396 2456 510 2511 motum
533 2449 563 2510 in
585 2450 660 2513 locis
684 2449 898 2531 inaequalitate
922 2451 1053 2513 secunda
1076 2450 1174 2512 exutis
1196 2449 1378 2527 immutetur.

373 2538 453 2602 Nam
475 2539 507 2600 in
529 2562 546 2599 r
565 2545 597 2600 et
614 2540 752 2619 opposito
772 2541 836 2602 loco
852 2541 980 2621 pristina
1000 2541 1066 2602 loca
1079 2546 1200 2601 manent
1217 2527 1250 2600 in
1266 2534 1342 2613 (vol
1365 2556 1405 2599 oo:
1430 2534 1550 2598 additur
1563 2536 1629 2601 loco
1711 2542 1718 2553 “

284 2628 361 2701 viso,
386 2626 457 2708 qnia
477 2622 529 2699 θζ
548 2628 597 2699 (ut
619 2628 731 2690 dictum
753 2632 816 2703 est)
839 2630 937 2709 magis
961 2629 991 2691 in
1014 2626 1229 2711 consequentia
1252 2628 1351 2707 vergit
1367 2646 1458 2708 qnam
1475 2648 1539 2689 oo:
1560 2628 1627 2690 adi-

287 2717 377 2780 mitur
404 2717 531 2797 tempori
562 2716 743 2797 interlapso,
776 2720 847 2801 quia
868 2716 918 2792 θζ
938 2725 987 2782 est
1013 2716 1088 2781 visio
1116 2725 1250 2799 ternpore
1274 2717 1355 2792 prior
1378 2738 1466 2800 qnam
1488 2742 1547 2783 oo.
1593 2721 1627 2784 In

287 2806 427 2888 opposito
450 2807 516 2868 loco
538 2807 573 2868 ht
595 2808 785 2884 contrarium,
810 2809 939 2889 tempori
963 2809 1079 2871 scilicet
1097 2808 1227 2882 additur,
1247 2808 1313 2869 loco
1329 2807 1478 2872 adirnitur.
1525 2812 1627 2894 Atque

285 2896 331 2958 ita
352 2896 421 2958 loca
443 2895 518 2957 haec
541 2896 682 2976 planetae
707 2917 725 2958 a
746 2899 882 2979 pristinis
903 2900 1027 2961 multum
1041 2898 1199 2960 dissident.
1243 2895 1344 2967 Quare
1361 2907 1393 2960 et
1410 2898 1439 2961 in
1455 2890 1628 2983 operatione

285 2985 323 3046 de
355 3003 431 3046 novo
455 2985 596 3046 instituta
619 2988 742 3050 effectus
765 2989 914 3068 prodeunt
936 2989 1029 3050 multo
1052 2987 1113 3049 alii.
1164 2987 1279 3066 Nempe
1303 3005 1369 3050 cum
1391 2989 1488 3051 visum
1510 2990 1629 3054 fictione

284 3074 315 3135 in
338 3099 355 3136 κ
378 3073 481 3136 Solem
505 3075 745 3138 transtulerimus
770 3078 819 3149 (eo
844 3077 922 3157 qnod
945 3077 1098 3156 planetam
1122 3075 1152 3138 in
1175 3097 1193 3138 τ
1214 3083 1246 3136 et
1269 3071 1435 3156 (positum
1451 3079 1627 3160 inspexera-

284 3182 360 3232 mns‚
385 3163 480 3224 Terra
501 3164 531 3225 in
553 3164 639 3226 lineis
662 3186 703 3227 κτ
725 3174 757 3228 et
779 3162 824 3240 κζ
841 3173 992 3242 versante,
1018 3167 1134 3228 scilicet
1157 3165 1185 3226 in
1202 3167 1319 3246 punctis
1332 3189 1348 3246 y
1361 3175 1392 3228 et
1406 3171 1456 3244 c),
1480 3169 1628 3232 eccentri-
1706 3182 1708 3190 '

287 3253 366 3314 citas
390 3251 482 3330 igitur
500 3253 565 3332 jam
589 3273 607 3314 a
630 3280 645 3316 κ
670 3264 840 3336 consurget.
888 3256 933 3317 At
957 3273 1048 3334 supra
1072 3257 1170 3334 capite
1186 3255 1226 3317 V.
1251 3262 1404 3318 ostensum
1429 3266 1485 3332 est,
1510 3259 1630 3321 visu⁴ex

286 3343 306 3419 β
329 3342 358 3402 in
382 3366 398 3402 κ
420 3342 572 3403 translato
596 3352 627 3402 et
650 3363 687 3403 ex
711 3369 726 3406 κ
749 3362 804 3423 per
826 3350 844 3406 d
866 3352 1008 3424 punctum
1033 3345 1228 3424 aequalitatis
1251 3345 1410 3423 pristinum
1426 3348 1505 3410 linea
1519 3349 1627 3428 ejecta,

285 3429 439 3509 perhanc
463 3450 572 3493 novam
595 3431 774 3513 hypothesin
798 3453 907 3496 novum
931 3435 1048 3514 quidem
1072 3435 1271 3495 eccentricum
1295 3433 1379 3505 strui,
1403 3436 1457 3497 sed
1481 3439 1529 3517 qui
1553 3437 1629 3500 visui

286 3520 315 3580 in
343 3520 475 3599 tiquam
498 3521 631 3600 proxime
657 3540 727 3581 suas
751 3521 883 3584 visiones
912 3542 1015 3584 omnes
1045 3523 1279 3602 imperturbatae
1311 3524 1469 3605 relinquat.
1533 3527 1630 3606 Igitur

285 3608 428 3670 connexis
452 3613 507 3684 d,u
530 3615 562 3669 et
584 3609 777 3672 lineadivisa
799 3610 829 3671 in
852 3636 883 3687 μ,
908 3611 952 3673 sic
974 3621 1008 3672 nt
1030 3616 1068 3672 dl
1093 3611 1133 3672 sit
1157 3612 1196 3673 ad
1220 3617 1263 3688 δμ
1285 3621 1318 3674 ut
1341 3616 1383 3690 δβ
1405 3616 1444 3677 ad
1467 3620 1515 3690 da,
1541 3625 1573 3678 ct
1592 3633 1630 3676 ex

285 3722 308 3773 μ
331 3697 489 3777 designato
513 3715 590 3758 novo
619 3700 785 3761 eccentrico
809 3721 862 3776 qe,
889 3701 938 3780 qui
961 3701 1052 3780 priori
1076 3698 1113 3782 ξχ
1137 3701 1178 3761 sit
1200 3702 1344 3782 aequalis,
1369 3713 1440 3766 acta
1462 3705 1551 3768 etiam
1575 3723 1631 3785 per

286 3792 337 3859 aad
360 3805 439 3849 nova
462 3784 699 3866 lineaepsidnm‚
724 3798 886 3869 consurget
908 3789 1083 3872 hypothesis
1107 3809 1193 3866 nova,
1217 3791 1299 3870 cujus
1323 3793 1405 3871 apsis
1430 3795 1458 3855 in
1482 3815 1508 3872 q.
1542 3795 1630 3856 Prius
1743 3865 1750 3880 ,

169 3882 172 3889 ’
287 3882 387 3937 autem
410 3900 427 3957 χ
451 3876 576 3938 abusive
599 3894 765 3955 apogaeum
789 3879 977 3954 dixeramus,
1009 3899 1043 3942 eo
1068 3879 1145 3960 quod
1168 3880 1198 3940 in
1223 3879 1302 3941 linea
1324 3883 1368 3962 χβ
1392 3881 1630 3964 Cepernicanum

288 3972 422 4027 centrum
452 3967 472 4043 β
494 3966 523 4026 in
549 3965 645 4027 locum
669 3966 779 4028 Terrae
801 3967 1018 4030 Ptolemaioum
1043 3977 1241 4031 successerat.
1289 3970 1359 4033 Jam
1376 3973 1484 4051 ,igitur
1508 3995 1535 4050 ἠ
1557 3992 1629 4053 pro-

196 4076 199 4086 *
286 4053 352 4134 pria
381 4055 501 4115 notione
532 4056 613 4127 (cum
635 4053 665 4115 in
691 4054 899 4136 Gopernicana
922 4057 1081 4139 hypothesi
1110 4061 1226 4131 sumus)
1250 4059 1401 4138 aphelium
1424 4061 1508 4144 eique
1532 4081 1629 4143 oppo-

287 4142 378 4205 situm
401 4150 543 4220 punctum
564 4143 741 4223 perihelium
764 4146 907 4220 dicemus,
932 4166 966 4207 eo
991 4147 1068 4228 qnod
1092 4145 1146 4209 Sol
1169 4173 1184 4210 rr
1208 4149 1382 4228 longissime
1406 4150 1444 4212 ah
1463 4153 1628 4231 precedat.

374 4229 496 4293 Dictum
528 4240 590 4308 est,
624 4233 694 4313 quid
725 4235 850 4317 physice
883 4237 1023 4298 differant
1054 4237 1112 4298 hae
1136 4237 1271 4317 geminae
1294 4238 1466 4318 opiniones,
1499 4261 1567 4304 mea
1599 4247 1631 4302 et

287 4326 452 4383 auctorum.
509 4321 674 4385 Ostensnm
707 4325 799 4386 etiam
829 4333 896 4398 est,
929 4326 1075 4404 quomodo
1099 4325 1128 4388 in
1154 4327 1250 4388 forma
1274 4325 1480 4407 Oopernicana
1503 4339 1631 4413 utraque

238 4451 247 4468 .
286 4407 467 4490 geometrice
491 4411 666 4475 delineatur.
714 4412 816 4475 Tertio
840 4423 871 4474 et
894 4414 967 4476 illud
990 4415 1186 4491 inculcatum,
1216 4419 1415 4480 astronomica
1438 4421 1468 4482 in
1493 4420 1628 4483 articulis

286 4497 528 4580 conjunctionum
552 4509 584 4562 et
606 4502 827 4582 oppositionum
849 4503 924 4565 nihil
947 4504 1015 4566 illos
1039 4505 1157 4567 differre
1182 4505 1259 4585 qnod
1283 4506 1441 4570 admodum
1465 4511 1565 4590 magui
1588 4510 1630 4571 sit

288 4587 468 4652 iaciendum.
514 4587 656 4672 Sequitur
677 4598 723 4665 ut,
753 4592 832 4668 quod
854 4610 947 4672 supra
970 4613 1035 4675 cap.
1058 4595 1098 4654 V.
1123 4593 1335 4674 inexplicatum
1358 4597 1478 4673 mansit,
1503 4600 1628 4662 demon-

287 4686 398 4753 stram,
436 4677 555 4740 omnino
587 4699 726 4761 magnam
759 4679 889 4761 aliquam
913 4683 1109 4746 differentiam
1143 4685 1328 4747 intercedere
1366 4687 1444 4748 inter
1472 4697 1628 4770 utramque

286 4767 484 4851 hypothesin,
521 4767 549 4829 si
579 4787 616 4830 ex
643 4770 681 4832 iis
714 4776 802 4832 extra
833 4771 924 4834 situm
948 4773 1145 4857 acronychion
1170 4773 1310 4854 planetae
1334 4778 1431 4839 locum
1455 4787 1628 4860 computare

281 4857 426 4940 jubearis.

375 4946 477 5009 Docta
498 4943 589 5033 igitur
610 4964 664 5027 per
685 4950 711 5024 λ,
730 4973 754 5026 μ
775 4955 881 5012 centra
903 4950 1235 5016 eccentricorumlinea
1256 4955 1419 5034 parallelos
1442 4954 1500 5036 ipsi
1521 4958 1570 5036 βκ,
1596 4966 1629 5022 et
