3517 5525
292 379 355 448 303
772 379 812 433 ne
830 377 1152 435 neumasensium

379 560 422 624 Et
443 559 570 642 primum
592 557 671 642 quod
693 556 815 634 attinet,
846 553 1084 640 consideratione
1109 558 1230 640 dignum
1252 567 1314 639 est,
1344 579 1383 622 an
1405 560 1484 622 sicut
1507 577 1635 642 opaeum

291 651 421 714 alterum
444 649 531 713 alteri
552 650 651 711 lumen
674 645 756 711 Solis
779 646 940 729 intercipit,
964 648 1008 710 sic
1031 650 1122 712 etiam
1144 647 1268 712 mobilia
1290 668 1323 711 se
1345 647 1473 711 invicem
1495 649 1526 712 in
1547 658 1634 713 motu

291 740 464 821 impedient,
487 739 538 803 nbi
553 738 673 800 easdem
696 755 762 800 eum
778 737 849 801 Sole
869 735 966 799 lineas
989 737 1160 802 inciderint:
1185 746 1219 800 nt
1240 738 1284 800 ita
1305 738 1358 800 lux
1372 737 1460 818 plane
1481 736 1524 800 sit
1545 739 1655 800 vehi-‘

293 829 390 892 culum
409 828 458 890 vel
480 830 709 892 instrumentum
722 825 842 890 virtutis
865 826 1013 890 metricis.
1037 827 1155 912 Videri
1178 827 1257 890 enim
1277 825 1386 908 possit,
1409 835 1443 890 ιι
1464 827 1521 890 hoc
1535 847 1636 910 quan-

292 926 356 982 tum
386 918 451 981 fieri
486 924 595 1000 posset
624 923 796 991 caveretur,
831 915 1042 978 inclinationes
1079 923 1197 980 mutuas
1228 915 1461 979 eccentricorom
1494 918 1636 991 omnium,

250 1061 258 1078 ,
293 1007 537 1090 deviationesque
562 1006 598 1068 ab
623 1005 761 1086 ecliptica
784 1013 815 1067 et
834 1005 1088 1084 transpositiones
1110 1008 1268 1082 nodorum,
1296 1005 1429 1088 adeoque
1452 1014 1483 1068 et
1505 1026 1635 1088 propor-

293 1097 393 1160 tiones
409 1095 812 1178 corpommumbrarumque
835 1095 866 1157 in
883 1113 988 1157 conum
1008 1095 1232 1159 'attenuationes
1255 1115 1275 1157 a
1295 1096 1361 1158 Deo
1382 1093 1535 1158 adhibitas
1548 1116 1633 1159 esse:

294 1205 416 1269 cumque
445 1206 504 1250 non
530 1186 620 1267 plane
648 1183 755 1248 evitari
782 1184 930 1266 potuerit,
963 1186 1033 1289 quin
1065 1187 1165 1249 sidera
1195 1184 1343 1248 interdum
1368 1183 1401 1245 in
1423 1185 1545 1247 easdem
1566 1205 1635 1248 cum

292 1276 365 1340 Sole
386 1275 484 1339 lineas
506 1275 688 1350 inciderent,
719 1274 852 1356 proclive
876 1280 924 1335 est
945 1275 1106 1356 suspicari,
1139 1274 1208 1337 inde
1229 1272 1419 1336 tardissimos
1442 1273 1512 1336 illos
1534 1282 1636 1337 motus

292 1363 492 1448 apogaeorum
514 1371 545 1427 et
567 1364 712 1426 nodorum
735 1363 800 1445 (qni
824 1369 895 1427 sunt
915 1365 1001 1444 quasi
1028 1364 1175 1447 quaedam
1202 1360 1406 1426 aberrationes
1433 1364 1637 1446 epicyclorum

288 1477 311 1526 a
332 1453 515 1534 temponbns
537 1451 750 1526 restitutoriis)
774 1453 917 1534 originem
940 1473 1026 1514 suam
1047 1453 1187 1515 traxisse

378 1545 440 1609 Sed
463 1543 670 1626 respondetur,
692 1541 787 1622 primo
810 1560 870 1605 non
892 1541 1072 1606 turbandam
1094 1561 1162 1605 esse
1185 1540 1356 1621 analogiam
1383 1539 1462 1603 inter
1482 1541 1581 1605 lucem
1604 1551 1637 1606 et

290 1635 432 1698 virtutem
454 1633 623 1708 matricem,
655 1639 767 1694 temere
791 1631 923 1694 confusis
950 1632 1194 1714 proprietatibus.
1239 1632 1307 1693 Lux
1335 1647 1428 1709 opaco
1462 1630 1635 1712 impeditur,

289 1735 414 1806 corpore
437 1743 496 1786 non
517 1720 686 1804 impeditur,
710 1728 834 1802 propter
854 1721 913 1782 hoc
935 1720 1041 1802 ipsum,
1066 1722 1135 1804 qnia
1157 1722 1210 1784 lux
1227 1727 1299 1821 est,
1307 1737 1362 1781 ιιι
1385 1720 1416 1780 in
1438 1739 1547 1801 eorpus
1570 1723 1637 1802 agit

291 1813 405 1877 sedin
429 1812 613 1894 superficiem
640 1811 691 1872 vel
713 1811 808 1892 quasi.
854 1810 1003 1872 Virtus
994 1831 1025 1872 ιι
1048 1830 1155 1892 corpus
1181 1809 1247 1890 agit
1274 1806 1338 1870 sine
1362 1808 1448 1889 opaci
1474 1819 1633 1891 respectu:

291 1902 378 1985 opaci
409 1903 501 1983 igitur
535 1901 713 1966 correlatum
746 1909 812 1964 cum
837 1919 896 1962 non
927 1899 976 1976 sit,
1008 1920 1103 1983 neque
1135 1898 1186 1960 ab
1204 1916 1298 2001 opaco
1330 1897 1517 2001 impedietpr.
1564 1898 1635 1972 Quo

292 1991 409 2055 nomine
433 1992 529 2054 lucem
552 2012 571 2053 a
593 1990 704 2053 virtute
727 1995 865 2052 movente
888 2002 964 2069 pene
989 2008 1176 2070 separarem,
1207 1987 1268 2051 uisi
1287 1982 1451 2049 invenirem
1473 1987 1505 2048 in
1527 1996 1638 2051 natnra

292 2082 444 2163 exempla,
474 2099 549 2163 quae
571 2079 649 2142 lueis
671 2079 765 2142 radiis
788 2079 878 2140 etiam
901 2077 1054 2159 impeditis
1076 2077 1236 2140 efficaciam
1258 2083 1359 2138 tamen
1389 2077 1561 2159 relinquunt
1581 2077 1636 2154 ibi,

294 2191 435 2252 quorsum
457 2168 611 2252 pervenire
627 2168 785 2250 prohibent
785 2189 828 2231 ur.
868 2167 931 2232 Sed
953 2169 990 2230 de
1013 2168 1171 2231 luciacum
1193 2165 1304 2227 virtute
1326 2165 1449 2228 metrice
1468 2166 1637 2230 sociatione

293 2280 352 2323 non
374 2259 532 2341 praecipue
555 2259 603 2321 hic
628 2265 743 2337 satago.

378 2349 570 2430 Accipiamus
594 2353 693 2409 autem
708 2347 748 2407 ad
771 2343 969 2426 suspicionem
981 2346 1060 2408 hanc
1082 2344 1292 2426 impeditorum
1313 2349 1446 2405 motuum
1463 2343 1637 2408 diluendam

293 2439 460 2520 exemplum
487 2438 613 2500 alterum
635 2435 793 2518 magnetis.
838 2435 913 2514 Ejus
936 2435 1031 2497 virtus
1058 2433 1131 2496 nihil
1159 2430 1319 2514 impeditur
1341 2432 1460 2513 objectu
1487 2436 1635 2498 materiae

293 2531 381 2603 (sane
405 2527 475 2608 quia
496 2526 698 2588 immateriata
721 2527 783 2599 ιιι)
807 2524 862 2586 ιιι
884 2525 995 2586 transit
1016 2522 1143 2585 laminas
1159 2529 1329 2604 argenteas,
1353 2541 1489 2603 cupreas,
1514 2543 1635 2602 aureas,

292 2617 415 2692 vitreas,
440 2634 561 2692 osseas,
584 2608 718 2694 ligneas,
741 2613 893 2695 trahitque
917 2613 1026 2676 ferrum
1048 2619 1120 2694 post
1140 2611 1212 2675 illas
1235 2611 1360 2673 latitans
1382 2611 1574 2675 nihilominus
1598 2635 1637 2677 ac

293 2707 320 2771 si
334 2706 433 2769 nullae
450 2704 632 2780 interessent
642 2703 781 2767 laminae.
806 2702 972 2785 Impeditur
982 2702 1101 2785 quidem
1116 2701 1275 2783 interjectu
1290 2700 1476 2781 magnetieae
1491 2701 1636 2781 tabellae,

296 2796 350 2859 sed
374 2816 465 2857 causa
488 2795 517 2857 in
539 2800 658 2876 promtu
680 2801 741 2869 est;
773 2792 888 2855 tabella
911 2812 976 2857 cum
1003 2794 1070 2874 ipso
1092 2799 1232 2873 magnete
1260 2791 1348 2872 paria
1374 2791 1456 2853 lacit.
1503 2788 1638 2873 Superat

238 2878 244 2887 ’
294 2886 385 2966 igitur
416 2884 591 2946 fortitudine
622 2882 813 2945 remotiorem
843 2889 914 2963 post
945 2903 977 2946 se
1009 2882 1188 2944 latitantem.
1234 2882 1281 2943 Ac
1297 2880 1367 2942 etsi
1395 2880 1485 2944 etiam
1517 2882 1637 2944 ferreae

295 2974 424 3037 tabellae
448 2972 607 3053 interjectu
629 2970 799 3052 impeditur,
822 2978 923 3034 tamen
941 2980 973 3034 et
993 2972 1068 3034 haec
1086 2978 1134 3032 est
1154 2978 1279 3033 naturae
1297 2969 1482 3051 magneticae
1502 2979 1535 3032 et
1550 2990 1637 3035 com-

294 3063 372 3127 bibit
394 3062 535 3125 virtutem
557 3062 706 3143 magnetis
729 3061 820 3136 illico,
844 3080 937 3142 eaque
960 3060 1046 3143 quasi
1067 3058 1191 3143 propria
1210 3060 1312 3122 utitur.

383 3152 426 3216 Ut
447 3152 539 3232 igitur
558 3170 667 3232 negare
691 3150 852 3231 possimus,
875 3158 974 3213 motus
994 3150 1124 3212 sidemm
1146 3148 1282 3231 impediri
1305 3147 1487 3211 centralibns
1509 3148 1638 3215 duorum

296 3240 568 3322 conjunctionibus,
600 3258 724 3303 necesse
753 3247 800 3302 est
828 3239 943 3318 dicere,
979 3238 1060 3303 Solis
1083 3247 1220 3302 naturam
1246 3238 1314 3319 plus
1337 3237 1455 3299 differre
1478 3259 1497 3300 a
1518 3242 1638 3304 naturis

105 3398 109 3417 Ι
232 3388 234 3391 .
297 3332 428 3395 siderum
451 3336 632 3404 ceterorum,
661 3349 749 3411 quam
772 3328 872 3392 differt
890 3336 998 3392 natura
1019 3329 1167 3409 magnetis
1190 3349 1209 3389 a
1231 3334 1339 3390 natura
1361 3327 1450 3389 ferri:
1483 3346 1538 3389 nec
1561 3336 1595 3391 ut
1618 3350 1640 3391 a

296 3426 435 3500 magnete
469 3420 579 3482 semum
612 3420 737 3481 eandem
771 3418 868 3481 subito
899 3419 1040 3481 virtutem
1070 3416 1226 3492 combibit,
1260 3416 1303 3478 sic
1332 3436 1351 3477 a
1381 3416 1453 3479 Sole
1483 3418 1636 3498 planetas.

298 3511 405 3574 Utrum
421 3507 665 3594 autemaliqoam
676 3506 907 3589 qualemcunque
917 3507 1095 3583 combibant,
1111 3508 1215 3569 differo
1226 3507 1355 3586 incapnt
1365 3506 1462 3568 LVII.
1474 3506 1637 3587 explicare.

385 3598 473 3670 Quod
505 3603 604 3659 autem
635 3596 923 3659 verisimilitudinem
955 3596 1065 3659 attinet
1087 3616 1195 3658 causae
1226 3601 1325 3660 motus
1354 3610 1568 3675 apogaeorum,
1600 3614 1641 3659 ea

299 3688 375 3751 nihil
397 3686 506 3769 probat
528 3686 564 3749 de
587 3684 698 3748 virtute
720 3685 777 3747 hac
793 3686 941 3751 communi
955 3686 1055 3750 Solari
1077 3704 1131 3766 per
1153 3681 1321 3768 ἀηιφραξι
1342 3683 1493 3765 impedita.
1529 3686 1640 3748 Potest

236 3821 237 3827 ι
299 3775 377 3839 enirn
399 3782 498 3838 motus
521 3793 720 3855 apogaeorum
749 3774 840 3838 aliam
874 3784 978 3857 utpote
1006 3775 1164 3838 animalem
1186 3775 1297 3839 habere
1320 3792 1451 3836 causam.
1496 3774 1576 3837 Vide
1599 3775 1639 3837 de

298 3866 356 3931 hac
378 3886 410 3928 re
434 3866 591 3929 obscuram
613 3865 743 3946 aliquam
766 3865 933 3947 opinionem
955 3864 1033 3926 infra
1055 3884 1120 3945 cap.
1144 3865 1242 3928 LVII.

387 3954 476 4019 Adde
498 3953 576 4037 quod
604 3951 629 4015 si
657 3954 725 4017 hino
753 3954 880 4019 oriretur
903 3974 1103 4036 apogaeorum
1125 3961 1238 4031 motus,
1270 3952 1350 4036 quod
1371 3959 1469 4015 motus
1496 3950 1639 4033 planetae

302 4038 385 4107 circa
407 4042 510 4109 Solem
536 4044 567 4106 in
590 4040 757 4123 ιπιφραξιι
787 4045 897 4125 speciei
921 4043 1054 4108 motricis
1077 4063 1114 4105 ιι
1137 4043 1208 4107 Sole
1232 4042 1397 4106 emanantis
1424 4040 1638 4121 impediretur:

303 4134 507 4196 retardaretur
528 4133 619 4214 igitur
633 4139 731 4195 motus
752 4134 957 4215 longitudinis,
981 4141 1033 4197 aut
1053 4134 1261 4215 progrediente
1276 4140 1359 4194 motu
1380 4130 1549 4193 latitudinis
1564 4133 1640 4213 (qno

303 4228 392 4304 pacto
414 4224 636 4285 retrocederent
658 4225 807 4303 apogaea)
830 4231 883 4286 ant
909 4242 1003 4305 aeque
1028 4224 1197 4286 retardato:
1230 4222 1275 4286 ita
1301 4222 1467 4284 consistent
1493 4238 1640 4303 apogaea,

306 4331 373 4375 eum
395 4311 618 4376 observationes
640 4318 797 4389 testentur,
826 4312 893 4393 ipsa
912 4313 1062 4395 progredi.

394 4400 455 4463 Sed
471 4409 502 4463 et
522 4402 580 4464 hoc
602 4420 667 4483 cap.
690 4402 787 4465 LVlI.
811 4402 935 4478 dicetm,
958 4410 1057 4466 utrum
1079 4402 1164 4465 salvo
1188 4407 1271 4465 motu
1292 4419 1331 4462 ex
1345 4398 1417 4465 Sole
1441 4398 1642 4480 impediantur

307 4498 405 4555 motus
428 4489 556 4555 siderum
577 4490 690 4575 proprii
711 4490 941 4573 ιῃιηιφραξιι
1330 4523 1333 4537 ·
