3517 5525
285 398 350 469 652
496 470 500 480 ¹
885 398 926 457 ns
942 400 1023 459 Luna

284 582 426 655 proportio
445 581 559 639 lunulas
577 584 613 639 sd
641 584 821 657 quadrantem
851 592 884 639 ιιι
906 558 978 641 lad
1001 577 1046 641 18.
1086 584 1196 644 Luuula
1215 588 1260 639 est
1278 584 1428 655 quadus,
1455 584 1628 658 ιιιιιιιιιις·

284 672 389 729 moute,
410 664 455 719 uui
474 664 611 719 ademturn
631 670 676 721 est
694 664 984 738 purullelogrurnmurn
1004 664 1225 721 eooeutrisitstis.

597 1097 778 1161 Horatius
800 1097 1050 1182 hypotheseos
1074 1098 1314 1182 Tychbnioae.

373 1266 472 1343 Nota,
502 1265 652 1329 horarium
675 1266 825 1351 Tychonis
848 1267 975 1348 prodere
999 1268 1117 1330 omnino
1143 1262 1395 1331 eccentricitatem
1423 1266 1524 1341 illam,
1558 1284 1632 1347 quse

286 1336 388 1417 reddit
410 1356 606 1437 aequationes
629 1356 852 1437 quadrantules.

375 1440 527 1506 Credibile
550 1453 598 1506 est
620 1444 722 1525 igitur,
745 1445 849 1507 Lunae
865 1444 1005 1507 virtutem
1024 1464 1092 1509 esse
1116 1418 1322 1525 magnetieaui,
1346 1464 1422 1527 quae
1445 1462 1534 1505 axem
1545 1460 1633 1547 por-

286 1532 398 1611 rigat
389 1552 421 1594 ιιι
443 1532 646 1614 longitudines
668 1534 794 1596 medias.
833 1531 909 1600 Cum
934 1534 1026 1615 igitur
1040 1534 1144 1597 Tellus
1162 1540 1320 1597 convertat
1337 1534 1454 1598 Lunum
1479 1530 1635 1595 remissius

287 1619 317 1684 in
340 1620 478 1703 quadris,
506 1622 623 1685 Luna'
615 1642 645 1685 ru
669 1623 790 1706 quadris
814 1622 864 1685 din
888 1633 1030 1687 moratur.
1078 1622 1154 1689 Cum
1176 1642 1248 1704 ergo
1272 1623 1406 1703 apsidum
1430 1622 1509 1685 linea
1534 1622 1634 1683 estin

287 1709 449 1786 diametro,
480 1710 547 1775 axis
574 1710 605 1773 in
627 1712 749 1794 quadris
771 1712 869 1775 tendit
892 1714 930 1779 ad
954 1714 1095 1788 Terram,
1125 1714 1197 1795 fuga
1224 1722 1256 1775 et
1281 1712 1450 1793 persecutio
1479 1712 1514 1774 ut
1538 1710 1634 1785 sortis,

287 1799 427 1881 pervasio
450 1800 484 1862 tit
507 1801 579 1863 alta.

374 1888 526 1966 Etnota,
558 1888 713 1968 aurtjam
740 1897 810 1951 ante
839 1888 956 1969 speeies
986 1909 1140 1973 corporum
1169 1870 1376 1965 stabiliantur,
1407 1906 1483 1970 quae
1514 1886 1635 1949 omniuo

289 1978 383 2039 torres
406 1979 507 2041 sunt
500 1999 530 2040 ιιι
552 1979 604 2041 illo
628 1979 703 2041 sudo
726 1987 758 2039 et
780 1978 981 2043 immateriato
1005 1980 1137 2055 aethere,
1161 2000 1220 2042 non
1245 1998 1319 2059 opus
1342 1938 1461 2041 ridetur
1483 1976 1635 2081 positione

288 2066 475 2147 magneticae
497 2067 619 2131 virtutis
642 2067 672 2129 in
696 2062 736 2145 Θ
762 2075 793 2129 et
816 2070 842 2143 ὁ
867 2068 1052 2131 unctoribus:
1086 2068 1192 2132 suflicit
1219 2067 1346 2143 moveri,
1376 2086 1444 2129 narn
1468 2066 1549 2128 sicut
1571 2084 1636 2127 cunr

289 2155 390 2236 specie
412 2155 551 2219 carbonis
574 2158 638 2219 exit
660 2155 777 2237 species
800 2156 888 2228 lueis,
911 2164 945 2219 ut
960 2158 1136 2231 accidentis,
1160 2158 1204 2219 ita
1218 2176 1284 2219 curn
1303 2156 1403 2236 speeie
1419 2154 1551 2218 Telluris
1575 2154 1638 2216 exit

289 2244 406 2326 speeies
428 2253 537 2309 motus.
582 2248 627 2308 At
649 2246 679 2309 in
702 2246 793 2308 motis
816 2264 870 2325 pro
902 2247 1127 2309 eccentricitate
1156 2246 1274 2309 omnino
1303 2245 1458 2327 ponendus
1482 2242 1636 2325 magneti-

289 2353 343 2396 cus
364 2334 461 2415 vigor.

377 2420 447 2485 Jarn
478 2423 742 2498 considerandum,
777 2442 814 2485 an
849 2422 1040 2486 discessioe
1069 2424 1216 2487 diametro
1246 2422 1488 2504 proportionetur
1518 2422 1637 2503 angulis

290 2512 426 2593 rigorum
448 2512 643 2576 mensoribus.
683 2509 724 2575 Et
746 2511 872 2575 videtur.
911 2512 960 2575 An
982 2522 1084 2575 autern
1108 2522 1230 2575 maneat
1252 2512 1393 2593 ellipsis?
1416 2510 1539 2574 Nescio.
1579 2510 1637 2574 Vr·

291 2602 380 2663 detur
401 2609 503 2663 ιιιιιιιι
528 2608 559 2663 et
581 2600 669 2663 hoc
660 2622 691 2664 ιιι
714 2602 770 2663 hoc
793 2622 875 2677 casn,
894 2601 946 2664 ubi
969 2602 1106 2683 apsidum
1122 2601 1203 2664 linea
1223 2600 1365 2665 coincidit
1386 2620 1454 2663 curn
1478 2598 1637 2662 diametro.

290 2689 370 2753 Nam
391 2689 536 2772 paulatim
559 2690 670 2754 erescit
692 2700 857 2772 utrumque,
882 2698 912 2753 et
926 2691 977 2753 ubi
1000 2710 1103 2778 parurn
1123 2690 1268 2766 ascendit,
1293 2690 1434 2753 celeriter
1455 2689 1636 2766 transvolat,

290 2779 321 2846 h.
348 2798 503 2861 eperum
526 2788 669 2842 moratur.

380 2867 547 2933 Considera
569 2877 601 2932 et
623 2869 750 2933 alterurn
773 2887 892 2945 ιιιιιιιι,
923 2869 949 2931 si
977 2867 1057 2931 linea
1079 2869 1252 2951 apsidum
1243 2890 1273 2932 ιιι
1305 2867 1456 2950 quadris,
1474 2877 1548 2931 tunc
1571 2867 1636 2930 axis

291 2957 453 3039 parallelos
476 2970 526 3020 est
547 2958 701 3022 diametro.
750 2958 840 3023 Certe
863 2917 981 3022 difficile
1005 2957 1228 3035 contradicere,
1253 2959 1342 3056 facile
1366 2957 1506 3021 eredere:
1538 2965 1570 3020 et
1591 2957 1639 3020 hic

292 3065 414 3112 manere
438 3045 568 3127 ellipsin.

378 3137 445 3200 Hoc
468 3155 558 3200 ιιιιιιιι
581 3142 679 3199 restat
701 3133 911 3216 quaerendum,
936 3155 974 3196 an
991 3135 1073 3198 diets
1087 3134 1220 3217 Tychord
1238 3135 1366 3198 variatio
1389 3135 1562 3217 quantitate
1587 3154 1639 3198 sus

227 3251 255 3294 ,·
292 3225 420 3288 sufficiat
441 3227 533 3288 moris
555 3225 595 3289 ad
618 3231 735 3288 tautum
757 3241 916 3330 ascensum
939 3223 1144 3289 necessariis?
1179 3225 1225 3287 At
1238 3223 1304 3308 quis
1323 3223 1486 3288 metietur?
1521 3222 1639 3298 Quibus

292 3313 509 3397 principiis⁹

876 3491 1059 3509 -uu

640 3709 694 3774 De
721 3711 888 3795 physica
915 3658 1118 3796 hypothesi
1147 3713 1288 3776 Lunae.
1358 3769 1363 3776 .

380 3881 515 3946 Ponatur
537 3882 613 3943 hoo:
651 3879 832 3944 volutionem
853 3881 965 3944 Terrae
993 3880 1075 3944 circa
1101 3899 1189 3944 axem
1216 3880 1375 3944 conciliare
1399 3880 1503 3944 Lunae
1526 3890 1640 3944 nocturn

199 4014 202 4025 -
293 3974 374 4036 ciros
402 3971 546 4035 Terram:
580 3970 664 4032 illurn
689 3988 761 4032 vero
789 3971 931 4032 virtutem
954 3969 1084 4032 Telluris
1113 3969 1250 4050 adjuvari
1277 3969 1307 4032 in
1336 3970 1483 4033 movenda
1511 3969 1600 4034 Luna
1622 3989 1641 4032 a

293 4061 405 4123 virtute
427 4058 529 4135 Solis;
554 4051 700 4139 quatenus
723 4059 842 4140 qudem
866 4059 984 4140 species
1006 4058 1226 4123 immateriatse
1240 4057 1322 4122 Solis
1340 4071 1373 4124 et
1388 4058 1519 4123 Telluris
1543 4058 1640 4123 lineus

169 4189 173 4194 ι
294 4157 428 4212 motuum
449 4148 625 4210 describunt
646 4148 818 4227 parallelas.
864 4148 924 4222 Ubi
948 4166 1019 4209 vero
1043 4167 1076 4210 se
1106 4157 1213 4211 secant
1240 4149 1279 4210 ad
1308 4157 1425 4225 rectos,
1454 4148 1497 4210 ibi
1527 4149 1641 4213 nullum

247 4289 256 4300 ,
294 4256 364 4300 esse
385 4237 591 4316 adjumentum
609 4256 647 4299 ex
665 4236 746 4300 Sole.
780 4236 954 4309 Videamus,
978 4257 1016 4300 au
1035 4236 1104 4319 quid
1121 4237 1229 4317 opponi
1254 4237 1354 4317 possit
1375 4237 1443 4300 huic
1466 4235 1639 4320 hypothesi.

295 4325 372 4390 (lum
394 4325 486 4406 igitur
509 4325 671 4406 adjumenti
699 4345 839 4390 mensura
865 4333 1017 4389 statuatur
1045 4326 1075 4388 iu
1105 4325 1223 4407 augulis
1253 4327 1416 4403 liburnum,
1447 4325 1544 4389 virtus
1568 4345 1640 4390 vero

295 4416 469 4518 angulorum
492 4414 567 4476 insit
587 4416 619 4478 in
642 4433 744 4479 eorum
767 4415 898 4490 sinibus,
932 4416 1105 4490 considera,
1136 4415 1214 4496 quod
1244 4415 1274 4477 in
1298 4417 1489 4498 quadraturis
1513 4417 1641 4498 angulus

294 4512 396 4568 rectus
409 4503 466 4578 sit3
482 4502 683 4582 adjumentum
699 4503 821 4578 nullum,
836 4503 912 4565 recti
929 4521 999 4566 vero
1017 4505 1099 4568 sinus
1118 4513 1209 4578 totus,
1229 4506 1382 4568 residuum
1396 4505 1500 4570 itidem
1517 4507 1640 4570 nullum.

296 4589 388 4656 Circa
401 4592 599 4694 quadraturas
614 4593 741 4675 angulus
763 4600 845 4656 recto
869 4593 1050 4674 propinquus
1074 4592 1166 4655 habet
1189 4592 1287 4656 diu'
1262 4613 1359 4657 srnum
1383 4615 1441 4658 non
1465 4594 1558 4658 multo
1583 4597 1641 4656 nri·

296 4701 400 4744 norem
421 4688 497 4757 toto,
520 4669 641 4744 residua
663 4683 702 4744 ad
724 4688 821 4744 totum
843 4681 940 4744 sinum
963 4701 1066 4763 parva,
1091 4683 1293 4764 adjumentum
1317 4684 1409 4748 etiarn
1432 4703 1568 4766 parvum
1605 4687 1641 4747 ln

297 4771 412 4852 copulis
435 4771 580 4833 linearum
596 4772 722 4852 angulus
736 4771 845 4844 nullus,
869 4769 953 4833 sinus
968 4771 1077 4847 nullus,
1102 4772 1292 4834 residuum
1267 4793 1351 4836 sunus
1367 4781 1460 4847 totus.
1484 4761 1641 4854 adjumen-

298 4868 362 4922 turu
383 4859 555 4922 maximum.
590 4859 667 4922 Post
689 4860 825 4940 copulam
847 4859 949 4938 anguli
971 4859 1094 4923 orientis
1118 4860 1202 4924 sinus
1225 4862 1324 4924 subito
1348 4871 1496 4939 creseunt,
1521 4862 1642 4925 residua

298 4945 397 5010 subito
424 4948 616 5025 ιιιιιιιιιιιι,
645 4957 680 5010 ut
705 4953 738 5010 et
763 4948 944 5026 adjumenta.
990 4946 1070 5014 Sunt
1092 4967 1164 5030 ergo
1187 4951 1358 5034 oolligendu
1380 4951 1503 5018 residua
1524 4952 1641 5016 sinuruu
