3517 5525
311 416 375 484 'tlt
847 420 959 472 ιωιιι
973 419 1004 469 ι.
1022 419 1113 472 snae

398 594 528 670 Quarto,
552 596 579 659 si
600 596 644 658 aio
666 615 722 658 usu
745 597 860 674 veniat,
884 617 951 660 cnm
973 615 1096 660 numero
1118 615 1263 660 annorum
1283 596 1362 662 infra
1383 595 1429 661 20
1451 604 1646 680 excerpantur

311 683 450 748 similiter
477 683 509 758 ι)
531 693 679 766 tempora,
703 694 735 747 et
756 686 906 750 addantur
927 687 1110 768 temporibus
1132 687 1288 767 prioribus.
1336 685 1373 761 2)
1394 690 1494 752 Motus
1514 688 1646 769 apogaei

311 783 342 836 et
370 775 498 836 addatur
525 774 655 856 epochae
683 776 845 856 superiori,
877 775 990 857 'rejecto
1016 777 1134 857 integro
1160 776 1281 838 circulo.
1328 774 1364 850 3)
1387 778 1490 839 Motus
1514 777 1585 840 nodi
1610 785 1647 838 et

311 863 505 926 subtrahatur
534 865 572 925 ab
601 864 715 944 epocha
741 865 912 946 superiore,
944 875 981 929 ut
1010 867 1068 945 ipsi
1100 867 1191 930 etiam
1220 865 1300 928 tituli
1328 866 1476 946 adscripti
1501 866 1647 939 indicant,
1707 889 1714 899 ·

311 953 445 1028 adscito,
470 953 495 1014 si
519 961 593 1032 opus'
617 960 680 1028 est,
699 953 820 1034 integro
843 954 965 1017 circulo.

398 1041 509 1113 Quinto
534 1061 678 1104 summam
701 1043 813 1104 dierum
835 1044 949 1106 mensis
977 1043 1131 1124 completi,
1160 1043 1281 1124 insuper
1302 1043 1368 1105 dies
1391 1051 1462 1105 tues
1486 1043 1648 1123 completas

310 1149 376 1194 cum
397 1130 479 1213 horis
502 1138 534 1192 et
556 1131 703 1212 sompulis
727 1133 812 1194 adde
825 1133 1011 1214 temporibus
1026 1133 1172 1196 hactenns
1186 1133 1324 1195 collectis
1339 1132 1413 1195 nihil
1435 1130 1573 1213 abjecto,
1596 1132 1649 1194 etsi

310 1221 460 1284 modulum
484 1219 580 1282 unius·
594 1221 663 1282 anni
686 1230 836 1301 superent.

396 1309 490 1374 Sexto
517 1309 592 1372 haec
624 1329 739 1372 summa
771 1319 936 1415 tempnomm
969 1317 1161 1393 comparatur
1185 1311 1225 1371 ad
1258 1310 1399 1373 tabellam
1428 1309 1647 1372 revolutionum

309 1398 502 1502 integrarum.
553 1399 632 1461 Nam
664 1399 740 1462 alias
772 1401 912 1482 propior
912 1399 983 1462 erit
1013 1399 1148 1506 proxime
1178 1399 1284 1463 minori
1316 1416 1437 1464 numero
1470 1409 1647 1480 temporum,

311 1488 388 1550 alias
410 1488 550 1569 proxime
566 1489 682 1567 majori.

259 1637 261 1646 ,
395 1575 442 1639 De
464 1576 559 1658 primo
583 1597 655 1639 casn
677 1578 768 1657 prius.
815 1577 896 1658 Ergo
919 1576 1060 1640 subtrahe
1083 1577 1162 1659 quod
1191 1585 1241 1638 est
1268 1577 1403 1658 proxime
1424 1577 1526 1640 miuus
1549 1597 1570 1639 a
1591 1577 1648 1640 tuis

308 1667 501 1748 temporibus,
523 1674 635 1730 motum
650 1686 722 1729 nero
743 1667 870 1747 apogaai
888 1668 979 1748 juata
1000 1667 1144 1747 scriptum
1165 1667 1253 1739 adde,
1277 1675 1389 1728 motum
1411 1667 1483 1728 nodi
1506 1667 1648 1731 subtrahe

309 1777 328 1818 a
357 1755 575 1837 superioribus,
607 1763 641 1818 ιιι
669 1755 750 1836 prins
782 1755 873 1818 etiam
902 1757 1023 1818 factum.
1071 1755 1145 1820 Cum
1172 1755 1291 1818 residuo
1318 1757 1463 1836 temporis
1493 1757 1648 1836 ingredere

309 1843 442 1908 tabulam
464 1843 689 1926 inaequalitatis
711 1847 834 1926 primae.
879 1847 959 1908 Nam
982 1844 1009 1906 si
1036 1846 1186 1908 residuum
1216 1853 1299 1907 tuum
1320 1844 1454 1926 praecise
1477 1844 1649 1910 inveniatm

310 1936 364 1998 sub
387 1935 476 1996 titulo
498 1933 659 2013 temporis:
692 1935 771 2016 quod
795 1935 885 2015 juxta
915 1935 1034 1996 iuvenis
1056 1935 1087 1997 in
1109 1933 1244 2014 margine
1267 1942 1317 1995 eat
1337 1934 1476 2015 praecisa
1497 1934 1650 1998 anomalis

264 2061 267 2070 ·
310 2031 476 2106 coaequata
498 2023 594 2085 centri
619 2023 752 2106 epicycli,
776 2024 806 2088 in
830 2025 1023 2105 sequentibus
1042 2024 1158 2086 duabus
1180 2023 1325 2085 columnis
1346 2031 1446 2086 motus
1468 2025 1600 2106 apogaei
1621 2031 1650 2084 et

309 2114 392 2190 nodi,
423 2132 489 2175 cum
512 2113 616 2193 quibus
640 2132 695 2192 age
720 2115 882 2178 secundum
903 2113 1056 2176 titulorum
1079 2112 1239 2193 requisita,
1267 2121 1302 2174 ιιι
1322 2122 1385 2174 tarn
1409 2113 1539 2194 apogaei
1564 2131 1648 2195 qumu

310 2202 476 2266 anomaliae
498 2211 597 2266 motus
622 2203 750 2266 addatur
771 2203 866 2266 motui
889 2202 1017 2284 apogaei
1040 2202 1175 2282 superius
1198 2201 1339 2277 collecto,
1361 2209 1462 2264 motus
1485 2221 1560 2264 vero
1582 2201 1649 2264 nodi

309 2291 501 2356 subtrahatur
523 2299 586 2354 mot
587 2291 616 2354 ui
573 2292 707 2354 tuadi
732 2293 866 2373 superius
886 2293 1021 2354 collecto.
1059 2291 1206 2372 Scrupula
1228 2309 1299 2352 vero
1322 2310 1360 2353 er
1382 2291 1490 2354 ultima
1510 2292 1649 2354 columna

309 2383 513 2444 adserventur.
560 2380 615 2444 Sin
637 2390 737 2444 autem
765 2382 918 2444 residuum
945 2390 1028 2444 tunm
1057 2381 1201 2460 temporis
1229 2399 1290 2442 uon
1311 2380 1447 2460 praecise
1469 2381 1647 2454 inveniatur,

309 2489 365 2551 age
388 2481 422 2533 nt
445 2471 523 2533 solet
545 2470 625 2545 fleri,
653 2455 934 2552 proportionaliter:
966 2468 1103 2532 dividens
1123 2471 1221 2550 qnod
1237 2469 1294 2532 tibi
1316 2477 1365 2531 est
1387 2469 1550 2532 etiamnum
1573 2469 1649 2532 resi-

310 2561 399 2628 duum
421 2579 475 2640 per
497 2558 696 2622 differentiam
719 2559 861 2662 temporis
880 2560 970 2640 juata
991 2559 1185 2639 adscriptam.
1195 2558 1229 2632 *)
1265 2559 1299 2620 In
1322 2567 1405 2621 motu
1427 2578 1498 2621 vero
1521 2559 1647 2640 apogaei

309 2658 340 2711 et
368 2647 439 2711 nodi
468 2647 641 2715 aestimatio
668 2649 716 2710 vel
747 2648 810 2711 sine
839 2639 984 2712 divisione
1012 2648 1163 2726 perfacilis
1186 2655 1243 2710 est.
1288 2648 1367 2710 Nam
1394 2648 1522 2728 apogaei
1552 2656 1648 2710 motae

270 2749 274 2756 '
310 2738 479 2893 differeqtaia
499 2755 649 2820 nunquam
673 2743 722 2801 est
743 2737 848 2819 major,
874 2757 963 2821 quam
985 2733 1443 2819 34⁴¹(nodi1u‘),nanquam
1464 2737 1565 2849 minor
1588 2735 1647 2801 W

309 2826 506 2903 (ucdi1‘¹).

395 2918 432 2981 In
455 2936 527 2979 casu
549 2915 726 2997 posteriore,
750 2923 839 2997 atque
863 2916 890 2979 si
913 2934 1028 2980 summa
1046 2924 1212 2996 temporum
1236 2914 1364 2979 consata
1385 2915 1455 2994 plns
1476 2913 1628 2977 acceffit'
1619 2934 1647 2976 m

302 3007 411 3071 tabula
434 3005 651 3069 revolutionum
675 3006 714 3067 ad
735 3006 869 3087 proxime
900 3006 1043 3085 majorem
1065 3024 1211 3069 summam
1240 3004 1403 3084 temporis:
1433 3005 1581 3068 subtrahe
1602 3004 1645 3065 ri·

308 3096 409 3161 cissim
432 3104 515 3157 tuam
539 3111 684 3158 summam
707 3115 726 3156 a
747 3096 880 3175 proxime
905 3096 1024 3175 majori,
1053 3114 1118 3159 cum
1141 3094 1305 3175 adscriptis
1325 3112 1397 3155 vero
1419 3088 1550 3156 motibus
1575 3110 1646 3173 ape·

308 3187 377 3266 gaci
400 3197 432 3249 et
454 3185 523 3247 nodi
547 3202 602 3265 age
625 3193 659 3247 ut
680 3184 772 3266 prius.
818 3184 889 3246 Jarn
910 3204 983 3246 vero
1006 3202 1073 3247 cum
1096 3184 1215 3246 residuo
1237 3190 1309 3265 post
1330 3182 1579 3254 subtractionem,
1602 3181 1646 3243 uhi

308 3292 345 3338 ex
367 3276 472 3338 tabula
494 3273 720 3357 inaequalitatis
742 3274 856 3353 primae
880 3273 1066 3353 excerpserie
1094 3273 1272 3335 anomaliam
1295 3281 1505 3352 coaequatam,
1537 3279 1646 3335 motum

308 3366 442 3469 apogaei
456 3371 488 3425 et
510 3371 623 3425 motum
650 3363 740 3425 nodi·
771 3382 837 3425 cum
864 3362 913 3424 his
941 3362 1121 3425 contrarium
1144 3362 1241 3425 titulis
1266 3361 1646 3426 eritlacieudum.Nan1

308 3456 377 3535 quia
399 3454 480 3535 prius
502 3454 570 3535 plus
594 3452 754 3515 addideras
782 3470 935 3533 apogaeo,
966 3453 1035 3531 plue
1062 3453 1255 3514 subtraxeras
1276 3450 1356 3513 nodo
1379 3468 1468 3530 qnam
1490 3460 1547 3512 tua
1570 3460 1644 3513 tem-

306 3564 381 3627 pora
403 3542 581 3617 ferebaut'
568 3562 631 3623 Jam
656 3540 788 3605 vicissim
812 3541 892 3623 quod
914 3540 1034 3605 residuo
1057 3549 1108 3603 tuo
1131 3542 1168 3601 de
1190 3540 1342 3603 anomalia
1363 3548 1395 3600 et
1415 3547 1499 3601 motu
1521 3538 1646 3621 apogaei

307 3634 450 3708 debetur,
478 3632 712 3694 subtrahendum
735 3650 885 3711 apogaeo,
913 3631 993 3711 quod
1020 3631 1056 3690 de
1079 3639 1162 3693 motu
1185 3629 1265 3704 nodi,
1288 3629 1458 3693 addendum
1479 3628 1569 3689 nodo.
1615 3626 1645 3689 Si

307 3732 338 3785 te
361 3723 449 3803 hujus
473 3721 603 3785 varietat
589 3720 630 3785 tis
653 3721 766 3795 taedet,
790 3718 878 3782 facile
902 3728 933 3781 te
954 3720 1094 3799 expedies
1113 3718 1314 3800 duplicatione
1336 3718 1458 3780 tabulae
1480 3716 1645 3798 inaequali-

309 3812 383 3875 tatis
404 3813 533 3893 primae,
565 3819 599 3871 ut
628 3811 772 3892 procedat
799 3826 893 3891 nsque
916 3810 955 3871 ad
979 3803 1052 3872 360
1098 3808 1231 3890 Utroque
1255 3826 1326 3870 vero
1349 3826 1422 3869 casu
1445 3806 1572 3887 colliges
1594 3807 1643 3867 hoc

307 3910 396 4005 pacto
418 3902 517 3965 locum
540 3918 642 3961 verum
665 3900 760 3961 centri
784 3898 909 3981 epicycli
932 3906 965 3959 et
986 3916 1089 3959 verum
1119 3897 1216 3960 locum
1242 3897 1328 3971 nodi,
1357 3896 1455 3978 qualis
1478 3915 1548 3957 esee
1572 3891 1645 3959 solet

307 3992 338 4052 iu
361 3991 417 4053 ccli
439 3990 531 4053 sibus.

395 4009 538 4160 prtimo.
586 4078 699 4140 Locum
731 4091 834 4138 verum
861 4074 943 4137 Solis
975 4075 1038 4149 (vel
1068 4074 1199 4154 oppositi
1229 4070 1279 4151 Θ.
1328 4075 1410 4137 Nam
1440 4074 1468 4136 si
1500 4070 1649 4149 distantia·

307 4176 429 4248 superat
451 4166 471 4232 6
495 4169 594 4248 sigua,
627 4174 697 4228 tunc
721 4166 757 4227 ιιι
781 4162 832 4229 6’
825 4184 853 4225 ιιι
878 4164 1077 4243 duplicatione
1100 4162 1175 4225 fiunt
1199 4160 1239 4227 12
1262 4171 1295 4223 et
1317 4163 1508 4242 abjiciuntur)
1534 4182 1554 4223 a
1581 4162 1641 4223 loco

307 4258 402 4321 centri
424 4256 643 4339 epicyclit
573 4256 643 4319 subt
644 4255 732 4330 rahe,
761 4254 910 4315 residuum
934 4253 1068 4333 duplica,
1101 4260 1134 4313 ut
1156 4246 1237 4331 apud
1259 4252 1443 4334 Tychonem,
1467 4260 1499 4313 et
1521 4269 1588 4314 eum
1609 4250 1642 4310 iis

307 4366 431 4428 excerpe
446 4364 483 4407 ex
502 4346 605 4409 tabula
620 4302 844 4430 inaequalitatis
862 4350 1032 4405 menstmae
1046 4340 1243 4405 variationem
1257 4349 1440 4404 menstmam
1455 4350 1487 4403 et
1500 4340 1638 4420 prosthe-

306 4514 510 4533 -fl--A——u

394 4630 422 4695 *l
440 4630 469 4681 In
487 4635 555 4681 motu
573 4631 677 4695 apogasi
695 4630 752 4681 nodi
771 4636 797 4680 st
819 4628 937 4693 scurpmis
959 4626 1118 4693 longitudinis
1142 4639 1199 4691 pars
1223 4626 1409 4690 proportionalis
1426 4624 1540 4676 habetur.
1575 4623 1625 4675 si·
1617 4638 1641 4673 sa
1716 4662 1720 4669 .

305 4704 485 4771 proportionum
503 4700 589 4767 regula
606 4704 681 4765 primo
700 4702 753 4753 loco
770 4707 874 4765 ponatur
886 4700 1025 4751 differentia
1035 4700 1160 4764 temporis,
1178 4698 1286 4761 meando
1303 4697 1358 4749 loco
1376 4696 1516 4748 diffamatia
1534 4696 1638 4779 apogaet

306 4778 364 4827 uodt
382 4782 408 4827 st
425 4772 599 4839 scrupulorum,
617 4775 690 4822 tertio
707 4774 761 4823 loco
779 4772 902 4822 residuam
919 4779 1063 4855 temporum,
1083 4771 1121 4820 rel
1139 4772 1160 4819 si
1178 4769 1326 4833 anomaliam
1345 4770 1423 4819 centri
1441 4776 1601 4835 coaequatam
1616 4767 1640 4814 iu

306 4849 406 4899 minutis
424 4854 450 4898 et
467 4844 582 4897 secundis
600 4844 735 4902 inveneris,
759 4842 806 4893 illia
824 4843 924 4892 minutia
946 4843 1027 4906 prumia
1045 4847 1072 4891 et
1087 4840 1202 4892 secundia
1220 4854 1310 4906 quaere
1327 4848 1424 4905 partem
1441 4838 1639 4905 proportionalem

307 4924 500 4983 competentem,
519 4917 583 4982 quod
601 4915 749 4967 commodius
767 4922 818 4974 est,
841 4928 915 4979 qaam
932 4915 997 4979 prior
1013 4914 1113 4974 modus,
1139 4912 1258 4978 reperitur
1275 4928 1300 4961 ιι.
1318 4926 1376 4977 pars
1393 4910 1576 4977 proportionalia
1592 4907 1637 4958 sal·

307 4996 359 5038 tem
375 4988 583 5053 multiplicaberis.
