3517 5525
382 449 400 528 ³.
472 495 475 508 ,
553 435 570 523 ”
606 417 632 500 ,fi
686 427 830 485 Dabana
1217 459 1221 466 ·
1360 426 1425 500 689

89 629 143 691 per
164 619 199 672 'e
220 609 334 672 realem
356 627 412 672 noo
438 629 523 686 esse,
556 611 610 674 'sed
639 609 738 674 causis
767 609 821 672 niti
842 607 984 693 physicis,
1010 609 1111 692 Tyclro
1134 607 1199 690 ipsc
1226 609 1372 686 credidit,
1394 618 1427 690 et

89 706 160 762 suut
181 699 212 762 in
236 718 271 761 eo
295 708 358 761 tres
380 706 469 762 uotae
490 701 680 782 physicarum
703 718 878 762 causarum:
906 700 1016 780 prima,
1040 698 1118 779 quod
1141 697 1226 760 Luna
1249 699 1374 762 libratur
1394 701 1425 762 iu

88 788 155 868 ejus
165 787 315 872 diametro
334 795 476 868 tangente
489 789 626 864 orbitam,
646 808 704 851 uon
722 807 792 851 vcro
807 789 943 850 circumit
957 787 986 850 iu
1002 787 1259 862 circumferentia3
1284 788 1424 864 secunda,

21 921 29 932 .
88 879 168 958 quod
200 877 313 940 circelli
344 884 514 938 motusesc
542 876 724 960 inaequalis,
755 878 859 941 tardus
882 877 912 938 iu
936 895 1070 957 apogaeo
1102 875 1259 938 eccentrici
1290 895 1424 953 versans,

1 1013 3 1052 3
86 966 178 1029 velox
200 965 230 1028 iu
252 965 410 1046 psrigae03
442 967 542 1042 tertia,
574 966 652 1048 quod
675 966 819 1028 diameter
842 963 906 1046 ejus
932 966 1058 1028 deberet
1084 963 1186 1044 augeri
1214 972 1245 1026 et
1266 965 1375 1041 minui,
1398 965 1425 1028 si

1 1103 3 1126 ,
87 1053 181 1118 realis
205 1061 296 1117 esset.
342 1052 421 1118 Nam
448 1073 566 1136 semper
593 1063 718 1136 apparet
740 1048 794 1120 40‘
816 1051 898 1128 30“,
922 1055 986 1116 sive
1014 1062 1129 1117 remota
1155 1054 1252 1115 sitin
1279 1072 1423 1134 apogaeo,

88 1144 155 1206 sive
177 1143 343 1226 propinqua
364 1143 393 1204 in
417 1143 569 1226 perigaeo.
615 1145 847 1207 Demonstratur
875 1151 974 1206 autern
1002 1142 1235 1226 aequipollentia
1263 1143 1323 1218 sic,
1353 1142 1426 1224 quia

86 1233 201 1314 gratim
224 1231 332 1312 singuli
356 1231 436 1312 apud
459 1252 505 1297 mc
529 1241 598 1296 suut
621 1231 755 1296 diminuti
784 1232 951 1314 quantitate
976 1230 1005 1295 l‘
1028 1226 1331 1311 di¹i,‘',·maximum
1353 1251 1423 1294 vero

85 1324 302 1388 incrementum
333 1321 560 1384 accelerationis
590 1331 637 1385 est
660 1322 746 1402 hujus
769 1322 907 1402 duplum,
940 1321 1057 1384 scilicet
1088 1319 1120 1386 3¹
1148 1315 1228 1402 34²1,
1237 1321 1274 1396 ¹‘,
1305 1327 1337 1383 et
1366 1320 1423 1382 boc

1 1407 4 1416 ’
85 1417 280 1492 comparatur
308 1410 405 1472 lineae
436 1411 501 1474 ΝΤ.
558 1410 659 1494 Tycbo
689 1410 820 1473 vicissim
854 1430 911 1472 non
945 1410 1082 1472 diminuit
1116 1410 1244 1490 gradus,
1279 1410 1422 1491 additque

1 1519 2 1550 ι
84 1507 221 1574 tautum,
252 1506 393 1581 quantum
423 1499 558 1562 iudicant
580 1499 644 1569 NT,
669 1500 744 1574 OV,
769 1499 931 1562 diminutae
953 1500 1025 1574 AT,
1048 1499 1119 1573 SV,
1147 1498 1179 1560 id
1208 1506 1256 1561 est
1282 1507 1423 1580 qnantum

84 1589 222 1652 indicant
242 1581 390 1662 NA,'OS
413 1590 466 1652 bc.
512 1589 607 1668 Atqui
639 1608 770 1652 summae
802 1588 935 1668 ipsarum
957 1589 1027 1662 NA,
1051 1587 1117 1662 OS,
1140 1595 1175 1649 ut
1195 1588 1277 1668 prius
1300 1588 1422 1664 dictum,

38 1713 43 1722 -
85 1679 189 1740 insunt
216 1677 250 1740 'in
280 1676 392 1740 sinibus
419 1677 490 1754 AC,
513 1678 583 1755 AF,
606 1677 682 1751 AG,
713 1677 786 1740 baec
817 1677 909 1756 igitur
941 1685 989 1740 est
1018 1676 1249 1757 semidiameter.
1267 1675 1423 1739 libratoria

1 1813 6 1824 .
84 1765 256 1850 Tycbonis,
285 1767 426 1848 ntLupa
448 1768 477 1830 iu
501 1767 614 1847 copulis
637 1766 730 1830 sitin
752 1766 859 1843 A,tn
883 1771 1003 1831 octante
1030 1765 1154 1828 veroin
1177 1761 1227 1840 G,
1254 1764 1284 1828 iu
1307 1765 1422 1847 quadra
1528 1780 1535 1789 '

84 1875 204 1918 rursum
225 1855 255 1917 iu
278 1857 321 1931 A,
347 1855 416 1936 quia
443 1856 520 1918 idem
544 1863 609 1930 est,
645 1857 669 1918 si
692 1855 742 1918 ille
764 1862 835 1936 post
867 1864 1019 1918 cctautem
1050 1854 1165 1917 minuat
1193 1862 1306 1915 motum
1334 1854 1419 1916 initio

1 1947 2 1952 ’
84 1964 146 2006 nou
169 1943 354 2016 diminutum,
378 1963 433 2024 ego
449 1961 572 2024 augeam
594 1944 680 2008 initio
704 1945 888 2008 diminutum.
927 1941 1068 2008 Ceteram
1090 1942 1260 2005 boo'adbuc
1283 1943 1420 2004 desidero

1 2055 2 2064 ¹
83 2034 117 2096 iu
140 2033 197 2096 boc
220 2033 352 2107 calculo,
374 2041 408 2096 ut
430 2053 521 2115 sopra
543 2034 634 2096 ctiam
658 2034 735 2107 dixi,
760 2035 854 2114 quod,
879 2034 906 2096 si
929 2034 1127 2115 quantitatem
1149 2030 1299 2113 Tychonis
1323 2023 1420 2114 40¹1,t
1471 2074 1474 2081 ι

86 2141 210 2204 sequar,
234 2130 304 2183 tunc
327 2141 421 2204 neque
444 2123 532 2204 plane
561 2142 628 2184 eum
654 2122 779 2186 concilio
803 2141 868 2186 cum
892 2121 1058 2202 quantitate
1085 2141 1290 2201 upcossoosoc
1313 2117 1418 2184 Ptole-

85 2212 218 2280 maicae‚
246 2229 339 2292 neque
362 2211 392 2273 iu
415 2203 472 2274 uuo
497 2229 573 2275 anuo
601 2212 723 2276 conficio
749 2206 829 2276 132⁰
850 2208 914 2287 45¹,
939 2218 1051 2293 quauta
1072 2230 1114 2273 sc.
1138 2206 1187 2270 est
1209 2209 1358 2289 appendix
1380 2206 1420 2270 ad

84 2298 288 2364 revolutiones
314 2297 372 2372 tt;
404 2307 435 2362 st
456 2299 588 2364 vicissim
621 2300 647 2361 si
679 2301 801 2363 conficio
835 2296 917 2363 132(ι
937 2295 1001 2370 45⁴,
1030 2309 1100 2368 tuuc
1131 2296 1258 2359 variatio
1289 2294 1420 2365 maxima

1 2415 4 2428 ·
83 2388 158 2452 mibi
181 2388 214 2449 lit
237 2406 295 2449 nou
317 2379 401 2470 tol,
428 2395 461 2453 ut
483 2387 629 2470 Tysboni,
654 2391 707 2452 sed
730 2389 817 2468 plane
841 2387 914 2464 51‘,
942 2389 992 2452 ubi
1013 2388 1081 2469 plus
1104 2386 1216 2450 excedo
1239 2387 1418 2468 Tychouem,
1530 2412 1534 2427 ι

83 2496 175 2560 qnam
205 2476 237 2538 in
268 2476 371 2556 priori
389 2477 500 2540 vitiosa
535 2479 631 2542 forma
662 2477 768 2540 calculi
798 2479 975 2540 defeceram.
1032 2477 1101 2539 Etsi
1130 2495 1225 2558 oeque
1258 2474 1419 2536 observata

84 2564 237 2649 Tychonis
260 2583 377 2646 semper
398 2568 547 2630 modulum
566 2559 663 2650 40¹l,¹
685 2568 862 2646 exprimunt,
887 2568 939 2628 sed
962 2567 1109 2634 interdum
1133 2566 1223 2628 etiam
1238 2558 1302 2627 tt‘.
1336 2564 1418 2626 Tunc

83 2661 187 2718 autern
209 2662 335 2735 augetur
357 2653 426 2717 mihi
449 2655 586 2720 horarius
608 2656 637 2718 iu
662 2656 821 2738 eclipsibus
844 2671 1057 2736 permagnam
1084 2674 1181 2717 meam
1206 2653 1416 2714 variationem:

82 2745 141 2807 boc
164 2762 234 2807 vero
263 2745 470 2825 percommode
502 2745 574 2809 mihi
596 2745 718 2822 accidit,
748 2765 784 2807 ue
808 2743 916 2809 nimiae
938 2744 1024 2821 mihi,
1047 2751 1081 2808 ut
1102 2743 1249 2819 solebant,
1271 2743 1418 2841 prodeant

1 2894 2 2899 ,
82 2834 259 2897 dotationes
283 2843 315 2895 et
336 2839 447 2896 morae.

2 3000 3 3003 Ἴ
174 2922 259 2985 Haec
282 2940 362 3000 ergo,
386 2922 550 2986 clarissime
575 2922 640 2998 Vir,
662 2922 762 3004 potins
785 2920 942 2985 exercendi
964 2921 1031 2995 mei,
1055 2939 1143 3002 quam
1164 2921 1208 2983 tui
1230 2919 1417 3000 defatiqaudi

2 3012 3 3019 '
81 3032 177 3076 causa
195 3019 231 3085 ‚et
245 3011 351 3091 scripsi
374 3011 510 3091 primum,
535 3018 575 3087 et,
598 3030 664 3073 curn
678 3012 707 3073 in
726 3030 836 3091 nupero
855 3010 988 3073 discessu
1002 3008 1173 3073 Mutscbelii
1192 3007 1289 3071 nostri
1310 3008 1415 3070 literas

1 3116 3 3131 ⁸
81 3100 124 3165 ad
148 3102 191 3163 Te
215 3098 345 3180 scriptae
368 3120 406 3162 ex
428 3100 541 3182 incuria
567 3101 675 3163 ceteris
703 3099 843 3161 assumtis
875 3106 978 3160 esseut
1003 3098 1141 3170 relictae,
1172 3095 1360 3177 mausscripsi
1385 3103 1417 3157 et

81 3188 235 3271 copiosius
257 3196 289 3250 et
310 3189 497 3253 luculentius.
544 3189 598 3253 Τιιί
617 3188 683 3269 jaru
705 3196 772 3251 esto
795 3186 928 3261 arbitrii,
960 3187 1032 3268 quid
1053 3186 1093 3247 ad
1118 3185 1195 3249 banc
1221 3184 1416 3265 posteriorem

2 3298 3 3309 ¹
79 3283 201 3359 partem
231 3276 393 3340 literamm
413 3280 607 3359 respondeas,
641 3278 718 3360 quod
748 3277 894 3339 theoriam
923 3276 1025 3338 Lunae
1055 3275 1171 3337 attinet.
1217 3272 1295 3336 Illud
1318 3271 1414 3335 solum

79 3386 164 3448 rogo,
190 3368 226 3428 de
249 3368 317 3429 fixis
340 3368 418 3447 quod
441 3368 524 3450 petii,
547 3375 581 3431 ut
602 3386 690 3430 curae
713 3362 835 3442 habeas,
859 3373 949 3446 utque
971 3365 1015 3427 sic
1033 3360 1222 3443 respondeas,
1246 3361 1289 3423 uti
1308 3361 1414 3426 existi-

1 3518 3 3535 ,
78 3474 148 3518 mas
171 3474 209 3517 ex
230 3455 364 3538 utilitate
391 3456 482 3520 studii
512 3455 701 3543 astronomici
729 3456 865 3518 futurum.
911 3454 953 3515 Et
980 3463 1014 3517 ut
1038 3452 1142 3515 melior
1169 3453 1210 3515 sit
1234 3450 1415 3527 informatio,

80 3546 143 3607 duo
167 3544 263 3606 adbuc
286 3544 372 3606 addo.
1049 3554 1052 3560 ’

174 3632 207 3707 1)
230 3630 305 3695 Cum
330 3633 418 3709 scias,
441 3640 511 3715 post
534 3652 626 3694 anuos
649 3630 688 3697 18
711 3633 775 3695 dics
792 3630 833 3697 10
855 3631 977 3694 easdem
995 3628 1106 3693 reverti
1130 3628 1266 3708 eclipses,
1290 3628 1414 3692 eandem
1533 3654 1536 3661 ·

1 3716 2 3725 ’
79 3724 130 3787 θοῷ
150 3721 329 3784 anomaliam
352 3723 471 3797 Lunae,
502 3722 625 3805 eundem
647 3723 743 3784 locam
767 3720 847 3785 Solis
870 3721 950 3782 intra
976 3716 1041 3795 10⁰,
1065 3718 1215 3781 commode
1239 3716 1357 3788 accidit,
1380 3726 1414 3780 ut

1 3812 2 3847 i
78 3810 219 3876 adfixas
243 3811 334 3872 etiam
366 3810 479 3873 sociam
506 3810 595 3891 hujus
627 3810 746 3889 eclipsis
778 3808 848 3873 anui
874 3804 975 3881 1619,
1003 3828 1045 3871 sc.
1069 3806 1192 3888 eclipsin
1224 3806 1292 3868 auul
1318 3802 1411 3869 16111.

1 3900 2 3931 i
79 3901 110 3963 d.
138 3891 242 3982 19129.
266 3901 345 3962 Νοι.
370 3900 485 3980 Pragae
509 3898 707 3963 observarem.
751 3898 862 3982 Exstat
884 3896 1055 3962 observatio
1077 3897 1107 3960 iu
1130 3894 1239 3974 Optiea
1262 3895 1312 3957 iol.
1336 3890 1410 3959 360.

1 3988 2 4007 ³
77 3989 229 4052 Examina
248 3988 342 4063 illam,
365 3988 482 4051 videbis
502 3987 585 4049 illam
607 3988 714 4051 testari
732 3988 828 4050 locum
849 3988 945 4049 centri
967 3983 1089 4050 umbras
1102 4004 1127 4047 c.
1144 3980 1324 4065 &scrupulis
1343 4000 1411 4047 esse

77 4076 293 4159 promotiorem
316 4096 406 4157 qnam
436 4076 502 4141 vult
524 4076 641 4157 Tyebo,
662 4073 772 4141 'et'sic
804 4076 973 4157 conspirare
996 4094 1062 4138 cum
1085 4070 1282 4153 Landgravio'
1306 4081 1411 4135 contra

77 4166 260 4249 Tyobooent
307 4164 456 4237 Quidnam
480 4164 568 4245 igitur
590 4165 647 4228 boc
669 4174 724 4235 est,
746 4174 867 4247 propter
890 4165 986 4229 Deum
1007 4162 1218 4227 immortalem!
1247 4162 1325 4244 quod
1342 4160 1409 4243 jam

1 4256 2 4271 ¹
75 4263 150 4338 post
171 4274 266 4317 anuos
283 4251 323 4337 18
347 4254 478 4319 anterius
502 4254 617 4315 invenio
636 4263 768 4318 centrum
790 4256 919 4326 umbrae,
944 4274 1031 4334 qnam
1045 4253 1145 4336 Tycho
1169 4253 1233 4314 vult
1247 4250 1278 4313 in
1293 4250 1410 4314 theoria
1529 4335 1531 4342 y

77 4341 185 4409 Solis?
209 4344 296 4405 Anne
312 4344 465 4416 dicemus·
479 4344 715 4421 praecessionem
739 4342 990 4425 aequinoctiorum
1004 4362 1057 4423 per
1074 4343 1129 4403 bos
1147 4337 1185 4404 18
1209 4360 1300 4401 annos
1323 4340 1408 4422 quie-

1 4438 2 4459 *
77 4433 169 4507 visse,
195 4442 248 4503 aut
271 4432 361 4495 etiam
384 4432 413 4495 in
437 4432 683 4496 retrocessionem
709 4432 821 4513 aliquot
843 4432 1036 4495 secundorum
1059 4449 1124 4493 esse
1148 4428 1317 4514 mutatam?

170 4538 205 4612 2)
230 4536 319 4601 Circa
341 4538 468 4602 eandem
484 4536 607 4617 eclipsin
629 4534 844 4612 16191991.)
863 4535 924 4600 alia
939 4537 1066 4601 occurrit
1082 4534 1250 4599 difficultas.
1289 4536 1409 4599 Interim

1 4652 8 4663 ·
80 4629 161 4693 enirn
194 4628 262 4690 dum
285 4626 486 4691 Mutschelius
517 4626 568 4685 ivit
593 4626 780 4709 redditque,
812 4636 894 4688 totus
925 4627 956 4688 in
983 4625 1200 4706 computatione
1232 4625 1274 4687 ini
1304 4625 1410 4686 obser-
1533 4628 1536 4633 '

1 4804 2 4811 ἵ
80 4724 217 4781 ratarum
241 4715 409 4795 eclipslum
443 4714 573 4795 Eclipsis
596 4733 672 4777 anuo
690 4710 783 4778 1616.
807 4708 910 4798 tritt.
926 4718 1015 4795 Aug,
1038 4715 1196 4776 observata
1218 4710 1302 4776 estd
1325 4713 1410 4787 locis,
1468 4743 1470 4746 ·

79 4842 251 4920 Tubiogac,
275 4838 405 4914 Romae,
430 4838 526 4901 Lincii
556 4856 702 4905 consensu
731 4839 861 4919 egregio.
906 4838 1036 4919 Eclipsis
1064 4855 1140 4900 auno
1166 4834 1258 4901 1619.
1283 4797 1411 4942 ῗ-ἓ-ἕ-ῙἨ

80 4968 245 5057 observata
268 4970 316 5025 est
337 4949 493 5048 Tubingae'
516 4970 548 5029 et
569 4961 665 5029 Lincii
698 4980 843 5035 consensu
874 4964 981 5030 iterum
1011 4963 1141 5050 optimo,
1173 4934 1245 5024 nibil
1273 4926 1410 5069 euimhtt·

159 5068 247 5119 rouen
260 5068 335 5120 opus
348 5070 385 5116 ru.
1141 5108 1144 5115 ,
1170 5065 1205 5122 u
