3517 5525
285 405 349 476 402
524 365 529 376 Ι
764 409 804 460 Ιιο
822 407 931 464 Motibus
949 408 1041 462 &ellae
1059 409 1147 463 Martis

370 589 546 651 Prolotum
573 588 656 650 euim
684 594 728 649 εει
756 607 856 671 aupra
888 609 957 687 cap.
985 589 1054 654 XL
1062 589 1158 664 VIII,
1190 587 1361 673 loupiorem
1392 611 1457 654 εεεε
1489 591 1660 655 eircum-

281 680 418 755 fereotia
441 699 496 751 eu,
536 677 624 762 eujus
660 677 812 740 diameter
834 687 879 740 εει
908 668 1046 741 medium
1075 679 1315 762 proportionale
1342 683 1426 744 iuter
1457 681 1628 744 diametros

283 766 435 850 ellipeeoe‚
459 775 494 828 ut
516 765 606 847 cuiue
627 763 740 828 circuli
762 786 839 827 areu
857 765 970 846 (Arete
988 766 1121 849 specu.
1146 763 1240 847 VII.)
1265 777 1379 850 aequat
1401 789 1512 834 aream
1533 767 1625 854 ellip-

281 877 360 918 eeoe.
414 853 479 917 Sed
510 862 539 916 et
568 855 707 923 rudium
743 857 974 919 arithmeticum
1003 866 1048 919 εει
1083 855 1208 938 loupim
1248 859 1351 925 medio
1382 857 1625 944 proportionali.

282 944 437 1008 Proaime
459 964 531 1024 erpo
554 941 704 1023 aequalia
725 951 798 1006 aaut
819 947 892 1010 ieta

370 1033 425 1093 VI.
472 1032 694 1104 Quadratorum
708 1041 831 1113 propert
818 1034 970 1096 tionaliter
985 1033 1147 1096 divisorum
1171 1053 1335 1114 gnomones
1359 1042 1429 1098 sunt
1444 1036 1483 1098 ad
1498 1037 1626 1098 imicem

281 1130 315 1184 ut
337 1122 493 1203 quadrata.

371 1210 446 1274 Sint
472 1211 535 1274 duo
563 1209 723 1289 quadrata
745 1211 798 1272 PL
820 1218 849 1273 ει
872 1209 936 1272 ΒΗ.
981 1211 1108 1273 Horum
1135 1211 1238 1274 urere
1261 1211 1325 1285 KL,
1350 1213 1407 1274 ΒΗ
1433 1212 1538 1277 ειεέἰεε
1564 1215 1629 1276 aiut

277 1297 562 1384 proportionaliter
592 1300 628 1362 iu
655 1303 783 1382 puuete'e
804 1300 847 1372 M,
871 1300 908 1360 B.
955 1298 1143 1364 Scribuntur
1171 1319 1342 1381 promouere
1370 1299 1459 1371 KOQ
1482 1310 1511 1364 et
1534 1301 1626 1365 ORE.

281 1389 369 1471 Erpa
393 1390 469 1471 quia
491 1388 552 1450 ML
575 1388 620 1450 ad
643 1389 701 1448 LK
726 1392 772 1452 aio
799 1395 844 1449 εει
866 1396 900 1450 ut
923 1389 978 1450 ΒΗ
1001 1390 1045 1450 ad
1067 1388 1139 1462 Hm
1168 1392 1229 1451 erit
1255 1391 1351 1453 eliam
1374 1388 1429 1451 OL
1452 1391 1496 1454 ad
1519 1391 1571 1452 LP
1592 1399 1629 1454 ut

281 1477 341 1540 RH
364 1480 408 1540 ad
428 1476 491 1538 HS.
538 1476 605 1538 Sed
623 1497 791 1558 puerumea
819 1486 892 1541 auat
920 1479 1148 1560 quadratorum
1175 1479 1380 1560 differentiae.
1423 1481 1512 1564 Ergo
1535 1479 1628 1543 etiam

282 1574 319 1628 ut
340 1567 393 1627 LP
415 1567 459 1630 ad
481 1587 573 1628 auum
591 1586 792 1647 puomouem,
815 1569 862 1629 eie
884 1567 937 1630 HS
961 1568 1004 1630 ael
1027 1587 1135 1630 auum:
1162 1575 1192 1630 et
1211 1571 1428 1648 permutatim,
1453 1577 1488 1646 ut
1510 1567 1562 1630 PL
1585 1568 1628 1630 od

283 1655 338 1716 HS
359 1656 407 1716 eie
426 1675 562 1738 prtomou
583 1652 674 1726 KOQ
697 1659 741 1720 od
761 1675 944 1738 puoruouem
966 1655 1058 1718 ORE.

372 1745 443 1807 VII.
490 1745 524 1806 Si
547 1764 566 1804 a
587 1745 715 1806 termino
751 1745 965 1807 semidiametri
997 1745 1143 1806 brevioris
1175 1744 1206 1806 iu
1236 1744 1475 1807 circumferentia
1512 1746 1628 1825 ellipsis

287 1841 338 1894 ext
325 1833 466 1894 tendatur
488 1833 568 1895 linea
590 1833 725 1914 aequalis
750 1834 971 1896 semidiametro
994 1833 1140 1914 longiori
1169 1834 1213 1894 sie
1242 1841 1276 1894 ut
1303 1835 1480 1896 terminetur
1510 1836 1539 1896 in
1562 1836 1629 1915 ipsa

288 1922 511 1996 semidiametro
533 1922 686 2002 longiore.
711 1942 787 2005 qnae
802 1924 882 1984 inter
903 1930 1049 2004 punctum
1066 1923 1124 1987 hoc
1147 1931 1178 1984 et
1206 1921 1284 1984 iuter
1306 1932 1438 1986 centrum
1462 1924 1628 2003 interjacet,

285 2018 389 2091 potest
411 2030 595 2096 gnomonem,
619 2029 706 2092 quem
721 2012 904 2092 quadratum
921 2011 1133 2074 semidiametri
1156 2009 1316 2090 longioris
1323 2013 1519 2092 circumponit
1532 2012 1630 2094 quad-

287 2108 354 2162 rato
379 2082 592 2162 semidiametri
614 2099 771 2164 brevIoris.

214 2255 219 2264 ,
295 2241 298 2245 .
369 2189 401 2252 Α
415 2190 566 2252 breviaria
587 2188 817 2255 aeneidiametm'
830 2188 885 2249 IIB
901 2189 1071 2251 terminoB
1091 2187 1279 2251 eateudatur
1296 2197 1382 2250 reeta
1395 2189 1462 2263 BN,
1486 2187 1630 2270 aequalia

284 2279 515 2342 eeruide'umetro
536 2277 683 2360 loupiori
713 2280 781 2341 ΑΗ.
827 2279 915 2340 Dico
938 2277 995 2340 HN
1023 2297 1118 2359 poree
1147 2296 1329 2358 puouwuem
1355 2277 1456 2352 ERG,
1489 2281 1546 2341 loe
1574 2287 1628 2352 εει,

286 2388 352 2436 εεεε
364 2367 503 2429 medium
519 2366 757 2448 proportionale
779 2367 860 2428 iuter
875 2367 928 2428 ΕΒ
944 2373 973 2428 ει
985 2367 1150 2430 residuum
1172 2367 1321 2428 diametri
1336 2366 1457 2428 circuli.
1482 2367 1628 2430 Deruen-

284 2463 418 2518 strotum
439 2463 485 2517 εει
514 2476 615 2536 supra
637 2475 705 2538 cop.
731 2457 865 2520 XLVI.
914 2453 980 2516 Sed
1001 2455 1053 2517 laio
1075 2453 1213 2536 faciliore
1235 2461 1264 2516 ει
1293 2457 1472 2536 repeditiue
1498 2457 1628 2518 demea

284 2550 404 2606 stratur
425 2544 462 2608 iu
478 2564 563 2627 puro
586 2564 670 2607 earu.
720 2545 864 2608 aurun
890 2545 973 2605 euim
995 2551 1040 2605 εει
1067 2544 1246 2624 demereno
1273 2545 1500 2626 quadratorum
1522 2546 1579 2606 BH
1601 2553 1630 2606 ει

284 2634 341 2696 ΗΕ
363 2631 411 2694 uel
432 2632 501 2705 HA,
525 2653 583 2714 per
610 2633 666 2697 VI.
690 2635 810 2696 torum.
858 2632 977 2697 Sedet
1000 2634 1142 2714 potentia
1169 2633 1350 2714 ipeiue.HN
1379 2643 1424 2696 εει
1451 2633 1629 2716 differentia

284 2721 513 2803 quadratorum
542 2723 599 2783 BH
628 2730 658 2785 et
689 2723 763 2797 BN,
800 2722 857 2784 Iroc
887 2729 931 2785 εει
962 2720 1018 2783 ΗΕ
1050 2723 1113 2785 eive
1141 2721 1201 2783 AH
1233 2719 1341 2803 (leuel.
1365 2723 1394 2798 I,
1419 2716 1494 2801 46).
1519 2722 1628 2805 'Erpa

284 2810 432 2891 aequale
449 2818 494 2872 εει
517 2812 710 2891 quadratum
731 2813 789 2874 HN
811 2812 959 2893 poemeni
979 2810 1073 2876 ERG.
1122 2811 1216 2889 Quod
1244 2819 1313 2874 erat
1342 2810 1627 2877 demonstrandum.

373 2898 461 2961 VIII.
515 2901 549 2963 Si
581 2901 710 2963 circulus
741 2900 892 2962 dividatur
923 2899 953 2960 in
986 2908 1171 2980 quotcunque
1202 2918 1254 2963 seu
1286 2900 1417 2963 infinitas
1448 2907 1565 2982 partes,
1598 2910 1628 2962 et

287 2996 399 3069 puncta
421 2988 600 3051 divisionum
624 2996 837 3051 connectantur
859 3007 925 3049 cum
948 2996 1057 3067 puncto
1091 2989 1189 3069 aliquo
1226 2996 1346 3070 praeter
1369 2996 1518 3061 centrum,
1550 2991 1630 3051 intra

288 3077 475 3157 complexum
498 3077 613 3152 circuli,
646 3086 860 3140 connectantur
889 3078 960 3140 item
984 3096 1050 3138 oum
1073 3085 1189 3139 centro:
1223 3097 1338 3139 summa
1360 3096 1471 3153 earum,
1494 3092 1570 3160 quae
1593 3098 1631 3140 ex

290 3175 403 3237 centro,
426 3165 524 3228 minor
546 3166 605 3229 erit
628 3186 743 3229 summa
765 3186 877 3239 earum,
902 3186 976 3247 quae
1000 3185 1038 3232 ea
1060 3165 1119 3227 alio
1142 3174 1261 3245 puncto.

340 3256 419 3316 Et
431 3254 520 3316 binae
544 3256 651 3330 lineae,
674 3256 829 3337 proximae
852 3256 950 3315 lineae
967 3256 1113 3335 apsidum,
1137 3256 1243 3317 ductae
1259 3255 1290 3316 in
1310 3255 1449 3335 opposita
1469 3263 1630 3335 expuncto

287 3344 470 3417 eccentrico,
502 3345 636 3448 proxime
661 3352 748 3407 erunt
774 3345 916 3425 aequales
939 3343 1054 3405 duabus
1086 3363 1123 3405 ex
1151 3352 1252 3405 centro
1283 3344 1314 3405 in
1346 3334 1485 3425 opposita
1512 3345 1629 3419 ductis;

289 3434 376 3495 binae
396 3451 477 3494 vero
510 3435 539 3494 in
571 3434 647 3496 locis
677 3433 863 3500 intermediis
895 3433 988 3495 multo
1019 3432 1148 3511 majores
1171 3440 1257 3494 eruut
1288 3434 1336 3508 iis,
1369 3451 1444 3554 quae
1468 3453 1504 3495 ex
1527 3442 1629 3495 centro

288 3522 451 3584 educuntur
475 3523 589 3583 eodem.

372 3612 635 3674 Demomtratum
658 3620 703 3674 εει
716 3630 785 3693 qap.
802 3609 880 3671 XL.
917 3609 1031 3689 Itaque
1053 3627 1196 3671 eaoeeeua
1217 3612 1277 3673 iate
1293 3632 1356 3673 nou
1377 3586 1490 3673 ere'aoit
1510 3630 1629 3715 aequa-

283 3698 355 3763 liter
389 3720 460 3763 oum
488 3720 616 3763 uumero
639 3700 810 3766 linearum.
838 3698 937 3761 multo
968 3700 1074 3761 mium
1105 3718 1175 3761 curu
1202 3700 1338 3761 maulam
1390 3702 1517 3763 Horum
1547 3701 1631 3761 euim

285 3790 521 3871 differentiae
506 3810 543 3851 m
565 3790 632 3871 sine
662 3796 865 3861 εειεεεεεειιειι,Ι
893 3806 1074 3851 euoereuum
1101 3804 1170 3849 uero
1198 3788 1355 3851 dictorum
1382 3789 1609 3871 differentiae
1596 3809 1631 3850 m

278 3880 346 3961 flue
367 3886 440 3941 aaut
460 3881 629 3941 maaimoe.
660 3880 723 3943 alo
745 3900 815 3941 cum
837 3898 915 3941 area
938 3874 1051 3940 circuli
1072 3876 1161 3937 ΚΝΑ
1183 3884 1303 3939 crereot
1328 3874 1518 3961 aequaliter,
1536 3886 1630 3959 parte

288 3966 416 4048 quidem
437 3967 528 4030 ΚΒΑ
546 3988 621 4031 eum
642 3988 771 4029 uumero
798 3966 969 4039 limarum,
1000 3984 1040 4027 eu
1062 3967 1304 4039 corulruetioue,
1330 3974 1425 4049 parte
1447 3984 1519 4029 uero
1540 3966 1630 4027 KNH

288 4076 360 4118 cum
380 4056 511 4119 eiuulm
546 4074 691 4131 menum,
728 4056 773 4117 ad
799 4076 876 4136 quoe
901 4063 972 4118 mot
1008 4051 1126 4128 lineae,
1150 4054 1184 4115 iu
1206 4052 1265 4115 HN
1301 4054 1537 4137 multiplicatio,
1573 4074 1631 4135 per

287 4163 356 4225 cap.
370 4139 462 4206 XL:
486 4164 563 4207 orec
584 4146 684 4227 ipiuer
705 4144 818 4209 memoli
830 4165 894 4208 uon
912 4150 957 4207 εει
978 4150 1055 4225 apta
1077 4142 1121 4206 aa
1141 4163 1323 4215 neumarum
1343 4162 1483 4209 mmmae
1505 4142 1630 4207 dietae

288 4233 409 4296 tiorum
430 4246 507 4296 cuae
529 4236 810 4317 circumferentiae

375 4320 431 4381 IX.
478 4322 512 4385 Si
535 4332 636 4386 autem
657 4341 711 4403 pro
735 4324 822 4385 lineis
850 4327 1018 4405 expuncto
1050 4321 1214 4397 eormrtrico
1239 4327 1392 4383 sumantur
1421 4320 1518 4383 lineae
1548 4320 1629 4398 illae,
1647 4371 1650 4380 .

291 4429 367 4491 quae
397 4410 635 4475 determinantur
664 4434 683 4473 a
712 4410 1006 4493 perpendicularibus
1038 4429 1076 4473 ex
1105 4411 1158 4471 illo
1186 4418 1294 4491 puncto
1331 4410 1362 4471 in
1388 4428 1441 4471 cas
1472 4430 1547 4491 quae
1576 4429 1630 4491 per

289 4506 423 4561 centrum
457 4509 527 4561 eunt
549 4502 704 4578 demissis;
735 4502 793 4565 hoe
823 4509 885 4573 est,
922 4498 947 4560 si
980 4506 1134 4561 sumantur
1162 4498 1283 4561 distant'
1262 4508 1323 4561 trae
1352 4498 1544 4563 diametralen
1575 4518 1629 4581 pro

288 4588 625 4666 circumferentialibns‚
657 4600 692 4653 ιιι
721 4609 786 4669 cap.
819 4588 971 4651 XXXIX.
1005 4595 1036 4648 et
1066 4588 1164 4650 LVII.
1199 4588 1406 4651 denonuaue
1438 4596 1525 4651 sunt:
1558 4596 1629 4653 tunc

289 4697 406 4740 summa
429 4686 538 4757 aequat
560 4699 704 4741 summam
729 4698 838 4753 earum,
863 4696 938 4759 quae
962 4697 1000 4738 ex
1022 4684 1124 4739 centro
1147 4678 1302 4739 ducuntur.
1341 4687 1348 4703 ¹

379 4765 532 4848 Elipalur
548 4770 632 4832 euim
646 4770 848 4851 quodcunque
864 4776 1016 4850 puuctum
1035 4768 1304 4852 circumferentiae
1318 4764 1439 4841 mente,
1462 4766 1545 4846 quod
1563 4767 1631 4849 iam

286 4859 328 4920 eit
347 4856 391 4931 K,
415 4864 445 4919 et
468 4876 507 4918 eu
524 4857 553 4917 K
572 4859 674 4941 perH
695 4864 782 4919 rectu
804 4858 942 4921 dueatur
963 4857 998 4918 iu
1015 4863 1139 4937 partem
1162 4856 1432 4936 circumfereruiae
1454 4856 1629 4937 oppositam

289 4948 315 5031 I,
339 4966 380 5018 ea
401 4946 429 5007 N
451 4965 522 5019 uero
546 4948 641 5021 rodat
662 4941 1071 5036 medietatatem,
1100 4948 1181 5031 quoe
1203 4946 1245 5010 ειι
1266 4946 1330 5009 ΝΤ.
1379 4944 1468 5009 que
1490 4944 1559 5021 KH,
1585 4946 1629 5010 HI
