3517 5525
729 455 769 510 n·
788 458 868 510 nsua
1081 462 1093 486 ⁸
1407 443 1472 518 587

131 627 221 694 GAD
245 599 418 697 diminutum
442 632 488 710 iri,
505 594 691 714 {aimoinus
720 633 956 699 accelerationes
979 633 1011 697 iu
1033 639 1100 696 toto
1128 633 1180 696 illu
1208 600 1335 696 semisse
1358 631 1474 696 mensis

131 715 316 800 (inchomdo
340 742 358 781 a
380 721 527 802 quadris),
551 723 579 786 in
604 743 660 804 quo
683 725 829 804 reperitur
858 740 1023 806 apogaeum
1047 723 1165 797 Lunae,
1191 723 1253 784 lore
1276 723 1417 796 minores,
1441 720 1472 782 id

5 862 8 871 Α
130 811 209 890 qnod
233 828 324 889 supra
345 811 374 874 in
397 811 549 874 schemate
573 810 621 878 16.
646 813 801 893 praestitit
824 815 910 878 nobis
932 820 1073 896 punctum
1097 812 1122 877 Ο
1146 812 1304 893 aequantia
1328 807 1471 874 menstrui

130 898 254 978 ejusque
278 900 484 964 eccentricitas
508 901 572 964 ΔΟ.
1381 985 1388 1001 ι

203 987 260 1049 ‚Et
283 988 356 1052 haec
379 998 465 1065 sunt,
496 1011 571 1070 quae
595 991 633 1052 ad
656 990 711 1052 hoc
744 1009 836 1072 usque
860 1000 980 1070 tempus
1003 988 1033 1050 in
1057 991 1152 1053 lucem
1176 1007 1278 1050 eruere
1306 995 1408 1066 potul:
1438 994 1473 1047 at

129 1075 160 1138 in
185 1077 353 1156 quantitate
377 1077 529 1160 utriusque
552 1080 594 1142 rei
619 1079 807 1142 concilianda
835 1081 997 1144 etiamnum
1026 1079 1148 1141 haereo.
1184 1079 1272 1141 Nam
1296 1077 1321 1138 si
1345 1084 1473 1156 utraque

129 1165 270 1246 aequatio
295 1177 341 1229 est
364 1166 402 1229 ab
426 1169 529 1232 eodem
553 1171 648 1243 fonte,
682 1170 855 1248 prosnensis
879 1169 997 1249 quidem
1019 1168 1187 1230 Ptolemaei
1219 1167 1356 1228 ellectum
1380 1165 1475 1267 hahet

113 1255 290 1318 'maximum
313 1257 445 1336 (quando
476 1277 642 1340 apogaeum
666 1257 769 1321 Lunae
792 1268 840 1321 est
868 1259 897 1320 in
921 1255 1050 1338 copulis,
1080 1257 1166 1321 Luna
1189 1257 1257 1337 ipsa
1280 1255 1309 1316 iu
1333 1254 1471 1336 quadrus)

129 1341 171 1405 2ο
185 1340 248 1417 30’,
273 1363 309 1405 ex
332 1345 387 1406 hac
410 1365 481 1408 vero
504 1347 672 1428 quantitate
697 1348 835 1410 nascitur
850 1350 911 1430 jam
934 1349 1035 1429 aliqua
1057 1347 1147 1410 etiam
1170 1342 1350 1407 variationis
1374 1361 1471 1424 quan-

130 1432 210 1494 titas
230 1427 419 1507 necessaria,
452 1437 504 1498 sed
528 1457 605 1518 quae
637 1437 785 1500 nonnullis
817 1437 964 1520 scrupulis
994 1439 1066 1510 (non
1100 1444 1198 1498 tamen
1231 1434 1321 1495 valde
1352 1433 1473 1504 multis)

1 1566 5 1575 ι
128 1521 227 1584 distat
249 1529 312 1605 tam
335 1544 353 1584 a
374 1525 504 1588 maxima
531 1527 698 1588 variatione
721 1526 909 1608 Tychonica‚
941 1531 1027 1608 quam
1052 1526 1090 1587 ab
1114 1545 1151 1586 ea
1173 1523 1357 1605 quantitate,
1382 1541 1472 1604 quam

0 1667 8 1684 ,
128 1629 214 1672 meus
238 1609 330 1674 efficit
352 1611 484 1676 calculus
508 1622 539 1676 et
561 1615 708 1677 assumtio
731 1613 1010 1696 appendicis.illius
1041 1608 1120 1678 132υ
1145 1611 1198 1678 45⁴
1224 1612 1261 1673 ad
1287 1609 1327 1674 12
1350 1611 1471 1675 revoln-
1576 1686 1580 1695 Ι

129 1699 231 1761 tiones
254 1698 282 1761 in
300 1719 356 1762 nno
374 1722 461 1766 annu.
499 1701 600 1774 Quare
620 1703 762 1766 vitandae
786 1704 996 1786 perplexitatis
1016 1721 1108 1766 causa
1123 1702 1224 1766 finiam
1242 1700 1290 1763 hic
1305 1701 1472 1768 discursum

128 1805 221 1868 super
243 1807 338 1852 causa
360 1791 512 1874 utriusque
541 1793 684 1877 physica,
717 1803 748 1854 ει
769 1811 816 1856 me
840 1801 1012 1856 convertam
1035 1793 1074 1854 ad
1097 1789 1382 1854 demonstrationem
1404 1790 1473 1892 cal-

2 1949 5 1953 ,
127 1877 197 1952 culi,
222 1896 299 1959 quae
322 1879 413 1942 habet
436 1881 551 1962 aliquot
569 1882 703 1962 jucunda
726 1881 915 1946 theoremata
934 1891 965 1946 et
980 1883 1118 1947 ellectum
1139 1880 1334 1961 inopinatum.
1371 1877 1473 1940 Drmi-

2 2032 5 2046 ,
126 1966 251 2030 untione
284 1967 362 2030 enim
394 1969 473 2032 lucta
505 1972 541 2032 de
571 1971 714 2051 gradibus
747 1970 874 2052 singulis
906 1973 1070 2035 distantiae
1093 1972 1197 2033 Lunae
1225 1967 1339 2031 a'Sole
1371 1967 1472 2040 ve10⁰
1563 2013 1571 2020 -

3 2119 6 2126 ,
126 2055 220 2128 Solis,
244 2057 376 2120 vicissim
400 2059 436 2120 iis
451 2077 623 2122 accrescere
640 2060 706 2122 dicu
728 2061 958 2124 accelerationis
981 2059 1189 2142 proportiones
1212 2077 1265 2122 sou
1289 2057 1474 2120 incrementa

0 2215 10 2223 Μ
126 2145 335 2208 decrescentia
357 2147 386 2210 iu
410 2167 448 2210 ea
473 2150 682 2228 proportione,
715 2169 803 2229 quam
831 2157 954 2212 servant
984 2149 1132 2231 quadrata
1160 2148 1275 2210 sinuum
1308 2145 1473 2208 distantiae

126 2233 232 2295 Lunae
256 2256 274 2295 a
297 2235 437 2316 quadris:
472 2236 549 2300 sicut
580 2238 657 2300 enim
693 2238 921 2304 acceleratiuuis
945 2239 1030 2320 vigor
1054 2245 1101 2300 est
1123 2237 1152 2300 in
1177 2235 1293 2316 copulis
1315 2235 1487 2308 mutual
1531 2229 1536 2238 ’

4 2389 6 2404 ν
127 2321 173 2384 sic
198 2323 290 2384 etiaim
313 2324 395 2386 sinus
418 2324 581 2388 distantiae
605 2328 731 2406 copulae
746 2328 904 2416 aquadra,
927 2329 958 2390 id
972 2337 1022 2392 est
1044 2326 1231 2408 quadrantis,
1254 2331 1303 2387 εει
1325 2324 1474 2386 maximus

126 2420 159 2472 et
183 2417 275 2474 totns.
321 2412 414 2476 Porro
439 2414 516 2494 quod
547 2415 595 2477 hic
629 2416 695 2476 dico
723 2415 802 2478 idem
826 2424 885 2478 εει·
903 2434 969 2480 cum
993 2438 1029 2480 eo
1051 2417 1130 2498 quod
1158 2412 1348 2496 supradixi,
1376 2413 1473 2474 sinum

125 2499 253 2581 primum
277 2500 438 2564 distantiae
453 2504 591 2566 Lnnaea
610 2505 725 2588 copulis
740 2513 773 2567 et
789 2505 974 2568 incrementa
995 2505 1182 2589 sequentium
1203 2501 1303 2566 omnia
1325 2503 1474 2584 quadrata

126 2607 195 2650 esse
225 2589 333 2652 debere
366 2611 521 2654 mensuras
554 2593 802 2656 incrementomm
836 2596 1065 2669 acceleratiouis
1096 2591 1344 2658 decrescentium.
1393 2591 1474 2655 Nam

0 2658 6 2681 ¹
127 2677 224 2740 diviso
248 2680 412 2760 quadrante
435 2683 464 2744 in
488 2691 592 2763 partes
615 2683 757 2766 aequales
781 2684 941 2763 minimas,¹
955 2694 989 2750 ιιι
1010 2685 1058 2748 hic
1081 2685 1247 2769 quadrante
1264 2679 1333 2758 GN,
1358 2697 1475 2744 sunrms

6 2766 9 2767 ⁷
80 2776 89 2791 ⁰
126 2768 244 2830 sinuum
267 2770 305 2831 ad
329 2770 491 2835 divisiones
515 2774 656 2855 aequales
684 2773 817 2853 proxime
842 2783 893 2839 εει

126 2855 155 2918 in
172 2857 361 2937 proportione
380 2861 510 2941 sagittae
534 2863 676 2944 cujusque
697 2876 784 2925 arcus
807 2865 890 2927 sinus

8 2969 12 2979 ·
126 2946 196 3009 illos
221 2948 417 3011 continentis:
441 2950 519 3013 siout
541 2952 619 3013 enim
637 2971 755 3015 summa
770 2953 887 3017 sinuum

127 3054 166 3097 ex
189 3034 232 3107 Η,
256 3037 285 3111 I,
309 3036 338 3098 K
365 3039 405 3100 ad
433 3038 577 3119 sagittam
603 3038 675 3115 GD,
705 3042 748 3103 sic
772 3050 889 3125 summa

128 3124 248 3187 sinuum
271 3142 307 3186 ex
330 3128 369 3201 Η,
384 3123 407 3201 Ι,
423 3127 461 3201 Κ,
478 3128 514 3204 L,
528 3130 562 3191 Μ
587 3130 625 3189 ad
649 3130 794 3209 sagittam
818 3128 886 3193 ΟΒ.

127 3213 227 3293 Hujus
249 3232 342 3293 prope
360 3217 423 3277 veri
445 3216 642 3280 theorematis
666 3219 891 3283 fundamentum

3 3383 6 3389 Ι
127 3309 176 3364 εει
197 3302 270 3365 illud
288 3304 383 3384 Pappi
407 3305 561 3370 theorema
584 3307 760 3388 simpliciter
778 3328 890 3385 verum,

127 3391 222 3470 qnod·
237 3402 392 3471 segmenta
424 3395 588 3475 superficiei
622 3398 796 3477 sphaericae
828 3399 892 3460 sint

60 3502 65 3508 ·
127 3481 157 3542 in
182 3480 372 3561 proportione
396 3502 514 3547 snamm
544 3486 609 3547 axis
640 3486 810 3568 portionum
837 3507 891 3551 seu

126 3568 309 3649 sagittarum
334 3569 401 3647 GD,
427 3572 483 3636 ΟΒ
507 3574 560 3640 uc.
603 3575 709 3637 Posito
740 3576 833 3655 igitur
861 3580 891 3642 N

19 3682 24 3689 ·
127 3658 196 3721 loco
220 3657 323 3720 Lunae
354 3660 382 3721 in
406 3662 535 3741 copulis,
562 3662 590 3726 G
615 3665 679 3727 luco
704 3666 837 3745 ejusdem
861 3668 893 3729 in
969 3724 973 3733 .

1 3764 13 3823 j
126 3747 262 3829 quadris,
277 3748 304 3809 si
313 3748 451 3829 colligam
466 3754 618 3831 portiones
631 3754 893 3831 incrementomm

126 3830 363 3899 accelerationes
383 3840 628 3918 decrescentium,
647 3853 805 3908 servantes
821 3863 893 3924 pro-

126 3924 296 4006 portionem
320 3929 531 4009 quadratorum
555 3932 590 3993 de
614 3933 687 4007 NA,
708 3932 768 3995 ΜΒ
794 3935 857 4011 tac,
881 3952 997 3996 summa
1020 3943 1148 4007 omnium
1172 3945 1265 4008 totius
1294 3947 1472 4026 quadrantis
1571 3964 1574 3976 ¹

10 4090 14 4098 ¹
128 4015 235 4079 eadem
250 4017 316 4093 erit,
340 4036 415 4098 quae
434 4019 596 4099 colligitur,
621 4020 646 4083 si
661 4021 829 4102 incipiendo
845 4025 884 4083 ah
900 4024 1003 4085 eadem
1026 4032 1164 4109 portione
1185 4033 1282 4115 prima
1304 4054 1473 4117 comparem

2 4107 13 4149 ι·
127 4105 212 4167 illam
236 4108 381 4186 quadrato
405 4106 498 4187 ipsius
522 4109 593 4185 AB,
625 4110 707 4192 sinus
731 4130 818 4174 arcus
841 4112 920 4180 ΝΜ,
945 4111 1050 4180 deinde
1079 4122 1210 4202 reliquas
1236 4123 1392 4205 portiones
1414 4128 1471 4189 ad·

128 4194 238 4257 metiar
260 4194 289 4255 in
313 4197 504 4275 proportione
527 4197 591 4274 ΒΟ,
615 4197 670 4262 ΟΒ
695 4200 748 4263 lac.
779 4202 1003 4284 quadratomm.
1050 4208 1125 4273 Cum
1156 4220 1257 4275 autem
1289 4214 1378 4284 detur
1399 4217 1473 4281 mihi

128 4298 246 4345 summa
268 4284 391 4349 effectus
415 4286 508 4348 totius
531 4288 759 4352 accelerationis
782 4310 836 4371 per
858 4300 957 4353 totum
980 4296 1193 4373 quadrantem,
1217 4310 1251 4365 ut
1273 4323 1310 4365 ea
1333 4302 1471 4369 distribui

75 4434 80 4449 ,
128 4371 188 4434 rito
211 4373 322 4452 possit,
355 4392 429 4455 opus
459 4374 530 4437 mihi
554 4386 602 4439 εει
624 4398 739 4441 summa
772 4380 984 4461 quadratorum
1007 4385 1056 4447 vel
1077 4386 1147 4464 NA,
1171 4389 1231 4453 ΜΒ
1253 4392 1307 4455 lac.
1332 4394 1381 4457 vel
1403 4396 1470 4470 AB,

127 4458 183 4525 ΒΟ
206 4462 260 4523 lac.
286 4470 318 4524 et
340 4460 368 4523 iu
391 4464 481 4544 priori
514 4466 633 4546 quidem
655 4486 723 4529 mea
754 4468 864 4531 vitiosa
893 4470 989 4533 forma
1021 4475 1144 4550 calculi,
1176 4480 1293 4558 quando
1317 4484 1388 4545 mihi
1410 4503 1470 4547 nou

0 4575 6 4588 f
129 4549 187 4612 luit
210 4568 284 4629 opus
308 4552 461 4629 quadratis
492 4554 623 4637 ipsorum
645 4556 713 4632 AB,
726 4555 804 4633 BC,
830 4558 884 4621 sed
907 4559 982 4637 ipsis
1004 4563 1072 4639 AB,
1094 4563 1158 4635 ΒΟ,
1189 4587 1246 4630 non
1270 4571 1358 4632 valde
1381 4572 1469 4634 laho-

128 4638 256 4701 randum
279 4639 336 4701 luit
359 4641 396 4702 de
420 4660 535 4705 summa
558 4644 686 4709 omnium
710 4647 776 4720 AB,
795 4645 864 4710 ΒΟ.
911 4648 989 4711 Nam
1013 4652 1096 4716 sinus
1118 4653 1182 4735 ipse
1204 4664 1287 4720 totus
1309 4657 1372 4722 AG
1394 4681 1469 4724 cou-

1 4728 12 4766 'i
129 4728 247 4791 tinebat
278 4736 380 4808 partes
410 4750 481 4795 suas
513 4752 624 4795 omues.
669 4736 775 4816 Itaque
806 4755 952 4799 summam
983 4743 1228 4820 accelerationis,
1262 4748 1393 4811 debitam
1419 4752 1470 4813 oni

127 4815 190 4881 NG
215 4818 381 4897 quadranti,
405 4824 610 4885 tantummodo
626 4824 796 4907 comparavi
817 4824 897 4889 sinui
916 4829 972 4891 toti
986 4829 1057 4904 AG,
1082 4852 1224 4898 summam
1244 4854 1315 4898 vero
1337 4837 1469 4902 debitam

6 4909 11 4950 ³
129 4905 212 4969 arcui
226 4906 272 4969 Nl
294 4908 486 4991 aequiparavi
510 4912 576 4991 ejus
599 4912 677 4976 sinui
690 4912 757 4975 ΑΕ.
784 4914 840 4981 ,Αι
862 4916 932 4997 quia
950 4920 1015 4998 jam
1037 4920 1123 4985 uobis
1145 4942 1220 5002 opus
1243 4933 1291 4987 eat
1312 4928 1468 5007 quadratis

129 4995 261 5083 ipsomm
284 4996 350 5074 ΑΒ,
375 4996 429 5067 ΒΟ
453 5001 518 5078 ιιι,
541 5002 614 5071 nihil
638 5002 723 5069 uobis
746 5003 870 5084 prodest
892 5006 1070 5098 totiusAG
1092 5013 1280 5096 quadratum,
1303 5014 1468 5099 quiaillud
1557 5010 1561 5016 ’
