3517 5525
1434 252 1453 291 *l
1583 247 1588 266 1

1473 306 1574 369 'tra

346 406 367 483 A
777 408 807 465 In
827 408 1010 465 commentarla
1027 410 1059 465 de
1077 419 1146 464 motu
1163 410 1252 465 Martis

345 594 512 671 erroribus,
536 600 568 657 at
590 612 667 656 uuus
697 592 759 655 fere
780 600 845 655 tum
872 592 1018 674 temporis
1041 592 1228 673 agnoscebat
1256 591 1339 656 illius
1367 591 1549 676 hypothesin
1556 610 1566 668 3
1594 588 1704 675 'l'ycho

345 687 410 766 ipse
439 691 556 746 tantum
588 681 703 756 abluit,
735 686 769 743 ut
797 681 944 743 transiret
969 681 1000 743 in
1028 689 1131 745 castra
1160 680 1337 763 Copemici,
1367 690 1400 745 ut
1427 701 1504 744 nova
1533 682 1706 744 constituta

344 773 506 857 hypothesi
538 792 601 833 1111
633 770 864 851 implicatiorem
895 770 1079 847 reddiderit;
1110 771 1296 835 Maestliuus
1319 778 1350 833 et
1382 771 1435 833 alii
1456 772 1601 853 plerique,
1633 789 1708 833 cum

345 864 453 945 quihus
474 881 529 943 per
551 861 657 923 literas
680 858 743 940 egit
764 860 916 941 Keplerus
939 867 993 922 aut
1014 860 1064 941 qni
1086 860 1199 943 publici
1217 860 1296 941 juris
1319 862 1455 924 fecerunt
1481 880 1574 942 opera
1596 868 1707 923 astro-

344 952 475 1027 nomica,
505 949 599 1013 variis
621 950 696 1012 moti
725 949 826 1011 causis
855 950 1039 1011 verebantur
1069 950 1159 1030 plane
1192 957 1224 1012 et
1252 950 1339 1031 plene
1374 950 1503 1013 transire
1534 950 1565 1011 iu
1595 957 1707 1030 partes

349 1040 516 1123 Copemici.
564 1038 666 1111 Quare
689 1057 748 1101 uon
772 1045 888 1101 tantum
912 1036 1083 1119 abjicienda
1105 1047 1138 1101 et
1160 1038 1339 1121 corrigenda
1362 1046 1457 1114 eraut,
1482 1058 1557 1121 quae
1581 1039 1612 1100 iu
1637 1038 1707 1103 Co-

344 1131 467 1211 pemioo
490 1128 571 1193 falsa
593 1128 870 1208 cognoscebantur,
896 1127 1073 1195 sedetiam
1102 1127 1270 1191 Ptolemaei
1298 1129 1429 1210 placita,
1463 1127 1640 1209 aequalibus
1664 1146 1707 1189 ex

345 1227 431 1303 parte
455 1217 683 1298 acceptissima,
713 1225 796 1279 certe
826 1216 1082 1292 familiarissima,
1107 1218 1278 1280 evertenda
1324 1218 1455 1280 Theorin
1483 1216 1648 1299 epicyolica
1672 1222 1710 1279 et

346 1307 515 1371 eocentrica
536 1306 739 1389 impugnanda
762 1313 838 1382 1111,
861 1305 975 1369 bellum
996 1306 1234 1379 denunciandum
1258 1307 1394 1369 omnihus
1417 1307 1480 1369 fere
1503 1308 1533 1368 in
1558 1312 1707 1369 astrono-

345 1398 406 1460 mia
429 1396 511 1461 tritis
530 1404 562 1457 et
577 1394 723 1458 stabilitis
742 1394 940 1477 opinionibus.
979 1395 1079 1467 Quam
1093 1414 1225 1476 pugnam
1241 1395 1309 1458 iniit
1323 1396 1474 1477 Keplems
1496 1395 1706 1476 imperterrito

347 1487 445 1550 auimo
469 1484 564 1557 solus,
587 1504 646 1547 nou
666 1484 788 1564 adjutus
811 1484 903 1547 immo
925 1485 1087 1567 impeditus
1110 1484 1285 1562 chemicis,
1309 1494 1340 1547 et
1355 1486 1431 1547 vicit
1452 1503 1561 1548 novam
1583 1483 1706 1547 cousti-

344 1584 432 1639 tuens
456 1573 687 1645 astronomiam,
710 1592 787 1654 quae
811 1581 845 1636 ut
872 1573 1004 1637 diximus
1025 1573 1105 1636 ratio
1128 1582 1160 1637 et
1186 1594 1292 1636 norma
1313 1582 1363 1636 est
1389 1573 1571 1637 astronomis
1593 1581 1705 1655 postc-

347 1665 460 1728 riorum
483 1662 662 1725 seculorum.

437 1752 524 1825 Quae
554 1752 585 1813 in
617 1749 800 1814 contrariam
829 1756 947 1829 partem
980 1750 1147 1815 attulerunt
1182 1750 1384 1813 astronomiae
1413 1750 1524 1831 prioris
1554 1751 1707 1825 asseclae,

328 1852 334 1867 ’“
352 1839 588 1904 luculentissime
620 1847 805 1923 apparente
829 1837 926 1901 literis
953 1840 1114 1903 Davidis
1137 1839 1299 1903 Fabricii
1330 1840 1370 1901 ad
1392 1840 1555 1920 Keplerum
1578 1840 1706 1921 scriptis

350 1932 420 1993 dnm
456 1950 531 2011 opus
570 1948 655 1991 suum
696 1928 872 2003 excolebat,
914 1949 989 2010 quas
1030 1928 1185 1991 desumtas
1221 1950 1237 1990 e
1267 1929 1485 2010 Maunscriptis
1526 1929 1704 2010 Petropoli-

350 2020 431 2082 tanis
463 2016 644 2099 praefationi
675 2025 800 2079 nostrae
831 2016 1047 2098 subjunximus.
1095 2018 1181 2091 Quae
1204 2018 1266 2080 alia
1293 2018 1507 2099 impedimenta
1530 2017 1708 2081 obstiterint

350 2118 510 2189 sequentes
533 2104 676 2167 exhibent
697 2104 835 2187 paginae.

437 2194 595 2275 Plerisque
615 2213 717 2257 eorum
731 2192 855 2275 Kepleri
875 2213 1007 2275 operum,
1028 2212 1104 2276 quae
1120 2194 1275 2257 continent
1295 2194 1449 2258 volumina
1465 2194 1568 2277 priora
1580 2203 1707 2257 nostrae

350 2284 501 2359 editionis,
526 2292 733 2363 argumentum
752 2301 840 2364 quarn
862 2283 1041 2345 brevissime
1056 2282 1275 2364 praemisimus.
1308 2283 1408 2356 Quam
1424 2284 1449 2346 si
1464 2285 1496 2347 iu
1512 2284 1707 2366 sequentibus

351 2373 458 2434 eadem
489 2372 582 2434 ferme
615 2373 733 2434 ratione
764 2368 822 2453 qud
857 2372 887 2434 in
918 2372 1029 2453 Optica
1065 2372 1269 2449 exhibuimus,
1307 2374 1493 2436 excusabunt
1523 2393 1595 2448 uos,
1627 2394 1706 2455 quas

351 2461 492 2535 diximus,
512 2480 621 2523 causae
637 2458 817 2537 nomnium,
837 2480 926 2543 qnam
939 2479 989 2523 res
1003 2459 1081 2543 ipsa,
1097 2480 1172 2543 quae
1193 2461 1299 2543 paucis
1313 2462 1414 2525 verbis
1430 2463 1574 2545 explicari
1590 2464 1704 2543 nequit.

354 2550 452 2623 Quam
477 2548 513 2611 ob
537 2568 600 2612 rem
624 2550 799 2625 statuimus,
824 2550 927 2612 ordine
949 2550 1113 2630 procedere
1137 2548 1364 2632 chronologico,
1389 2551 1532 2613 adhibitis
1556 2553 1603 2627 iis,
1627 2572 1706 2634 quae

356 2639 511 2701 continent
535 2640 649 2721 scripta
672 2660 690 2701 a
711 2640 843 2720 Keplero
866 2638 973 2701 relicta
994 2658 1054 2702 nou
1082 2639 1164 2722 typis
1193 2640 1342 2721 impressa
1364 2648 1396 2702 et
1416 2640 1564 2702 Hanschii
1587 2641 1706 2723 episto-

353 2728 449 2791 larum
482 2728 641 2804 collectio,
672 2736 706 2791 ut
727 2736 871 2810 qnantum
902 2728 966 2793 lieri
997 2729 1098 2811 potuit
1126 2728 1257 2809 speeiem
1281 2737 1313 2792 et
1335 2730 1462 2793 sormam
1494 2730 1706 2794 adumbremns

354 2817 530 2900 studiorum,
554 2837 629 2898 quae
649 2817 798 2900 Keplerus
822 2819 859 2880 ad
874 2819 1087 2900 perficiendum
1104 2819 1163 2880 hoc
1182 2837 1256 2898 opus
1274 2819 1424 2894 insumsit,
1448 2827 1479 2882 et
1497 2839 1603 2895 rerum,
1627 2839 1706 2902 quae

352 2905 527 2988 prodierunt
551 2925 587 2966 ex
609 2905 658 2968 his
682 2907 800 2970 studiis.

443 2995 607 3076 Keplerum
637 2996 717 3058 edito
747 3017 800 3059 suo
827 2995 1294 3079 ,Μ1111111011111311111111α
1319 3015 1397 3060 1111
1424 2994 1507 3062 1597
1537 2997 1705 3060 innotuisse

354 3083 491 3168 Tychoni
521 3083 649 3148 diximus
679 3085 750 3147 Vol.
775 3087 798 3149 Ι.
835 3105 864 3167 p.
890 3081 952 3162 43;
986 3093 1154 3161 statuerat,
1185 3094 1221 3148 nt
1251 3105 1316 3148 cnm
1347 3087 1489 3169 Tychone
1521 3088 1711 3168 conveniret,

354 3172 578 3260 wittehergam
613 3175 760 3254 proticisci
803 3175 905 3249 (initio
937 3175 1007 3238 anni
1041 3171 1157 3252 1599),
1189 3176 1243 3238 sed
1275 3195 1342 3237 oum
1365 3176 1403 3239 ab
1435 3177 1592 3238 1111111111
1618 3195 1704 3238 oom-

354 3261 495 3346 perisset,
510 3260 680 3343 Tychonem
694 3265 830 3346 proximo
850 3273 986 3344 tempore
999 3257 1130 3344 Pra'garn
1148 3265 1269 3341 iturum,
1292 3273 1408 3327 mutato
1434 3266 1560 3328 consilio
1584 3263 1705 3330 Graetii

353 3350 484 3426 restitit,
508 3349 670 3424 111111(9.
695 3355 767 3416 1111.
792 3350 912 3422 terat
944 3354 1011 3434 ipso
1041 3355 1182 3434 Tychone
1210 3371 1265 3434 per
1291 3353 1397 3416 literas
1423 3354 1568 3416 invitatus
1596 3363 1642 3416 est
1669 3365 1706 3419 nt

355 3441 452 3526 ipsum
466 3440 586 3519 Pragae
605 3441 785 3504 conveniret
823 3441 1037 3504 Libentissime
1055 3442 1124 3503 huic
1139 3442 1310 3504 invitationi
1325 3461 1437 3505 morem
1451 3463 1560 3524 gerens
1574 3445 1707 3523 Pragaur

354 3529 509 3610 profectus
533 3523 578 3599 (6.
603 3528 671 3590 Jan.
699 3527 808 3604 1609.)
838 3530 965 3610 indeque
991 3530 1173 3612 Tychonem,
1197 3530 1301 3612 quiin
1324 3532 1705 3597 areeBeuathicadomi-

357 3615 457 3678 cilium
491 3633 575 3676 suum
607 3627 766 3695 posuerat,
800 3627 921 3680 secutus
949 3624 1016 3692 est,
1048 3618 1097 3682 ubi
1125 3619 1183 3700 ipsi
1206 3618 1309 3700 Tycha
1334 3621 1454 3696 ,omnia
1482 3641 1558 3703 qnae
1590 3625 1710 3702 optavit

355 3705 433 3767 ultro
457 3701 594 3766 detulit.“
641 3703 847 3786 Deprehendit
868 3706 1040 3789 Tychonem
1063 3709 1187 3789 ejusque
1210 3709 1408 3772 domesticum
1426 3712 1705 3790 Iougomontanum

356 3795 386 3857 in
411 3793 622 3859 observatione
652 3795 847 3874 oppositionis
870 3797 982 3859 Martis
1005 3815 1072 3860 oum
1095 3797 1184 3873 Sole,
1208 3806 1240 3861 et
1261 3799 1450 3862 restituenda
1476 3801 1593 3863 theoria
1614 3801 1705 3883 hujus

357 3881 1020 3967 11111111(11110111111111111111111,
1049 3907 1227 3969 quamquam
1255 3889 1365 3970 hospes
1389 3889 1558 3971 Tychonis,
1582 3909 1705 3970 operam

358 3989 442 4034 suam
467 3971 498 4032 in
522 3971 714 4034 enucleandis
737 3971 890 4054 implicitis
910 3977 1021 4038 Martis
1043 3976 1174 4040 motibus
1196 3979 1312 4052 (,auno
1336 3974 1429 4042 1600.
1453 3999 1473 4040 a
1487 3979 1648 4042 Februario
1671 3983 1706 4046 iu

357 4062 493 4142 Majum;
521 4059 637 4141 profeci
660 4068 759 4122 antem
781 4071 912 4139 1111111,
935 4073 969 4126 11
991 4067 1121 4129 11111111
1150 4066 1397 4149 inaequalitatem
1425 4067 1616 4130 mediocriter
1636 4071 1705 4131 sal-

355 4151 506 4223 varem“).
562 4149 652 4212 Juuio
685 4148 839 4214 Graetium
869 4153 976 4231 rediit,
1008 4155 1095 4218 initio
1132 4155 1319 4237 Septembris
1349 4158 1489 4238 pactione
1523 4158 1604 4220 facta
1634 4178 1705 4224 1111

360 4240 502 4323 Tychoue
526 4237 563 4300 ad
587 4237 685 4319 ipsum
703 4239 831 4322 Pragam
854 4261 993 4307 reversus
1016 4254 1065 4309 est
1086 4241 1140 4309 30.
1156 4245 1241 4327 Sept
1261 4239 1355 4310 1000.
1393 4246 1490 4310 Paulo
1513 4255 1612 4309 autem
1631 4258 1707 4330 post

358 4347 448 4410 quarn
473 4347 580 4390 munus
604 4345 690 4390 suum
713 4330 792 4410 apud
808 4331 978 4412 Tychonem
1002 4343 1178 4416 susceperat
1200 4335 1380 4416 aegrotavit,
1403 4343 1436 4397 et
1448 4335 1524 4398 febri
1547 4345 1704 4417 correptus

354 4425 502 4500 quartana
527 4423 559 4478 11
580 4417 658 4480 tussi
680 4415 850 4497 periculosa
872 4438 976 4501 parum
998 4423 1126 4504 proiecit
1147 4423 1178 4486 in
1200 4423 1239 4486 iis
1262 4443 1339 4506 quae
1363 4425 1423 4506 ipsi
1448 4425 1552 4508 'lycho
1574 4426 1701 4489 mauda-

356 4515 457 4582 verat,
487 4505 581 4567 donec
608 4504 693 4568 coelo
716 4506 882 4572 salubriore
905 4508 1022 4573 Graetii
1045 4515 1181 4594 quaesito
1205 4513 1320 4594 (Aprili
1343 4545 1386 4556 —
1409 4513 1510 4595 Sept)
1534 4515 1703 4595 Septembri

357 4595 475 4656 demum
508 4593 577 4655 anni
616 4589 708 4658 1001.
743 4597 913 4660 convaluit
958 4601 1049 4662 Brevi
1079 4611 1151 4682 post
1181 4598 1248 4676 (24.
1283 4602 1369 4678 011)
1403 4603 1544 4686 Tychoue
1575 4613 1701 4684 mortno,

359 4682 473 4746 tradita
495 4681 554 4764 ipsi
579 4683 822 4748 observationum
846 4687 997 4770 Tychouis
1018 4691 1211 4768 collectione,
1239 4693 1412 4755 mandatum
1436 4701 1485 4754 est
1504 4693 1644 4775 Keplero‚
1666 4705 1704 4758 ut

295 4833 299 4840 ,
356 4773 515 4834 1111111111
538 4791 585 4846 11,
609 4793 684 4856 quae
703 4759 807 4858 Tycho
831 4775 1006 4857 imperfecta
1027 4780 1199 4862 reliquerat,
1218 4781 1352 4844 Tabulas
1376 4790 1408 4844 et
1429 4801 1505 4864 quae
1527 4784 1589 4846 alia
1610 4783 1710 4863 digna*

354 4859 529 4923 viderentur
557 4868 592 4923 ut
622 4862 733 4944 publici
761 4865 839 4946 juris
870 4867 984 4929 tierent
1031 4868 1117 4940 Quae
1147 4869 1215 4931 dum
1247 4872 1374 4953 suscipit
1403 4873 1517 4944 (editus
1547 4882 1595 4936 est
1622 4893 1701 4938 anuo

360 4943 454 5018 1602.
479 4949 630 5038 Tychouis
652 4953 953 5035 Progymnasmatum
976 4964 1075 5020 tomus
1097 4960 1122 5034 Ι,
1148 4958 1263 5042 „pridie
1287 4961 1354 5026 011.
1377 4961 1546 5044 Augusti“)
1569 4961 1700 5025 astrolo-
