3517 5525
1110 0 1130 47 ⁸.
1190 31 1197 46 ι
1452 44 1456 51 ,

1086 137 1134 178 «ιι,
1183 127 1224 160 q'r

1104 189 1110 224 1
1201 184 1227 201 ““

1123 259 1182 386 ,a
1215 250 1244 288 ''
1317 257 1322 265 “

344 353 442 476 666
884 399 1038 460 661616.
1059 399 1172 460 aron.
1384 464 1389 478 ,

316 607 319 616 ·
344 590 478 650 numeret
499 583 689 646 Ptolemaeus
712 581 750 644 ah
772 583 947 649 Alexandro
970 586 1001 648 iu
1030 585 1241 649 observatic'·.
1264 577 1326 648 111
1379 584 1581 663 1166611616111,
1617 605 1683 650 cum

343 674 484 755 pleraque
508 671 642 734 hauserit
664 671 861 736 aOhaldaeia
878 673 1057 736 errantibus.
1093 675 1161 738 Non
1186 677 1554 752 161666166166616116
1578 677 1682 738 minus

344 783 433 844 quarn
455 761 545 842 prius.
593 760 626 823 si
658 761 787 838 erravit,
821 782 872 824 cor
904 781 975 842 ergo
1003 771 1128 843 uterque
1156 756 1291 844 supertes
1322 764 1417 844 ipsum
1444 764 1681 838 conciliavimus,

343 852 428 934 quasi
448 849 652 932 Aegyptiacos
676 869 769 912 66666
792 873 811 913 6
837 850 886 914 12.
909 851 1089 916 Novembris
1109 861 1233 916 mortem
1256 853 1346 916 Alex.
1371 854 1568 916 antecedente
1590 873 1681 916 usur·

343 948 473 1020 pontem.
519 938 634 1000 Deinde
656 939 845 1019 aequinoctia
867 959 926 1002 ooo
950 962 969 1002 6
992 940 1155 1006 Chaldaeis
1178 941 1234 1004 sed
1254 941 1427 1022 llpparcho
1451 943 1552 1006 sumit.
1599 941 1680 1004 Nihil

342 1029 434 1110 igitur
454 1028 512 1090 huc
536 1027 609 1089 facit
632 1026 851 1092 Chaldaeorum
873 1049 965 1092 error.

427 1116 562 1198 Denique
599 1115 759 1196 epistolam
789 1119 833 1184 M.
863 1119 929 1180 Tua
958 1119 1077 1180 clandit
1107 1118 1344 1198 propugnatione
1374 1119 1495 1198 eclipsis
1528 1119 1560 1179 in
1595 1117 1679 1179 clade

207 1269 209 1276 ,
340 1206 445 1270 Ρ61661
468 1225 541 1268 ase
564 1205 711 1280 16166166,
736 1225 810 1288 quae
833 1207 990 1288 septennio
1013 1207 1365 1270 abestacladePersei.
1398 1207 1447 1269 Ex
1466 1205 1678 1270 6116160661-

341 1296 482 1358 daeorum
514 1303 545 1356 et
570 1312 675 1356 crassa
703 1297 923 1375 computatione
949 1297 1047 1372 Livii,
1079 1295 1192 1359 duahus
1225 1296 1343 1360 scilicet
1369 1296 1501 1376 egregiis
1528 1296 1676 1375 partibus,

340 1403 429 1448 unum
450 1391 545 1446 totum
565 1383 685 1460 conflat,
709 1384 825 1446 cladem
839 1385 942 1448 Persei
966 1385 984 1447 7
1005 1386 1091 1447 66616
1110 1403 1213 1448 61616
1227 1385 1424 1448 aberrantem.
1461 1383 1677 1448 characterem

340 1479 429 1554 putas
452 1472 666 1536 irrefutabilem
692 1471 753 1537 150
772 1493 866 1536 66666
882 1474 998 1554 imperii
1013 1472 1138 1538 Persici.
1174 1475 1237 1536 imo
1260 1475 1408 1538 refutatur
1425 1473 1580 1536 contrado
1603 1474 1677 1534 irre·

341 1561 459 1626 16166111
481 1563 665 1640 charactere,
690 1562 767 1642 qood
790 1563 842 1624 illa
864 1564 986 1644 eclipsis
1008 1563 1039 1626 in
1061 1563 1187 1626 hiemem
1209 1562 1323 1635 incidit,
1345 1581 1413 1626 eum
1431 1582 1505 1624 vers
1522 1571 1557 1624 61
1573 1561 1678 1624 Persei

339 1652 442 1714 clades
465 1649 626 1730 contigerit
648 1649 728 1712 circa
750 1650 922 1728 solstitium,
946 1659 981 1714 ut
1002 1651 1202 1733 superioribus
1226 1652 1344 1732 paginis
1366 1652 1554 1732 scripseram
1598 1647 1677 1722 Qniu

339 1739 439 1820 potius
471 1740 510 1802 ad
541 1757 649 1803 666661
681 1739 926 1804 antechristum
952 1736 1023 1804 167.
1054 1741 1191 1803 addimus
1210 1741 1292 1803 ⁴illos
1324 1739 1385 1806 150
1407 1739 1504 1815 Livii,
1536 1741 1612 1821 quia
1641 1758 1676 1802 ex

339 1829 443 1910 eclipsi
475 1835 611 1898 constat.
643 1827 784 1892 Perseum
816 1830 927 1892 victum
956 1848 1033 1892 anuo
1060 1825 1141 1892 1671
1173 1849 1227 1892 666
1255 1829 1327 1892 fasti
1355 1828 1530 1894 consulares
1559 1829 1633 1890 iode
1659 1849 1677 1890 a

258 1947 261 1954 ·
340 1913 369 1980 6.
384 1921 524 1997 Augusto
539 1925 620 1979 retro
640 1917 805 1981 continuati
828 1915 907 1981 ultra
929 1938 1017 1980 unnrn
1040 1937 1147 1980 annom
1170 1918 1208 1981 ab
1230 1918 1286 1980 hac
1309 1920 1534 1998 computatione
1554 1918 1675 1992 6116661,

340 2007 447 2087 quihus
469 2015 500 2068 te
523 2005 570 2068 hic
593 2025 706 2088 quoque
736 2005 967 2082 1666161666,
998 2007 1016 2070 7
1040 2006 1089 2068 661
1114 2004 1136 2070 8
1166 2025 1308 2070 annorum
1337 2008 1425 2070 fidem
1454 2007 1603 2068 adhibere
1623 2025 1676 2087 par

339 2103 396 2170 est,
422 2113 488 2158 cunr
511 2095 585 2176 ipsis
608 2094 686 2157 16116
707 2097 744 2158 de
767 2095 852 2161 unico
876 2116 954 2158 anuo
977 2104 1084 2176 contra
1105 2095 1309 2158 Ptolemaeum
1332 2095 1478 2173 61666661
1499 2095 1674 2158 credideris

338 2185 420 2266 Ergo
444 2183 538 2256 additi
566 2181 627 2248 150
650 2185 687 2248 ad
714 2182 774 2248 167
798 2181 1007 2257 1661661317,
1031 2203 1088 2266 quo
1110 2203 1188 2248 anuo
1209 2203 1331 2265 regnum
1346 2184 1554 2260 Macedoniae,
1580 2185 1675 2246 inter-

338 2275 418 2337 iecto
440 2273 578 2358 Philippo
595 2273 788 2349 Arrhidaeo,
813 2274 852 2336 ad
874 2274 966 2336 aliam
988 2273 1112 2353 stirpem
1134 2274 1264 2348 transiit,
1288 2271 1461 2338 0666661116
1483 2274 1674 2336 succedente.

337 2365 389 2428 An
409 2362 460 2425 hic
482 2363 636 2444 quicquam
660 2371 767 2425 contra
787 2361 930 2426 Livium?
952 2371 1089 2425 recenset
1110 2353 1165 2442 pei
1186 2370 1289 2444 partes
1312 2363 1461 2425 fortunam
1483 2363 1550 2442 ejus
1574 2362 1672 2443 regui:

340 2450 466 2516 seorsim
489 2448 713 2531 antiquissimos
735 2470 837 2532 reges,
869 2450 992 2514 seorsim
1015 2451 1097 2514 66116
1118 2450 1219 2514 civilia
1249 2469 1466 2524 successorum,
1488 2452 1540 2533 qui
1562 2453 1607 2512 ad
1629 2453 1674 2513 iu·
1754 2473 1755 2478 ¹

338 2541 411 2604 certi
435 2537 610 2602 dominatus¹
625 2540 699 2602 certi
723 2539 949 2604 ex'Alexaudri
971 2548 1059 2619 gente
1081 2539 1226 2602 haeredes
1249 2541 1346 2603 inere:
1372 2540 1420 2602 ubi
1442 2540 1571 2620 primum
1596 2539 1674 2604 Cas-

293 2683 299 2696 .
338 2629 447 2692 sondro
470 2627 672 2692 confirmatum
685 2629 879 2692 Macedoniae
896 2633 1029 2709 regnum,
1052 2636 1085 2692 et
1097 2628 1214 2692 occisus
1227 2629 1424 2703 Arrhidaeus,
1447 2627 1486 2692 66
1500 2647 1540 2692 66
1557 2647 1674 2690 6661616

338 2714 899 2799 1661161661611166666661116666
925 2715 1149 2783 150numerat
1181 2717 1216 2782 Si
1234 2737 1292 2781 ooo
1313 2719 1416 2800 placet
1437 2717 1566 2781 seorsim
1590 2735 1673 2781 com·
1753 2746 1754 2786 1

337 2814 500 2871 memorata
512 2806 592 2869 66116
605 2806 714 2883 civilia,
738 2808 790 2869 sed
813 2807 930 2871 inclusa
950 2826 1080 2870 summae
1095 2826 1238 2887 annorum
1252 2806 1315 2882 CL,
1339 2807 1417 2889 quod
1440 2808 1519 2869 sorte
1541 2824 1584 2869 ex
1606 2816 1673 2869 tex-

336 2906 386 2959 tus
408 2895 591 2978 inspectione
615 2894 715 2959 dices:
750 2915 820 2977 ergo
853 2906 906 2957 aut
934 2914 1048 2961 mecum
1076 2897 1211 2971 1616616,
1243 2895 1360 2959 Livium
1389 2895 1534 2959 crassiori
1555 2896 1672 2959 66161116
1753 2891 1754 2906 ’

210 3030 212 3035 ,
337 2984 497 3049 summaria
519 3003 701 3047 numerorum
726 2986 892 3048 consectari
915 2986 1035 3050 omissis
1064 2984 1214 3059 minutiis,
1247 2993 1299 3047 aut
1325 2986 1402 3047 hanc
1424 2985 1531 3047 Persei
1553 2986 1672 3047 cladem
1753 3051 1754 3068 ,

335 3094 394 3143 non
420 3076 484 3155 jem
515 3082 628 3154 septem
658 3074 743 3138 anuis
771 3074 856 3155 justo
885 3074 1006 3155 propius
1030 3072 1151 3138 01111616
1175 3074 1352 3148 admoveas,
1384 3074 1438 3137 sed
1461 3074 1531 3137 61116
1554 3085 1671 3156 septem
1753 3115 1754 3150 ,

336 3163 423 3228 66616
451 3162 567 3241 longius
595 3162 757 3227 60611616
785 3165 813 3225 16
844 3162 1055 3225 antecedentia
1080 3162 1227 3225 retrahas.
1271 3161 1425 3244 Exspecto
1456 3172 1556 3225 utrum
1587 3162 1671 3225 retia
1752 3157 1754 3221 l

334 3254 383 3317 An
400 3260 433 3314 tu
447 3261 547 3333 putas,
571 3268 715 3314 summum
738 3251 892 3332 festigium
908 3251 992 3332 regni
1005 3251 1193 3314 Macedonici
1208 3251 1238 3313 16
1253 3261 1349 3315 616116
1363 3252 1533 3315 Alexandri
1555 3250 1671 3314 1616661
1752 3241 1753 3286 t

335 3342 455 3403 minime
475 3338 603 3421 proprie.
639 3341 711 3403 Fuit
733 3340 759 3403 is
782 3342 940 3403 multorum
961 3358 1119 3421 regnorum
1141 3340 1276 3403 dominus
1299 3348 1330 3402 et
1352 3341 1522 3415 monarcha,
1547 3360 1671 3403 succes·

336 3448 434 3495 sorem
452 3430 483 3491 iu
495 3429 672 3492 Mounichia
687 3428 893 3493 nominetenus
915 3428 1029 3503 hahens
1046 3429 1112 3508 jam
1130 3430 1263 3504 fratrem,
1283 3430 1346 3511 jam
1367 3430 1455 3493 111166.
1491 3430 1545 3493 Ab
1567 3449 1670 3493 eorum

335 3518 551 3598 exstirpatione
582 3519 699 3581 demum
732 3519 857 3581 seorsim
888 3518 925 3579 de
948 3520 1048 3598 'reguo
1070 3518 1265 3580 Macedonico
1289 3518 1469 3598 judicamus.
1515 3510 1588 3583 h'isi
1616 3520 1670 3581 hnc

333 3608 395 3681 flat,
417 3627 474 3670 noo
489 3606 651 3688 poterimus
664 3607 861 3673 Macedonum
874 3616 1055 3687 potestatem
1078 3606 1108 3668 iu
1130 3606 1216 3669 clade
1230 3606 1334 3669 Persei
1357 3606 1538 3671 terminare:
1562 3627 1669 3689 super·

334 3697 455 3765 stitlbus
487 3696 516 3757 in
544 3696 621 3758 Asia
642 3692 790 3772 Eumene,
823 3696 853 3757 in
881 3694 972 3777 Syria
1002 3694 1179 3771 Antiochia,
1211 3696 1241 3757 iu
1269 3696 1411 3777 Aegypto
1443 3696 1669 3771 Ptolemaeioia,

333 3784 557 3851 Macedonibus.
692 3812 696 3825 ·
1538 3814 1542 3821 ·

421 3874 483 3937 Sed
505 3874 582 3935 enirn
606 3872 682 3935 66116
705 3872 762 3935 1661
786 3864 949 3936 verborum'.
986 3872 1073 3952 Rogo
1092 3872 1236 3952 majorem
1258 3870 1289 3932 in
1307 3873 1426 3935 modum
1443 3880 1476 3935 ut
1489 3874 1669 3954 Magnitudo

198 4034 201 4043 ,
332 3966 397 4027 Tua
420 3963 491 4027 mihi
515 3962 683 4023 libertatem
706 3961 782 4023 hanc
805 3959 990 4041 disputandi,
1019 3980 1106 4042 qnam
1127 3959 1390 4041 provocationibus
1412 3962 1476 4024 suis
1499 3972 1607 4042 auget,
1638 3964 1668 4023 in

193 4114 199 4125 ,
332 4054 442 4115 6161661
464 4059 579 4131 partem
602 4069 660 4113 uon
684 4050 912 4129 interpretetur,
944 4057 975 4111 et
1003 4068 1051 4113 me
1074 4049 1131 4112 sihi
1153 4050 1389 4113 commendatum
1409 4048 1534 4113 habeat.
1577 4052 1666 4115 vste

332 4140 361 4201 7.
387 4140 529 4205 Octobris
553 4142 641 4203 Anno
669 4134 760 4202 1602.

967 4226 1089 4306 Magn.
1112 4225 1191 4290 Nob.
1216 4226 1298 4289 Tuae

1165 4313 1397 4379 officiosissimus

1386 4402 1557 4491 Kepiorree.

871 4596 1116 4678 Postsctlpta

415 4761 517 4827 Lunae
542 4756 669 4838 eclipses
692 4757 832 4839 antiquae
855 4756 895 4819 ad
907 4755 988 4821 Solis
1006 4763 1119 4819 motum
1142 4751 1186 4819 sic
1207 4765 1335 4839 possunt
1357 4744 1424 4822 6666
1447 4760 1549 4838 611166,
1574 4764 1603 4825 61
1625 4764 1663 4826 de

328 4867 406 4914 6666
430 4856 582 4911 61616666
605 4847 679 4909 66111
701 4846 803 4921 611666,
828 4854 860 4907 61
879 4864 933 4926 pro
956 4844 1004 4909 die
1026 4863 1087 4909 nox
1109 4845 1150 4909 sit
1172 4846 1263 4923 facta,
1285 4858 1356 4911 tunc
1379 4851 1525 4913 correctio
1547 4851 1662 4915 Prote·

264 4945 268 4951 ’
328 4936 402 5003 61616
426 4958 484 5001 666
506 4946 622 5003 1661616
644 4935 768 5017 eclipsin
790 4934 999 5016 praebentibus
1026 4934 1310 5036 adhiberi-potestr
1342 4938 1503 5003 6616116
1525 4942 1661 5005 motibus
