3517 5525
679 397 683 404 ¹
717 369 808 452 ritus
828 371 943 435 ιῦιοιιι.
1440 369 1512 442 459·

290 465 303 518 ι.

147 545 217 610 ιιι
243 550 458 626 propinquitate.
498 553 569 619 Quid
595 556 683 629 igitur
711 556 844 630 impediti
886 555 961 624 Nihil
990 561 1021 610 ιι
1050 560 1129 624 potes
1159 555 1311 610 ostendere
1352 555 1413 628 Ego
1444 557 1506 628 quid
1603 571 1613 579 ·

163 633 295 727 impediat
314 637 465 700 ostendam,
487 636 535 690 sed
562 635 641 692 simul
662 642 692 690 et
711 637 890 708 respondebo.
934 634 1116 706 Quodcunque
1146 635 1320 690 materiatum
1350 651 1447 706 corpus
1477 654 1507 690 se

160 714 222 785 ipso
241 722 338 801 aptum
358 723 453 770 natum
466 724 511 771 est
530 717 679 793 quiescens,
700 735 858 788 quecunque
880 719 939 773 loeo
954 717 1104 786 reponitur.
1138 716 1208 770 Nam
1228 716 1303 786 quies
1324 724 1355 768 ut
1374 719 1507 770 tenebrae

160 795 280 865 privatio
302 786 436 889 quaedam
456 803 514 861 cst,
546 815 600 851 non
620 798 746 868 indigens
766 797 918 862 creatione,
945 799 991 850 sed
1013 795 1112 850 creatis
1142 796 1309 858 adhaerens,
1340 802 1372 848 ut
1392 796 1505 852 nullitas

99 924 102 928 Δ
160 874 269 947 aliqua:
291 883 380 931 motus
399 876 518 932 vicissim
538 885 582 932 est
602 878 747 949 positivum
767 877 906 971 quippiam
928 886 959 930 ut
980 877 1037 932 lux.
1081 876 1176 946 ltaque
1197 875 1219 929 si
1240 876 1313 945 lapis
1334 877 1394 929 loco
1416 893 1506 930 move·

159 961 220 1020 tur,
250 955 277 1010 id
297 974 352 1013 uon
372 957 441 1011 iacit
467 966 500 1012 ut
519 958 695 1013 materiatum
715 958 869 1030 quippiam,
898 959 945 1012 sed
973 963 1005 1012 ut
1032 958 1078 1010 vel
1098 955 1269 1010 extrinsecus
1299 956 1430 1025 impulsus
1461 956 1506 1011 vel

159 1042 298 1093 ιιιιιιιιιι
317 1038 362 1090 ιιι
383 1037 545 1092 intrinsecus
565 1038 702 1094 facultate
723 1041 839 1110 quadem
867 1037 1009 1108 praedit-us
1031 1039 1065 1090 ad
1087 1035 1188 1106 aliquid
1213 1034 1386 1105 respiciente.
1426 1039 1506 1092 Hanc

159 1116 253 1175 dicent
265 1117 438 1172 aristotelici
457 1125 637 1188 appetentem
650 1119 739 1173 centri
758 1118 858 1174 mundi.
893 1119 981 1188 Nego,
1004 1113 1043 1170 sic
1057 1117 1127 1170 enim
1148 1132 1213 1168 vere
1235 1116 1410 1184 impediretur
1430 1117 1506 1188 sequi

156 1195 261 1251 Terrae
280 1190 391 1254 motum.
424 1199 553 1263 Probent,
575 1199 639 1262 scio,
655 1197 748 1254 futiles
769 1200 888 1268 ipsorum
902 1197 1078 1269 probationes
1093 1198 1129 1250 ab
1143 1195 1215 1266 ignis
1238 1195 1337 1248 natura
1356 1197 1503 1262 contraria,

143 1282 228 1347 ‘quae
249 1285 294 1332 est
312 1278 412 1348 petitio
433 1279 567 1349 principii.
607 1281 678 1335 Nam
699 1278 771 1353 ignis
793 1297 848 1333 non
867 1279 940 1348 petit
960 1279 1080 1340 coelum,
1112 1277 1160 1329 sed
1185 1275 1257 1345 fugit
1279 1277 1400 1332 Terram.
1441 1277 1505 1330 Non

156 1357 384 1428 frigit-centrum
412 1359 517 1422 mundi,
549 1362 598 1414 sed
626 1359 728 1416 Terrae
755 1359 899 1414 materiam
930 1359 1019 1430 fugit,
1048 1365 1081 1412 ut
1111 1356 1188 1425 cujus
1219 1355 1343 1422 crassitie
1373 1356 1504 1414 obruitur.

154 1438 232 1509 Ergo
253 1439 338 1493 aliter
357 1457 411 1510 ego
432 1439 529 1499 definio
550 1439 728 1510 gravitatem,
749 1436 798 1492 seu
819 1439 895 1493 illam
916 1440 981 1502 vim,
1003 1455 1073 1510 quae
1094 1437 1242 1492 intrinsece
1263 1442 1354 1488 movet
1375 1436 1502 1506 lapidem,

157 1518 211 1572 vim
231 1519 415 1592 magneticam
436 1519 676 1592 ‘coagmentantem
697 1519 804 1583 similia,
827 1537 898 1590 quae
914 1521 1008 1578 eadem
1030 1534 1140 1572 numero
1156 1522 1199 1569 eet
1214 1515 1239 1568 in
1255 1530 1354 1586 magno
1369 1524 1398 1568 et
1419 1532 1504 1587 parvo

157 1615 279 1670 corpore,
301 1607 333 1653 et
345 1600 474 1654 dividitur
487 1617 538 1670 per
558 1601 642 1654 moles
657 1615 801 1669 corporum
821 1599 975 1670 accipitque
990 1598 1169 1652 dimensiones
1186 1596 1366 1668 easdemcum
1382 1613 1503 1666 corpore.

156 1678 254 1751 ltaque
275 1679 299 1733 ιι
328 1678 399 1750 lapis
421 1680 521 1750 aliquis
548 1687 622 1734 esset
647 1697 718 1750 pone
739 1680 853 1734 Terram
872 1679 978 1750 positus
1007 1678 1034 1732 in
1063 1675 1180 1732 notabili
1205 1675 1300 1744 aliqua
1326 1677 1503 1769 proportione

153 1758 351 1831 magnitudinis
374 1762 408 1813 ad
429 1762 527 1820 molem
547 1760 674 1823 Telluris,
696 1767 726 1815 et
745 1776 826 1814 casus
847 1761 968 1824 daretur,
989 1765 1133 1829 utrumque
1157 1756 1271 1809 liberum
1292 1771 1353 1808 esse
1374 1757 1410 1810 ab
1432 1755 1502 1810 omni

149 1839 211 1893 alio
231 1846 321 1895 motu:
343 1845 408 1893 tunc
429 1857 483 1912 ego
504 1841 563 1895 dieo
584 1841 713 1904 diturum,
734 1847 767 1894 ut
787 1858 840 1894 non
860 1846 968 1895 tantum
989 1839 1061 1910 lapis
1083 1840 1117 1891 ad
1138 1836 1250 1890 Terram
1271 1838 1397 1898 estred
1418 1837 1502 1891 etiam

153 1919 242 1974 Terra
254 1917 289 1974 ad
308 1920 439 1990 lapidem,
461 1921 636 1992 dividentque
657 1918 777 1992 spatium
797 1919 970 1990 interjectum
992 1919 1019 1973 in
1034 1931 1133 1974 eversa
1151 1911 1330 1988 proportione
1344 1920 1500 1986 ponderum,

154 1999 245 2071 sitque
264 2007 298 2056 ut
316 2004 342 2054 A
363 2003 399 2054 ad
418 2001 441 2054 Β
463 2018 548 2055 cause
567 2000 661 2066 molis,
688 2001 727 2054 sic
745 2001 792 2054 Bc
815 2002 851 2054 ad
874 2000 929 2063 CA,
951 2005 981 2054 et
1001 1999 1021 2054 C
1041 2000 1117 2052 locus
1138 1997 1185 2050 ubi
1289 2047 1334 2096 Η
1350 2043 1395 2090 ³7

149 2078 320 2152 jungentur,
342 2081 425 2150 plane
447 2097 483 2136 ιι
502 2081 687 2151 proportione,
709 2097 764 2152 qua
783 2087 891 2135 statera
909 2079 1005 2154 utitur.
1045 2079 1099 2134 Sed
1120 2095 1182 2132 con·

155 2161 234 2214 tratre
255 2161 329 2216 vela.
363 2160 440 2224 Dixi,
462 2161 485 2215 ιι
508 2161 636 2230 alapide
656 2175 798 2215 removeas
821 2159 910 2214 animo
931 2160 1091 2216 facultatem
1108 2159 1185 2214 illam
1251 2182 1273 2228 p
1375 2187 1393 2236 0

147 2239 287 2312 jungendi
307 2240 421 2305 similia,
449 2256 635 2299 remansuram
656 2242 684 2294 in
704 2241 797 2311 lapide
818 2256 920 2295 meram
939 2239 1127 2310 impotentiam
1149 2239 1183 2294 ad
1250 2233 1279 2292 Ο
1381 2245 1391 2264 ·
1417 2205 1465 2299 O

151 2323 311 2377 mutandum
331 2322 428 2375 locum.
469 2321 506 2376 Ut
526 2321 612 2392 igitur
631 2320 683 2374 illa
702 2327 892 2393 expugnetur,
914 2319 940 2373 vi
961 2327 991 2374 et
1010 2320 1184 2376 contentione

151 2409 291 2456 extranea
311 2418 378 2472 opus
399 2408 451 2457 est.
485 2400 556 2456 Dum
571 2418 639 2474 erpo
652 2401 780 2474 tingimus
793 2401 913 2471 lapidem
926 2400 953 2455 in
975 2405 1041 2454 atre
1056 2402 1226 2471 pendentem,
1248 2413 1381 2469 negamus
1402 2396 1428 2452 ei
1449 2397 1502 2454 rim
1566 2417 1572 2426 ·
1668 2441 1673 2456 .

157 2481 341 2554 conjungendi
354 2482 462 2547 similia,
477 2481 529 2536 hoc
542 2489 586 2535 ιιι
598 2482 776 2552 gravitatem,
791 2486 927 2536 ettamen
941 2477 1001 2535 eam
1016 2479 1069 2534 vim
1083 2477 1227 2534 Terraeiu
1241 2479 1359 2548 lapidem
1372 2479 1500 2552 relinqui·

156 2579 226 2617 mus.
260 2564 330 2618 Este
350 2563 402 2616 hoc
415 2562 463 2627 ita,
478 2563 599 2634 quamvis
612 2579 643 2616 re
657 2579 725 2618 vera
738 2563 884 2616 absurdum
899 2561 943 2625 sit,
959 2563 1143 2614 tautummodo
1155 2567 1188 2615 ut
1201 2558 1282 2613 nobis
1293 2574 1371 2614 casus
1387 2567 1502 2619 constet.

151 2643 280 2698 ⁴Habebit
294 2641 380 2714 igitur
398 2643 532 2712 pendulus
553 2643 606 2696 iste
627 2642 700 2714 lapis
720 2637 809 2697 adhuc
828 2642 881 2696 vim
902 2640 1057 2713 quiescendi
1076 2640 1105 2695 in
1126 2657 1174 2696 sue
1188 2641 1257 2704 leco,
1279 2654 1315 2693 ea
1334 2641 1503 2712 repugnabit

151 2723 252 2779 virtuti
267 2721 385 2777 Telluris
408 2723 631 2779 circumacturae.
664 2723 711 2778 Ex
730 2738 827 2795 pugna
844 2722 1026 2777 materialium
1047 2725 1076 2777 et
1095 2736 1285 2791 corporearum
1302 2721 1502 2792 proprietatum

42 2830 47 2847 ·
156 2804 205 2858 liet
218 2797 372 2877 permi'xtio,
387 2809 420 2857 ut
433 2803 575 2876 quaelibet
588 2802 713 2858 vincatur
726 2809 756 2857 et
775 2804 868 2857 vincat
881 2803 934 2856 vim
949 2818 1025 2856 suam
1039 2817 1180 2871 corporum
1192 2800 1377 2872 proportione.
1404 2804 1500 2875 ltaque

155 2883 220 2938 hinc
233 2883 375 2947 evincitur,
397 2886 468 2955 quod
482 2883 539 2956 dixi
553 2900 595 2937 me
615 2883 804 2945 iudicaturum,
826 2882 1044 2954 impedimentum
1059 2896 1164 2951 nempe,
1186 2898 1238 2952 quo
1260 2880 1346 2935 miuus
1366 2884 1500 2953 pendulus

155 2963 310 3034 hujusmodi
330 2963 403 3033 lapis
423 2962 620 3035 perfectissime
634 2963 710 3035 sequi
724 2964 812 3034 possit
826 2962 1040 3017 circularitatem
1053 2962 1178 3018 Telluris.
1212 2965 1303 3033 Atque
1317 2962 1369 3015 hoc
1388 2962 1500 3033 impedi·

155 3050 276 3099 mentum
300 3050 345 3099 est
368 3044 546 3099 verissimum.
590 3044 681 3105 Quare
706 3042 766 3113 jam
791 3044 962 3097 destruamus
984 3046 1075 3096 castlm
1102 3049 1224 3096 nostrum
1253 3042 1376 3095 fictitium
1396 3050 1425 3097 et
1445 3044 1501 3097 siut

154 3124 225 3179 illae
238 3124 328 3179 lineae
342 3140 361 3178 a
374 3125 516 3194 superficie
538 3124 639 3178 Terrae
659 3122 687 3177 in
706 3122 825 3193 lapidem
846 3124 989 3177 tendentes
1003 3118 1058 3175 neu
1078 3126 1184 3177 tautum
1198 3128 1231 3177 ut
1249 3122 1346 3187 iirlcra,
1368 3125 1415 3177 sed
1435 3140 1499 3179 vere

156 3205 184 3259 id
204 3207 276 3277 quod
295 3222 346 3275 per
366 3210 493 3259 naturam
514 3203 593 3258 uobis
612 3203 757 3267 indicatur,
780 3220 876 3273 nempe
897 3203 985 3258 instar
1006 3217 1148 3257 nervorum
1168 3202 1389 3267 tensissimorum,
1411 3194 1449 3257 sic
1468 3212 1501 3259 ut

155 3284 229 3356 lapis
250 3284 303 3339 iste
323 3284 362 3339 sit
379 3284 412 3340 ,ιιι
433 3290 498 3339 actu
518 3286 663 3339 descensus
690 3285 726 3340 ad
753 3283 922 3353 superficiem
943 3286 972 3339 e't
992 3288 1115 3336 centrum
1135 3282 1252 3337 Terrae:
1281 3282 1353 3347 dieo,
1383 3290 1497 3353 propter

155 3364 447 3436 hanc.impctentlam
467 3366 503 3418 ad
522 3371 624 3419 motum
645 3364 751 3419 omnino
769 3365 905 3429 futurum,
934 3371 967 3417 ut
991 3362 1068 3434 lapis
1093 3362 1136 3417 hic
1150 3363 1191 3417 ,ιιι
1218 3365 1349 3417 descensu
1376 3361 1498 3419 nonnihil

122 3509 124 3512 ¹
156 3447 269 3500 aberret
289 3462 307 3499 a
328 3445 520 3516 perpendiculo
541 3462 577 3499 ex
596 3451 692 3499 centro
712 3446 814 3499 Terrae
843 3461 895 3517 per
915 3442 1084 3514 superficiem
1105 3443 1131 3497 in
1153 3450 1274 3498 centrum
1294 3442 1394 3515 lapidis
1415 3446 1495 3499 ducto

155 3532 185 3581 et
205 3526 246 3581 sic
258 3526 345 3580 Terra
365 3526 400 3579 ab
422 3541 522 3579 occasu
542 3524 678 3579 inertum
699 3530 791 3589 eunte,
813 3524 911 3595 lapidis
931 3524 1154 3595 perpendiculum
1173 3524 1310 3595 paulatim
1330 3524 1357 3579 iu
1373 3525 1495 3581 occiden-

155 3606 229 3661 tales
250 3605 403 3677 superficiei
423 3612 518 3675 partes
538 3605 677 3660 deveniet:
700 3624 750 3661 neo
770 3606 882 3674 Terram
903 3605 1052 3659 omnimode
1073 3611 1211 3675 sequetur,
1233 3607 1281 3658 sed
1301 3606 1337 3659 ab
1358 3621 1394 3659 ea
1412 3606 1495 3661 reliu-

156 3693 265 3759 quetur.
305 3687 401 3741 Habes
421 3703 548 3750 causam,
576 3703 626 3742 cur
645 3686 717 3755 lapis
737 3704 791 3740 non
811 3685 912 3740 debeat
941 3684 1017 3756 sequi
1038 3685 1166 3748 Terram,
1197 3685 1304 3757 qualem
1326 3691 1354 3740 ιι
1376 3687 1411 3739 ιι
1431 3692 1496 3741 tuae

155 3766 312 3820 sententiae
334 3766 562 3821 confirmationem
582 3783 636 3820 non
656 3766 771 3835 potuisti
791 3766 888 3821 dicere.
929 3764 1002 3833 Audi
1022 3780 1094 3819 nuuc
1114 3765 1285 3820 solutionem.
1319 3764 1421 3821 Verum
1441 3774 1492 3832 ιιι,

156 3846 179 3901 ιι
200 3846 273 3917 lapis
292 3845 410 3901 notabili
437 3846 584 3901 intervallo
605 3862 623 3899 a
643 3847 729 3901 Terra
749 3846 877 3908 distaret,
909 3845 966 3899 lere
993 3844 1097 3936 utmoe
1117 3847 1232 3903 accidat
1272 3848 1311 3898 Δι
1335 3840 1406 3899 ιιιι
1432 3854 1496 3902 sunt

155 3927 214 3983 860
235 3926 365 3981 ιιιιιιιιιι
384 3944 404 3981 ι
423 3930 517 3981 centro
537 3928 573 3979 ad
593 3927 770 3996 superficiem,
792 3933 822 3980 et
840 3942 906 3979 vero
927 3919 1005 3979 nulla
1024 3924 1082 3979 avis
1103 3904 1158 3981 tani
1178 3928 1236 3982 alte
1256 3926 1347 3991 volat,
1369 3932 1401 3979 ut
1420 3928 1495 3983 dimi·

156 4007 228 4061 dium
260 4007 340 4061 unius
367 4006 505 4061 milliaris
521 4006 596 4063 absit
624 4022 642 4060 a
669 4008 742 4070 solo,
773 4021 840 4061 saue
869 4004 935 4077 quia
960 4004 989 4059 in
1014 4004 1128 4060 aethere
1155 4024 1210 4061 non
1235 4006 1323 4079 magis
1353 4012 1422 4078 apta
1450 4015 1495 4063 est

121 4134 125 4140 ,
154 4087 266 4151 volare,
295 4100 376 4159 quam
396 4104 445 4141 nos
466 4086 494 4143 in
514 4090 593 4151 atre,
625 4102 704 4158 quam
725 4086 826 4156 lapis
818 4104 846 4141 ιιι
866 4101 939 4155 aqua
959 4091 1041 4155 aptus
1061 4092 1105 4139 est
1124 4094 1231 4143 natare.
1273 4087 1432 4144 Confessum
1451 4096 1496 4145 est

44 4163 49 4173 '
124 4161 138 4210 ’-
156 4174 263 4231 autem,
294 4165 366 4222 atris
387 4166 558 4222 altitudinem
578 4184 631 4220 non
653 4167 786 4221 excedere
806 4165 941 4221 dimidium
969 4163 1102 4219 milliaris.
1143 4166 1181 4221 Et
1207 4166 1297 4222 vidisti
1325 4175 1355 4221 ιι
1375 4186 1495 4242 unquam

155 4246 277 4317 lapidem
288 4249 333 4302 vel
346 4248 460 4319 globum
479 4253 561 4301 tanta
574 4247 719 4303 altitudine
733 4246 908 4309 decidentem,
932 4251 1060 4316 quantum
1075 4261 1139 4299 aves
1154 4255 1337 4319 assequuntur
1355 4250 1493 4304 volando?

155 4328 233 4398 Ergo
254 4334 314 4383 esto
334 4327 436 4398 lapis
422 4344 482 4397 ιιιιιι
503 4326 688 4397 quantumvis
705 4326 865 4391 altissimus,
894 4325 954 4402 qui
969 4324 1010 4379 bis
1030 4324 1176 4381 millesima
1202 4334 1283 4398 parte
1308 4328 1494 4385 simidiametri

156 4407 275 4463 Telluris
297 4424 315 4463 ι
325 4408 476 4478 superficie
497 4406 578 4470 absit,
601 4406 712 4477 atque
704 4424 726 4461 ιι
748 4414 833 4478 quota
850 4422 917 4476 pars
937 4412 980 4459 ιιι
1000 4407 1119 4475 corporis
1138 4407 1263 4473 Telluris,
1283 4417 1315 4464 ιι
1328 4408 1389 4480 ejus
1409 4408 1492 4481 perti·

156 4487 237 4542 uacia
258 4486 413 4559 quiescendi
432 4490 549 4559 deroget
577 4485 672 4541 virtuti
693 4487 809 4543 Telluris
839 4488 873 4541 ad
902 4486 1082 4540 movendum?
1122 4485 1193 4542 Ιιιιιο
1221 4476 1356 4545 ιιιιοιιιι
1384 4490 1491 4556 ιιιιιιι,

156 4574 266 4639 tempus
286 4568 435 4624 dinumera.
476 4565 608 4637 Nempe'
600 4584 628 4620 ιι
650 4582 706 4621 ιιι
726 4566 796 4621 bora
815 4568 849 4620 de
869 4566 979 4621 Tellure
1000 4572 1066 4620 eunt
1087 4565 1143 4622 225
1165 4568 1293 4625 milliaria
1317 4570 1368 4624 sub
1389 4586 1491 4641 aequa·

113 4711 115 4716 ¹
156 4652 233 4712 tore,
254 4651 386 4709 sedeunt
414 4647 443 4703 in
462 4647 576 4702 aethere
596 4646 746 4716 composito
765 4653 840 4702 motu
865 4647 916 4700 sub
943 4646 1118 4718 aequatore'
1110 4665 1139 4701 m
1166 4650 1255 4705 media
1274 4654 1354 4705 nocte
1380 4650 1493 4705 millena

157 4727 287 4783 milliaria
299 4728 470 4799 trajicienda,
492 4734 522 4781 et
541 4726 569 4780 in
581 4742 636 4781 uno
650 4727 775 4791 secundo,
798 4743 910 4798 quorum
933 4726 961 4780 ιιι
975 4726 1043 4781 bora
1057 4735 1121 4781 sunt
1135 4728 1220 4796 3600,
1242 4748 1305 4801 pars
1322 4734 1378 4802 ml„
1394 4732 1437 4784 vel
1460 4733 1489 4803 ¹]

158 4806 216 4861 fere
233 4808 315 4863 unius
335 4806 467 4863 milliaris.
508 4809 603 4877 Itaque
624 4812 709 4878 quota
728 4821 794 4876 pars
814 4813 858 4861 est
877 4807 949 4877 lapis
970 4809 1003 4861 de
1024 4822 1135 4877 corpore
1156 4811 1281 4876 Telluris,
1304 4818 1384 4865 tanta
1403 4810 1489 4881 parti·

157 4889 223 4941 cula
241 4891 275 4942 de
295 4888 369 4943 mille
389 4889 516 4958 passibus
537 4886 651 4941 deerit
643 4904 671 4940 ιι
691 4886 816 4960 qualibet
841 4886 1031 4969 verberatione
1052 4887 1152 4957 pulsus
1169 4888 1251 4963 (quae
1277 4892 1389 4945 metitur
1407 4908 1490 4947 unum

157 4970 304 5027 secuudum
324 4962 477 5038 temporis),
498 4984 552 5038 quo
571 4966 658 5021 minus
678 4966 749 5037 lapis
763 4966 895 5064 recidat
888 4984 915 5021 ιι
922 4962 1163 5038 perpendiculum,
1184 4973 1255 5025 unde
1274 4969 1328 5025 nris
1346 4971 1489 5041 perpendi·
