3517 5525
233 381 235 386 ’
319 397 384 474 ιιι
710 418 712 424 ’
905 407 1068 476 nem

321 593 403 650 motu
426 585 543 649 Martis.
590 585 702 648 Varum
735 585 847 666 origine
876 592 908 649 et
933 586 1073 649 methodo
1100 585 1280 667 perspectis,
1312 583 1418 667 quibus
1438 583 1600 647 Braheana
1621 590 1655 647 et

319 677 425 759 quibus
456 695 523 737 mea
554 675 762 738 eccentricitas
795 685 842 738 est
865 683 1033 752 exstructa,
1065 693 1153 758 spero
1176 675 1317 738 lectorem
1340 693 1398 738 non
1420 675 1516 754 magis
1539 683 1654 736 motum

317 766 355 828 iri
377 764 535 828 Braheana
563 783 651 846 quam
673 766 857 828 Ptolemaica
879 763 985 828 veteri.
1032 765 1075 829 At
1096 783 1155 827 non
1178 764 1245 828 ideo
1271 765 1474 846 depugnatum
1493 771 1543 826 est
1563 762 1653 843 peni-

317 863 382 918 tus:
406 863 511 929 restat,
536 855 612 935 quod
635 874 692 916 non
716 862 835 917 tantum
856 855 886 917 in
910 854 1061 918 veteribus
1084 855 1138 917 sed
1160 854 1252 916 etiam
1274 854 1304 916 in
1327 853 1464 934 meipso
1493 852 1652 933 requiram,

319 952 353 1007 nt
382 963 472 1023 supra
494 944 583 1023 paulo
605 943 736 1023 profiteri
760 962 926 1024 coeperam.
960 944 1102 1024 Magnum
1125 943 1245 1026 quidem
1265 940 1378 1025 aliquid
1399 949 1457 1016 est,
1479 942 1650 1004 consentire

316 1033 509 1096 bisectionem
527 1031 758 1096 eccentricitatis
774 1034 973 1097 Ptolemaicae
988 1053 1054 1096 cum
1064 1033 1229 1096 variatione
1238 1033 1457 1104 diametrorum,
1469 1039 1503 1094 nt
1506 1033 1575 1112 iure
1584 1050 1653 1094 cre·

318 1123 382 1196 das,
399 1121 645 1204 acquiescendum
664 1123 695 1184 in
717 1121 773 1185 hac
788 1122 1010 1186 eccentricitate
1025 1120 1122 1196 4360,
1141 1123 1387 1204 repellendasqne
1401 1121 1520 1186 fortiter
1535 1121 1563 1182 si
1576 1138 1653 1200 quae

314 1213 455 1291 ingruant
478 1211 660 1293 objectiones
678 1212 764 1275 aliae.
801 1214 845 1274 At
857 1214 953 1292 primo
972 1211 1126 1274 imbecillis
1142 1219 1189 1274 est
1202 1221 1233 1273 et
1248 1211 1353 1280 timida
1374 1209 1560 1289 experientia
1583 1210 1653 1271 dia-

316 1301 402 1364 metri
416 1301 519 1365 Lnnae
542 1320 694 1382 apogaeae
717 1301 748 1364 in
772 1302 973 1383 speculatione
996 1302 1071 1363 adeo
1086 1301 1198 1373 subtili,
1219 1321 1277 1362 non
1292 1300 1353 1362 alia
1367 1299 1483 1380 quidem
1499 1318 1545 1374 re,
1565 1316 1654 1379 qnam

273 1389 299 1418 '‘
315 1391 382 1471 ipsa
418 1388 594 1456 solitudine:
628 1391 848 1473 optandumque
879 1393 922 1465 (si
951 1391 1148 1472 impossibilia
1173 1389 1284 1453 homini
1308 1389 1454 1469 optanda)
1483 1395 1518 1450 nt
1540 1389 1652 1451 multae

315 1479 483 1560 hujusmodi
515 1480 697 1554 existerent,
726 1489 814 1564 atque
842 1481 887 1543 ita
917 1481 996 1543 inter
1021 1481 1179 1543 multarum
1202 1479 1369 1548 errorcnlos
1388 1497 1445 1557 pro
1468 1486 1551 1540 certo
1575 1477 1652 1540 sumi

314 1577 426 1650 posset,
450 1569 528 1652 quod
550 1578 597 1631 ast
619 1569 755 1633 medium.
775 1585 776 1588 ’
800 1567 880 1642 Quid
903 1570 990 1638 enim,
1014 1571 1039 1632 si
1062 1588 1154 1651 parvo
1177 1570 1285 1648 aliquo
1300 1568 1451 1630 aberravit
1472 1585 1532 1630 nou
1548 1569 1652 1630 ocnlna

314 1657 570 1733 inaestimanda,
603 1659 657 1721 sed
687 1660 774 1740 longe
804 1669 874 1720 ants
903 1679 1007 1722 manns
1033 1659 1063 1722 in
1086 1659 1285 1722 construenda
1307 1656 1477 1738 circinoque
1498 1657 1652 1718 metienda

315 1748 472 1810 fenestella
494 1757 526 1809 et
548 1747 649 1811 lunula
679 1767 864 1831 papyraceo,
895 1755 983 1830 quarn
1006 1749 1094 1811 facilc
1116 1748 1216 1830 potnit
1241 1767 1290 1810 me
1314 1748 1443 1825 effugere
1465 1746 1558 1808 tertia
1579 1764 1652 1827 pars

313 1837 442 1902 minuti?
488 1835 576 1908 Quod
598 1837 690 1902 nolim
712 1857 748 1901 eo
770 1838 864 1913 trahi,
888 1839 973 1918 quasi
995 1839 1033 1899 de
1055 1844 1119 1900 toto
1141 1837 1198 1900 hoc
1220 1837 1341 1917 negotio
1364 1835 1569 1899 concederent
1617 1836 1651 1896 In

314 1928 403 1990 rebus
424 1925 504 1988 enim
525 1927 664 2004 minutis,
692 1927 742 1990 ubi
765 1928 907 1990 semisses
931 1934 962 1989 et
984 1928 1165 2009 quadrantes
1183 1927 1272 1993 facile
1296 1932 1344 1989 est
1365 1925 1589 1998 internoscere,
1614 1923 1651 1988 ab

313 2016 409 2079 unciis
432 2015 496 2098 jam
524 2015 685 2080 difficultas
716 2025 817 2096 potest
842 2016 983 2098 incipere.
1038 2015 1116 2080 Sunt
1146 2015 1238 2096 igitur
1265 2016 1323 2078 hae
1352 2032 1436 2076 meae
1460 2013 1599 2093 copiolas
1621 2014 1651 2076 in

313 2105 370 2170 hac
393 2105 559 2169 subtilitate
582 2107 693 2168 tuenda
714 2106 944 2169 timidiuscolae.
982 2105 1029 2168 Ex
1044 2105 1171 2168 adverso
1189 2124 1260 2168 vero
1279 2104 1398 2169 validus
1414 2102 1527 2183 ingruit
1540 2102 1651 2179 hostis,

314 2213 423 2274 magna
444 2194 703 2258 verisimilitudine
725 2215 870 2277 pugnans,
894 2195 943 2277 qui
966 2196 1100 2276 profecto
1123 2193 1271 2257 contemni
1286 2213 1344 2256 non
1357 2200 1470 2274 potest.
1508 2189 1598 2263 Quod
1609 2191 1652 2254 sie

314 2284 416 2347 habet.
462 2283 590 2346 Veteres
613 2283 860 2366 inaequalitatem
882 2291 981 2347 motus
1003 2286 1107 2347 Lunae
1131 2290 1342 2346 exstruxerunt
1364 2301 1401 2344 ex
1420 2281 1494 2343 solis
1526 2280 1651 2362 eclipsi-

266 2389 272 2414 ¹
312 2373 369 2437 bus
391 2374 505 2438 Lunae.
549 2371 663 2436 Umbra
686 2373 764 2452 enim
786 2374 916 2438 Telluris
934 2391 989 2453 pro
1004 2373 1201 2436 instrumento
1218 2370 1498 2443 initastronomico,
1521 2388 1652 2450 arguens

313 2462 501 2524 verissimum
528 2461 631 2523 Lunae
663 2462 761 2526 locum
790 2464 821 2526 in
853 2461 935 2526 Solis
963 2462 1111 2544 opposito.
1164 2463 1201 2526 In
1230 2462 1307 2526 hunc
1335 2461 1453 2523 modum
1486 2459 1652 2523 constituta

313 2551 430 2614 ratione
453 2550 677 2632 inaequalitatis
699 2552 834 2616 Lunae'
825 2572 856 2614 ιι
879 2551 1123 2632 oppositionibus,
1147 2571 1215 2614 cnm
1237 2558 1343 2631 postea
1364 2549 1557 2612 Ptolemaeus
1578 2567 1652 2630 per-

312 2641 458 2721 penderet
488 2641 684 2703 observata
675 2661 706 2703 m
729 2641 935 2724 quadraturis,
956 2641 1071 2704 invenit
1092 2641 1185 2705 totius
1207 2639 1430 2721 inaequalitatis
1451 2637 1601 2702 rationem
1622 2637 1653 2700 in

314 2729 503 2813 quadraturis
526 2729 616 2817 longe
637 2730 745 2807 aliam,
769 2731 915 2811 maJorem
936 2748 1041 2810 nempe
1061 2729 1267 2813 aequationem
1281 2729 1449 2805 muimam,
1474 2747 1517 2791 sc.
1535 2722 1652 2802 tuot

219 2848 223 2857 ·
314 2838 368 2900 pro
399 2838 455 2899 qno
477 2820 613 2882 Brahcus
646 2822 807 2885 correctius
830 2820 948 2899 reponit
971 2816 1009 2883 7⁰
1032 2816 1094 2883 281
1144 2820 1262 2900 Igitur
1270 2819 1340 2901 qnia
1362 2818 1501 2900 aequatio
1519 2817 1651 2880 effectus

314 2916 363 2971 est
385 2897 615 2971 eccentricitatis
639 2930 744 2985 cansa,
770 2911 894 2973 effectus
918 2928 988 2972 roro
1011 2908 1120 2972 alius'
1110 2926 1143 2973 m
1165 2908 1371 2991 quadraturis,
1400 2906 1509 2971 alius'
1499 2927 1530 2969 ιι
1554 2926 1652 2988 oppo-

312 2998 479 3073 sitionibus,
504 2998 713 3061 concluserunt
727 3000 866 3071 artifices,
890 3006 922 3060 et
943 3018 1073 3074 cansam,
1097 2998 1128 3059 id
1147 3007 1196 3061 est
1213 2997 1476 3072 ecceutricitatem,
1500 2996 1653 3059 diversam

313 3107 381 3149 esso
404 3086 434 3149 in
458 3087 695 3168 oppositionibus
718 3089 755 3151 ab
780 3108 826 3165 ea,
849 3106 925 3169 qnae
949 3094 997 3150 est
1019 3087 1051 3149 in
1073 3085 1271 3169 quadraturis.
1317 3086 1509 3149 Ptolemaeus
1529 3085 1652 3166 qnidenr

312 3193 433 3239 cansam
465 3183 571 3239 auctae
603 3176 789 3258 aequationis
827 3184 1012 3240 commentus
1055 3184 1104 3239 est
1132 3175 1355 3239 diminutionem
1390 3173 1542 3257 intervalli
1572 3174 1654 3237 inter

311 3265 429 3329 Lunam
457 3272 489 3328 et
516 3267 640 3328 Terram
668 3274 754 3348 parte
784 3265 912 3350 amplius
941 3264 1042 3329 tertia.
1093 3264 1189 3337 Quem
1220 3264 1365 3327 refutavit
1391 3263 1653 3345 Regiomontanus

313 3374 358 3429 eo,
383 3353 461 3437 qnod
483 3354 612 3417 Lunaris
636 3357 768 3437 eorporis
791 3356 937 3418 diameter
959 3375 1019 3418 non
1042 3354 1081 3417 ad
1103 3355 1180 3417 hunc
1201 3354 1354 3417 modulum
1375 3364 1536 3434 augeatur,
1566 3353 1652 3415 relu-

311 3451 416 3507 tarunt
443 3451 474 3506 st
498 3442 681 3524 Copernicns
709 3452 742 3507 et
760 3444 898 3509 Brahens
926 3451 1101 3526 argumento
1123 3442 1335 3525 parallaxinm,
1365 3462 1441 3573 qnae
1463 3450 1569 3506 tantae
1591 3460 1653 3505 non

313 3532 418 3597 fiunt'
409 3552 439 3595 ιι
462 3532 661 3614 quadraturis.

400 3620 582 3705 Gopsroicns
613 3623 705 3703 igitur
734 3629 765 3684 et
785 3621 922 3684 Brahens
948 3621 1076 3685 diversis
1098 3621 1177 3685 inter
1195 3640 1232 3685 se
1254 3617 1351 3684 modis
1374 3584 1500 3683 eandem
1527 3638 1653 3683 causam

313 3711 452 3775 dixerunt
484 3730 518 3775 eo
548 3717 697 3793 tempore,
729 3730 786 3793 qno
809 3712 897 3773 Luna
926 3719 974 3774 est
996 3710 1135 3786 dividua,
1158 3711 1301 3790 majorem
1325 3728 1392 3772 esse
1416 3708 1498 3771 orbis
1520 3708 1652 3771 Lunaris

223 3826 226 3833 ’
312 3802 362 3864 ιιι
385 3798 648 3875 eccentricitatem,
672 3799 724 3864 ille
742 3800 922 3881 epicyclum.
969 3798 1038 3871 Qua
1058 3802 1173 3863 ratione
1197 3798 1412 3878 Copernicns
1404 3819 1433 3861 ιι
1454 3796 1653 3879 quadraturis

312 3890 410 3953 effecit
429 3890 601 3953 distantiam
618 3890 722 3951 Lunae
740 3888 871 3951 citimam
886 3889 1168 3952 semidiametrorum
1183 3882 1278 3971 52¹1„
1301 3887 1533 3951 remotissimam
1551 3882 1596 3951 68
1603 3881 1651 3969 “Ι,,

314 3988 475 4060 vagantem
498 3998 552 4059 per
577 3970 617 4041 16
641 3979 896 4053 semidiametros,
913 3978 958 4057 „in
981 3977 1216 4060 oppositionibus
1246 3996 1318 4042 vcro
1341 3984 1372 4039 et
1389 3975 1652 4055 conjunctionibus

310 4088 368 4133 non
399 4069 585 4132 humiliorem
615 4062 674 4141 55,
706 4086 768 4129 neo
785 4026 921 4131 altiorein
944 4062 1044 4150 65“Ι,,
1077 4068 1212 4132 discursu
1244 4062 1322 4146 10¹1,
1349 4066 1650 4129 semidiametrornm.

309 4155 449 4223 Brahens
474 4157 511 4219 ob
534 4176 642 4219 causas
666 4174 756 4237 supra
778 4156 888 4218 allatas
910 4156 1050 4221 breviora
1071 4156 1145 4219 lacit
1166 4155 1275 4235 spau‘a,
1300 4156 1347 4219 cui
1368 4156 1401 4218 in
1422 4154 1546 4236 quadris
1562 4155 1652 4217 Lnna

311 4246 479 4313 humillima
500 4253 549 4309 est
571 4239 677 4327 527„
701 4243 849 4307 altissima
871 4236 951 4326 602!
975 4243 1054 4321 alta,
1077 4245 1213 4309 discursu
1235 4262 1290 4324 per
1310 4238 1370 4327 8¹1,
1397 4242 1520 4320 semid,
1542 4242 1575 4306 in
1595 4263 1652 4307 co-

192 4391 196 4399 .
310 4335 392 4419 pulis
410 4353 480 4397 vero
498 4354 516 4396 a
535 4331 1027 4409 commemorassemus,
1051 4334 1145 4398 multo
1158 4334 1266 4397 minorr
1257 4333 1401 4409 ambitu,
1416 4338 1505 4420 qnam
1519 4332 1650 4399 variatio

311 4424 452 4488 diametri
480 4422 600 4498 Lunae,
631 4424 746 4503 quain
774 4423 935 4503 eclipsibus
964 4421 1075 4499 utitur,
1103 4423 1285 4504 postulabat.
1329 4418 1456 4485 Fatetur
1480 4431 1595 4497 tamem
1618 4424 1650 4487 in

314 4512 436 4597 quadris
459 4512 575 4574 minora
597 4513 693 4576 adhuc
717 4512 824 4591 spatia,
848 4512 994 4586 nimirum,
1017 4518 1051 4574 nt
1073 4511 1179 4575 alibi
1168 4512 1284 4589 inveni,
1314 4531 1373 4574 non
1395 4513 1484 4594 plane
1507 4508 1529 4576 6
1552 4512 1648 4575 semi-

314 4604 476 4665 diametros
498 4599 627 4663 Telluris
652 4601 830 4663 tractatione
851 4590 1055 4683 parallaxiua'n
1073 4602 1160 4667 ellici.
1203 4634 1219 4667 ι

399 4688 539 4752 Huncin
560 4690 679 4753 modum
701 4689 816 4768 priores
839 4690 968 4753 artifices
990 4708 1028 4751 ex
1049 4688 1088 4756 iis
1111 4708 1187 4773 qnae
1210 4697 1373 4771 apparent,
1396 4688 1483 4752 Luna
1504 4697 1648 4753 venante

314 4780 345 4841 in
368 4776 566 4859 quadraturis,
589 4777 761 4840 ratiocinati
784 4786 853 4839 sunt
875 4778 912 4840 de
927 4778 1147 4841 eccentricitate
1163 4780 1228 4860 ejus
1243 4778 1395 4860 temporis.
1420 4798 1477 4861 qun
1498 4786 1547 4841 est
1559 4776 1647 4841 Luna

315 4867 345 4928 in
368 4864 576 4948 quadraturis,
608 4866 634 4929 si
664 4867 755 4931 etiam
784 4866 864 4929 linea
892 4868 1028 4948 apsidum
1054 4868 1203 4963 coinpidat
1225 4888 1292 4934 cum
1312 4869 1393 4938 linea
1413 4887 1468 4951 per
1483 4866 1593 4936 solem
1615 4874 1647 4931 et
