3517 5525
530 53 541 64 ,,
668 42 674 58 ι

529 97 552 147 ..1.
609 127 611 140 Ι
635 73 689 166 νὴ

641 147 667 204 sl

536 416 556 481 :⁸
624 401 765 467 aKeplero
784 401 925 454 ananttca.
1008 382 1012 390 ¹
1378 389 1442 466 *107
1484 383 1491 390 ’

102 579 247 662 agitando
278 587 398 646 tantum
427 582 554 663 paginae
583 581 711 662 spatium
743 599 903 662 occupem,
935 582 1080 662 quantum
1107 584 1141 640 tu
1158 572 1334 660 occupasti.
1381 576 1443 642 Sed

101 671 203 735 mitior
226 689 290 746 ero,
315 691 369 734 neo
392 672 550 754 quicquam
572 671 627 734 tibi
650 671 690 732 ad
712 677 760 732 tot
783 670 920 732 convicia
939 687 1055 748 regern,
1077 667 1135 729 nisi
1158 674 1192 728 ut
1213 669 1332 746 relegas
1355 667 1443 728 sche-

101 761 170 822 dam
193 778 303 832 meam,
326 759 418 842 eaque
442 761 522 824 lecta
545 760 623 841 quod
646 760 805 840 ingenuum
828 760 923 823 virum
946 759 1035 820 decet
1051 757 1211 819 erubescas
1234 766 1326 837 teque
1344 757 1390 817 ira
1412 767 1444 816 et
1494 806 1499 819 .

101 850 182 912 falsa
206 851 418 930 imaginatione
441 849 594 912 literarum
618 849 787 910 absentium
809 849 1040 929 praecipitatum
1064 846 1177 907 doleas.
1216 851 1268 916 (Ad
1285 855 1360 904 rerba
1376 855 1443 904 Lon·
1510 896 1514 905 ,

17 1002 21 1008 ,
99 949 244 1015 gomomam
261 959 338 1012 capra
355 947 433 999 allata
446 947 576 1011 adscripsit
586 947 726 1010 Raptatus:
744 937 939 1000 Debacclrare
955 938 985 999 in
999 937 1114 998 larvam
1130 941 1193 996 ato
1208 935 1443 1008 concinnatam.)

190 1025 278 1100 Quod
302 1047 372 1089 varo
395 1047 431 1090 ne
455 1029 584 1090 monitus
608 1027 725 1108 quidem
749 1045 878 1090 errorem
897 1024 1104 1107 deprehendis,
1127 1042 1163 1084 eo
1185 1031 1217 1084 te
1239 1030 1325 1085 tanto
1347 1025 1444 1102 magis¹

99 1117 197 1180 errori
219 1117 393 1197 obstringis.
439 1116 501 1180 Sed
525 1117 657 1178 facessat
679 1116 784 1178 odiosa
807 1115 1017 1196 exprobratio,
1050 1120 1117 1174 orta
1148 1131 1186 1174 ex
1213 1112 1351 1191 contagio
1381 1104 1444 1174 tam
1497 1184 1502 1191 ,

99 1207 220 1268 vicinae
237 1207 419 1270 calumniae.
466 1206 573 1268 Dicam
594 1205 740 1286 ingenue,
774 1205 918 1276 candide,
949 1203 1158 1265 astronomica.
1205 1192 1251 1264 'liu
1272 1201 1444 1286 parallaxes

98 1298 205 1359 Lunae
229 1297 400 1377 explorasti·
417 1295 553 1369 seorsim,
578 1295 757 1376 diametrum
781 1291 820 1372 Q
846 1293 985 1362 seorsim,
1010 1292 1188 1354 diametmm
1210 1292 1332 1353 umbrae
1356 1308 1443 1351 seor-

98 1385 166 1448 sim.
213 1385 261 1448 Ex
285 1385 329 1446 his
353 1385 435 1447 nosti
457 1385 663 1448 Ptolemaeum
686 1383 834 1466 inquirere
858 1383 1048 1446 altitudinem
1073 1378 1112 1458 Q
1136 1399 1174 1442 ex
1196 1374 1299 1442 centro
1323 1382 1442 1449 Terrae,

99 1494 146 1536 ex*
162 1493 200 1536 ea
221 1474 391 1554 parallaxin
416 1471 467 1552 Q.
513 1473 579 1536 Hoc
602 1481 635 1536 tu
662 1473 825 1553 neglexisti
852 1474 1047 1544 existimans,
1078 1471 1212 1531 sufficere
1235 1477 1269 1530 ut
1290 1489 1310 1529 a
1330 1470 1443 1530 veteri-

97 1565 155 1626 bus
178 1571 211 1626 et
225 1564 365 1646 Tychone
390 1563 494 1626 itidem
518 1562 644 1625 seorsim
664 1561 831 1643 parallaxis
855 1559 896 1640 Q
920 1563 962 1624 sit
985 1567 1132 1622 assumta.
1169 1558 1262 1620 Atei
1284 1565 1317 1618 tu
1340 1559 1443 1619 Ptole-

5 1705 6 1708 ,
97 1671 217 1716 meeum
240 1652 377 1714 imitatus
401 1653 464 1728 (vel
482 1671 541 1714 non
557 1651 650 1716 multo
665 1651 755 1714 aliam
774 1652 956 1725 methodum,
981 1649 1125 1712 assumtis
1147 1647 1215 1709 aliis
1237 1666 1325 1733 quam
1338 1645 1444 1708 Ptole-

5 1763 6 1804 ι
97 1741 222 1816 maltis)
247 1757 284 1802 ex
306 1741 457 1824 parallaxi
474 1741 579 1810 Lunae
598 1742 626 1802 in
647 1743 775 1804 transitu
794 1741 915 1812 umbrae
935 1741 966 1801 e't
985 1738 1144 1801 latitudine
1158 1737 1291 1809 umbrae,
1314 1737 1444 1815 itemque

98 1851 139 1892 ex
167 1839 329 1911 apparente
359 1827 397 1908 Q
427 1831 593 1904 diametro,
627 1831 745 1910 qualem
776 1829 965 1904 assumsisti,
1000 1827 1203 1909 quaesivisses
1235 1835 1375 1906 tanquam
1408 1845 1446 1886 ex

5 1941 7 1980 l
97 1919 237 2002 genuinis
260 1919 659 2001 principiis-elongationem
683 1927 714 1981 et
736 1919 906 2000 parallaxin
929 1917 1025 1992 Solis,
1056 1929 1114 1978 non
1143 1922 1259 1976 tantum
1285 1934 1344 1976 non
1368 1914 1445 1976 banc

5 2033 7 2068 t
98 2009 270 2090 parellaxin
295 2006 335 2086 Q
360 2009 547 2093 invenisses,
572 2027 659 2089 quam
682 2008 784 2090 Tycho
808 2027 845 2069 ex
868 2007 1020 2069 veteribus
1043 2005 1175 2080 retinuit,
1200 2005 1255 2066 sed
1277 2001 1444 2083 deprehen·

96 2099 208 2172 disses,
234 2117 296 2162 rem
320 2097 383 2162 tibi
397 2098 486 2178 plane
511 2098 550 2158 ad
573 2096 760 2177 impossibile
783 2097 891 2160 redire.
930 2095 1021 2158 Certe
1044 2114 1101 2175 ego
1124 2112 1201 2165 nunc
1219 2094 1336 2165 demum
1357 2092 1445 2152 video

97 2186 267 2251 Ptolemaei
291 2187 459 2257 consilium,
484 2206 536 2250 cur
558 2187 610 2250 ille
633 2187 737 2250 Lunae
761 2194 792 2248 et
814 2204 868 2267 per
889 2205 956 2247 eam
970 2183 1052 2248 Solis
1071 2184 1247 2247 diametrum
1269 2183 1299 2245 in
1323 2181 1445 2261 eclipsi·
1559 2227 1564 2250 .

6 2353 7 2362 ἵ
96 2277 155 2340 bns
178 2295 233 2358 per
256 2281 325 2337 ante
349 2285 452 2338 notam
475 2273 663 2338 latitudinem
687 2282 719 2337 et
739 2275 851 2356 digitos
875 2274 1030 2355 eclipticas
1053 2273 1153 2334 metiri
1175 2270 1327 2344 maluerit,
1357 2281 1446 2349 qnam
1526 2271 1533 2278 '

5 2395 8 2436 p
98 2367 162 2429 alia
191 2365 320 2433 faciliori
347 2366 463 2434 ratione
490 2383 534 2426 ex
565 2365 640 2446 ipsis
669 2365 931 2448 observationibus
958 2363 1098 2425 deducta.
1143 2361 1223 2424 Nam
1249 2377 1296 2420 me
1325 2359 1445 2420 hercule

5 2465 7 2480 ’
99 2455 206 2517 modus
229 2474 283 2535 per
306 2475 339 2516 se
364 2454 509 2516 absurdus
535 2463 591 2516 est.
630 2453 665 2516 Si
689 2453 849 2516 etiamnum
868 2454 1012 2516 obscurus
1035 2450 1092 2513 tibi
1115 2451 1227 2524 videor,
1252 2449 1292 2510 ad
1313 2447 1445 2510 calculos

6 2609 7 2612 ,
97 2565 172 2617 eas,
206 2543 324 2605 statim*
341 2543 441 2605 omnia
470 2543 526 2606 tibi
554 2545 627 2606 fient
653 2541 803 2618 dilucida,
837 2561 892 2605 nec
921 2562 970 2604 me
1000 2541 1090 2621 plura
1107 2541 1211 2601 'verba
1236 2538 1336 2610 facere
1360 2555 1443 2617 opus.

5 2649 6 2656 ’
97 2633 239 2698 Invenies
262 2633 411 2694 rationem
434 2634 510 2694 adeo
534 2633 688 2705 lubricam,
711 2639 745 2702 ut
768 2633 848 2694 intra
871 2629 938 2696 900
956 2639 988 2694 et
1001 2629 1089 2695 2000
1112 2627 1350 2693 semidiametros
1373 2626 1446 2689 nihil
1520 2689 1524 2700 ,

5 2774 6 2785 ,
39 2740 45 2760 ·
98 2723 174 2787 certi
203 2721 339 2786 concludi
365 2741 457 2803 posse
486 2721 626 2785 videatur
655 2723 691 2784 de
719 2721 879 2785 altitudine
903 2715 997 2785 Solis'
1039 2718 1212 2783 Admodum
1242 2716 1348 2780 hilaris
1369 2735 1446 2792 sum,

97 2821 261 2895 postquam
293 2830 331 2873 ex
367 2813 474 2875 lacuna
505 2812 730 2875 contentionum
763 2811 888 2873 eluctari
920 2828 966 2871 me
998 2808 1103 2870 videor
1135 2808 1174 2869 ad
1208 2805 1448 2889 phuiosophicam

100 2900 353 2982 disceptationem
377 2908 467 2981 atque
497 2920 563 2962 eam
591 2918 675 2963 meae
702 2900 912 2981 professionis,
942 2897 992 2979 qui
1016 2898 1128 2977 Optioa
1154 2897 1272 2975 scripsi.
1318 2896 1462 2972 Videbis·

98 2992 193 3071 igitur
215 2992 245 3053 in
269 3010 334 3053 meo
359 3008 448 3070 opere
473 2990 574 3069 aliqua
590 2989 646 3051 tibi
665 2988 827 3069 placentia,
852 2988 954 3068 aliqua
972 2986 1133 3049 contraria.
1170 2985 1251 3047 Illud
1266 2985 1446 3046 eontrarium

5 3118 7 3155 5
96 3081 173 3153 tibi,
205 3080 282 3162 quod
313 3080 339 3141 si
367 3081 394 3151 b
422 3099 488 3141 cum
514 3076 553 3155 Q
579 3076 743 3158 (separatis
766 3077 832 3158 jam
859 3075 1082 3155 parallaxibns)
1111 3094 1169 3135 non
1197 3073 1347 3135 videbitur
1375 3072 1446 3133 alibi

5 3210 8 3247 p
96 3171 176 3251 plus,
200 3169 271 3231 alibi
293 3188 348 3249 per
371 3168 463 3230 aliam
487 3168 697 3230 refractionem
720 3166 816 3227 minus
837 3166 907 3227 'cum
931 3162 981 3242 Q,
1007 3164 1078 3245 quia
1100 3163 1242 3225 retractio
1264 3181 1323 3223 non
1346 3170 1448 3240 potest

98 3258 243 3321 divellere
266 3257 344 3319 visui
368 3258 479 3331 sidera,
503 3276 587 3339 quae*
603 3258 681 3320 citra
703 3254 917 3317 refractionem
938 3254 1115 3316 viderentur
1137 3252 1305 3331 conjuncta

5 3388 7 3405 ,
185 3344 257 3399 Haec
271 3346 402 3410 Kepleros,
421 3346 516 3411 reliqua
529 3346 585 3395 vide
602 3360 677 3409 snpra
689 3360 713 3409 p.
729 3341 762 3393 32
779 3358 814 3409 aq.
831 3372 863 3381 —
873 3344 1008 3408 Koplarnm
1024 3356 1112 3406 pamm
1122 3355 1229 3399 curasse,
1242 3346 1272 3389 nt
1280 3340 1344 3403 typis
1356 3340 1445 3389 emori-

5 3412 7 3489 J
96 3420 196 3469 teretur
213 3418 319 3479 libellus,
339 3420 408 3481 cujus
423 3424 518 3482 partem
534 3414 641 3478 (ominis
655 3412 757 3476 tabulis)
776 3420 907 3481 sequentes
925 3416 1034 3466 referunt
1051 3414 1168 3479 paginae,
1188 3418 1292 3476 apparet
1309 3426 1339 3461 ex
1354 3409 1395 3461 liis
1414 3411 1447 3460 ad

5 3508 8 3519 ’
96 3500 121 3551 J.
142 3498 267 3551 Remum
285 3512 350 3549 anno
371 3494 439 3547 tcta
458 3497 639 3549 cadaveris:
668 3488 755 3550 Meas
779 3486 1063 3549 transformationes
1087 3505 1165 3548 anno
1187 3481 1272 3548 1602
1293 3484 1469 3563 perfectas.

5 3568 7 3609 l
97 3588 131 3643 at
144 3580 301 3643 Hervarto
317 3580 489 3660 inscriptas,
515 3578 621 3658 dignas
641 3597 700 3639 non
719 3574 820 3659 judico
837 3596 913 3659 qnae
934 3577 1106 3638 inserantur
1129 3580 1242 3645 (Tabulis
1258 3578 1443 3645 Rudolpln'nia),

96 3668 168 3752 quia
197 3669 272 3731 nihil
300 3669 335 3730 de
367 3668 523 3748 principiis
551 3666 730 3749 Tychonicis
762 3674 899 3741 mutant;
932 3665 1117 3727 solummodo
1150 3662 1345 3745 aequationes
1377 3661 1446 3724 hinc

5 3820 8 3829 ,
96 3760 166 3821 inde
189 3756 326 3838 pauculis
350 3758 498 3837 scmpnlis
521 3756 641 3818 variant
663 3756 847 3819 necessitate
861 3753 1080 3838 hypothescon,
1103 3753 1229 3835 inques
1246 3750 1448 3833 Tychonicam

96 3847 192 3911 sumai
216 3848 500 3911 transformandam.

168 3954 297 4019 Inscripsit
314 3954 437 4019 Keplems
456 3953 504 4005 hoc
523 3952 683 4018 opusculum:

178 4044 468 4146 licosscrmatt'o
497 4046 718 4144 hypotheseos
743 4057 776 4117 ct
803 4044 1008 4117 tabularum
1034 4042 1262 4122 Lucetium,
1291 4064 1377 4136 quos

212 4177 396 4251 pecorosus
423 4177 464 4225 ac
491 4152 700 4253 anagogicos
727 4150 782 4223 D.
810 4150 865 4222 D.
899 4147 1087 4223 TYOHO
1113 4146 1329 4231 BRAHE,

5 4298 30 4331 r·
97 4285 196 4357 eques
219 4259 365 4341 Dauos,
394 4258 580 4331 Dominus
607 4260 647 4332 irc
668 4256 915 4357 Knodstrupp
943 4270 974 4330 ct
1004 4257 1210 4355 Uraoiborp
1231 4260 1305 4345 dra,
1335 4254 1449 4327 nostri

5 4388 6 4419 ι
98 4367 208 4441 secoli
239 4366 328 4439 altor
359 4364 613 4464 Hipparchus,
648 4364 733 4440 libro
761 4366 886 4463 primo
918 4365 1284 4465 Propymrtocmotum
1322 4360 1448 4443 edidit,

5 4472 6 4479 '
361 4464 566 4581 ‘quolibet‘
590 4472 686 4546 illios
712 4498 794 4545 osus
811 4468 1168 4573 facilior'reddt'tar,

590 4580 803 4653 concionata
828 4578 973 4677 Proque

543 4712 565 4757 o
590 4684 645 4757 M.
682 4685 823 4758 Jooavcc
857 4685 1014 4785 Koplero

435 4796 444 4821 ⁸
534 4848 536 4853 ,
608 4790 635 4840 S.
657 4791 683 4841 0.
703 4789 737 4841 Μ.
758 4790 948 4843 Mathematico.

171 4838 375 4941 ssaessarunc
389 4882 490 4949 ,Lincii,
512 4898 583 4937 anno
604 4882 773 4953 potissimum
796 4877 880 4948 1616,
902 4883 1018 4954 sparsim
1039 4882 1152 4937 tabulae
1173 4879 1280 4952 aliquot
1300 4894 1389 4934 novae
1410 4880 1447 4932 ad

5 4956 6 4995 ¹
106 4964 229 5047 sudoris
250 4978 359 5019 sensnm
379 4964 488 5034 proprie
510 4964 738 5021 accommodatae.

1178 5050 1238 5104 dd*
