3517 5525
412 365 499 433 92
691 450 700 460 ι
1141 359 1146 369 ’
1265 365 1464 417 Literae
1500 364 1706 431 Kepleri
1738 366 2042 433 aliorumque
2076 369 2278 420 mutuno

413 552 466 616 d
496 541 576 623 Θ
625 543 949 608 metiantur
1010 549 1309 623 tempora,
1375 550 1440 606 et
1483 543 1641 606 illae·
1682 543 1923 625 quidem
1969 562 2045 605 ex
2089 543 2204 607 hac
2256 540 2592 624 posteriore
2658 537 3116 607 secanti-initote

415 641 820 697 exstruantur.

590 723 764 785 Petis
810 730 878 785 ut
925 720 1335 800 ellipoides
1384 739 1581 782 meum
1626 720 1945 783 declarem.
2037 720 2166 783 Imo
2215 717 2536 782 declarabo
2581 716 2661 791 id,
2711 715 2882 795 cujus
2929 731 3118 777 causa

327 802 333 810 ’
413 810 625 894 putavi
668 810 960 875 hactenus
1008 809 1405 891 expetendum
1452 828 1588 871 esse
1637 810 1952 891 ellipoides
1992 810 2153 877 (cum
2182 828 2338 873 nnnc
2384 805 2805 871 limitationem
2851 803 3117 886 aliquam

412 901 649 963 videam
689 947 704 964 .

591 901 801 1053 Sgribe
874 987 1204 1069 perfectum
1282 986 1569 1049 circulum
1644 986 2092 1049 eccentricitate
2160 982 2331 1051 9165
2407 985 2481 1048 de
2553 980 2832 1049 100000.
2951 981 3116 1061 Ergo

418 1078 620 1154 (Eucl.
666 1079 782 1155 111,
834 1074 907 1152 7)
951 1075 1217 1156 -quodvis
1281 1085 1565 1155 punctum
1625 1076 1983 1139 semicirculi
2046 1075 2302 1139 distabit
2349 1075 2526 1138 aliter
2570 1094 2609 1135 a
2655 1076 2936 1150 suscepto
2980 1071 3113 1132 loco

418 1176 734 1232 eccentro:
775 1167 908 1249 jam
955 1164 1229 1227 adscribe
1277 1164 1591 1245 ellipoides
1636 1165 1733 1228 his
1781 1165 2041 1245 legibus,
2090 1172 2160 1227 ut
2205 1184 2359 1245 quae
2406 1170 2503 1227 est
2553 1159 2857 1244 proportio
2904 1158 3114 1241 cujus-

417 1277 527 1339 que
574 1255 901 1320 distantiae
948 1254 1027 1317 ad
1072 1253 1459 1329 mediocrem,
1529 1254 1679 1316 haec
1724 1254 1810 1318 sit
1865 1253 1992 1334 jam
2055 1254 2362 1336 proportio
2426 1250 2749 1316 mediocris
2811 1266 2989 1312 arcus
3035 1247 3117 1310 ad

417 1366 623 1410 arcum
668 1343 970 1427 ellipoidis
1014 1344 1476 1423 respondentem
1514 1344 1863 1419 distantiae,
1913 1342 2012 1405 ubi
2039 1344 2281 1423 fingitur
2325 1344 2574 1423 planum
2609 1339 2818 1404 circuli
2865 1336 3114 1400 infinitis

655 1485 669 1500 .
1053 1432 1228 1494 lineis
1294 1431 1588 1507 divisum
1654 1451 1762 1495 eas
1806 1432 2018 1512 putavi
2060 1432 2122 1495 in
2176 1432 2307 1513 ipso
2367 1431 2546 1514 plano
2607 1430 2806 1491 inesse
2871 1426 3117 1489 frustra.

614 1485 723 1553 ΡΨ·
759 1482 872 1651 πυ
1054 1518 1363 1624 Siquidem
1410 1522 1588 1629 eir-B·
1614 1532 1820 1623 centro
1868 1520 2224 1584 ducerentur
2267 1522 2482 1624 lineae.
2511 1519 2591 1583 ad
2636 1515 2922 1620 aequales
2967 1534 3116 1596 gra-

631 1627 960 1771 ΞωἪ
1049 1609 1350 1776 3¹:33⁰
1371 1611 1726 1781 35:¹23ss
1758 1610 3117 1780 ᾇῗῖἶρῖῗζιέᾟωῗῖῗῖΐηὲωἰῖἱῗ

543 1751 738 1875 ¹3³3}-
872 1835 928 1900 Ι
1046 1786 1180 1862 BD,
1227 1787 1357 1864 BE,
1404 1788 1530 1863 BF,
1577 1787 1715 1860 BG,
1763 1788 1896 1863 BH,
1943 1789 2049 1864 131,
2101 1789 2314 1851 eadem
2361 1794 2529 1852 esset
2573 1785 2739 1866 plani
2785 1782 2989 1850 camuli
3037 1781 3116 1844 ad

775 1875 928 1980 *22'122324
1044 1875 1291 1980 planum
1335 1874 1547 1941 IFOB.
1638 1877 1733 1941 At
1777 1898 1895 1941 non
1943 1878 2052 1952 sic,
2097 1878 2152 1941 si
2198 1879 2274 1941 ab
2322 1878 2536 1941 iisdem
2595 1872 3114 1976 circumferentiae

691 1999 964 2136 ῗῑῑᾞ
1044 1967 2390 2138 {2¹:¹⁰3}03¹¹gs⁸m¹¹²ffl²2m3⁰z³33mi⁰¹¹ff33
2425 1964 3120 2134 313..¹¹.222m,.¹;¹.3²22¹¹3¹3

1044 2161 1201 2224 gaea
1243 2144 1592 2225 perigaeam
1638 2164 2031 2227 compensare
2059 2146 2322 2222 videtur,
2369 2151 2694 2227 propterea
2720 2151 2784 2206 et
2809 2137 3117 2222 proportio

895 2224 972 2304 *lgr
1044 2233 1233 2296 totius
1278 2233 1360 2295 ad
1402 2242 1611 2314 partes
1656 2234 1959 2297 turbatur.
2368 2276 2381 2320 ¹.

647 2381 655 2388 ,,
675 2368 691 2408 4
711 2396 723 2408 ..
924 2328 928 2355 ¹
1216 2320 1359 2386 Jam
1401 2324 1591 2403 primo
1639 2323 1918 2387 desidero
1973 2322 2444 2386 nominationem
2491 2327 2558 2382 et
2599 2316 3008 2384 definitionem
3051 2324 3118 2381 et

683 2412 928 2492 '···‘³·*:÷.÷.‚„-fl
1041 2412 1470 2491 geometricam
1515 2411 1982 2494 descriptionem
2025 2413 2212 2494 plani,
2273 2411 2433 2494 quod
2478 2410 2568 2471 sic
2613 2410 2697 2471 sit
2744 2407 2824 2472 ad
2865 2408 3114 2488 planum

1052 2499 1295 2576 circuli,
1360 2502 1521 2564 sicut
1577 2511 1676 2564 est
1736 2521 1972 2565 summa
2030 2500 2399 2566 infinitarum
2453 2518 2533 2561 ex
2574 2499 2635 2562 A
2683 2495 2761 2560 ad
2827 2514 3114 2559 summam

420 2590 781 2657 infinitarum
825 2604 905 2650 ex
946 2587 1002 2650 B
1044 2587 1109 2652 in
1172 2591 1416 2653 easdem
1478 2591 1813 2673 aequaliter
1871 2599 2134 2655 remotas
2193 2590 2399 2654 circuli
2461 2584 2976 2652 circumferentias
3021 2585 3122 2647 vel

421 2689 664 2766 puncta.
756 2676 879 2739 Vel
923 2675 1099 2741 detur
1143 2677 1365 2742 saltem
1406 2680 1652 2762 planum
1716 2682 1970 2765 aequale
2030 2678 2306 2744 excessui
2366 2696 2630 2741 summae
2693 2676 3120 2740 distantiarum

424 2771 501 2835 ab
546 2770 609 2834 A
652 2785 834 2848 super
877 2785 1169 2851 summam
1216 2770 1640 2833 distantiarum
1685 2793 1725 2833 a
1769 2773 1845 2834 B.
1918 2771 2152 2834 Deinde
2214 2769 2267 2834 si
2325 2776 2394 2832 ut
2451 2787 2686 2831 summa
2728 2763 2877 2830 IAC
2924 2765 3119 2828 linea-

424 2880 554 2925 rum
599 2858 681 2920 ad
724 2875 1019 2921 summam
1061 2857 1202 2925 1130
1249 2858 1542 2923 linearum
1586 2879 1661 2922 ex
1715 2861 1930 2923 iisdem
1990 2861 2231 2942 punctis
2290 2855 2802 2922 circumferentiae
2823 2903 2841 2930 ,
2906 2853 2995 2916 sic
3039 2853 3124 2914 sit

426 2947 511 3014 CI
555 2967 730 3011 arcus
776 2946 985 3008 circuli
1030 2947 1109 3009 ad
1155 2945 1269 3010 CK
1317 2967 1518 3012 arcum
1563 2949 1862 3030 ellipoidis
1883 2997 1900 3026 ,
1947 2958 2017 3013 ut
2059 2949 2214 3026 KA,
2261 2949 2353 3012 IA
2415 2945 2540 3023 siut
2595 2945 2880 3027 aequales
2938 2945 3121 3023 (qnae

425 3039 526 3103 lex
567 3044 668 3101 est
709 3034 1090 3099 describendi
1134 3044 1198 3099 et
1242 3037 1593 3101 incurvandi
1646 3057 1824 3101 arcus
1887 3040 2194 3119 hucusque
2257 3057 2367 3119 per
2409 3035 2680 3110 minima,
2739 3033 2898 3115 quod
2941 3031 3118 3107 addo,

425 3146 499 3193 ne
544 3126 678 3207 ejus
723 3122 989 3188 curvitas
1036 3144 1151 3190 non
1219 3126 1463 3190 definita
1518 3131 1828 3208 putetur),
1878 3128 1962 3204 si,
2009 3128 2252 3208 inqu’am
2272 3175 2289 3202 ,
2336 3125 2452 3188 hoc
2497 3126 2586 3187 ita
2628 3124 2749 3198 sit,
2812 3120 3124 3204 quaeritur

426 3217 681 3299 angulus
725 3210 923 3278 KAC.
1012 3213 1129 3277 Dic
1193 3216 1405 3297 quibus
1470 3215 1528 3279 in
1593 3218 1857 3281 numeris
1921 3226 1984 3280 et
2044 3219 2164 3282 eris
2227 3215 2374 3278 mihi
2436 3232 2688 3294 magnus
2738 3210 3120 3294 Apollonius.

423 3305 803 3372 Immortales
847 3301 1081 3366 habebo
1126 3307 1360 3384 gratias
1405 3306 1617 3386 Belgis
1661 3309 1814 3376 tuis,
1859 3307 1962 3370 ubi
2005 3324 2100 3369 me
2149 3303 2596 3370 sublevaverint
2639 3308 2708 3372 (v.
2744 3325 2794 3376 p.
2831 3307 2944 3373 87).

599 3394 770 3458 Inter
829 3391 1208 3456 scribendum
1265 3394 1511 3470 incidit,
1570 3396 1726 3474 quod
1792 3414 2088 3475 nunquam
2150 3395 2445 3457 antehac:
2511 3393 2671 3455 sicut
2723 3398 2820 3454 est
2879 3392 3124 3472 planum

427 3483 763 3568 quaesitum
816 3483 897 3545 ad
959 3482 1203 3564 planum
1264 3483 1505 3557 circuli,
1575 3483 1661 3545 sic
1725 3503 1861 3546 esse
1920 3480 2461 3547 circumferentiam
2523 3480 2730 3544 circuli
2788 3487 2985 3543 totam
3043 3477 3124 3541 ad

427 3572 971 3639 circumferentiam
1016 3571 1334 3650 ellipoidis.
1425 3572 1639 3653 Itaque
1687 3583 1945 3653 apparet
2007 3572 2344 3634 necessitas
2403 3569 2662 3651 quaesiti
2718 3568 2918 3649 plani,
2967 3567 3124 3651 quod

426 3682 544 3728 nou
591 3667 688 3725 est
742 3661 832 3723 ita
887 3659 1128 3723 difficile
1190 3660 1476 3736 inventn;
1537 3659 1651 3722 hoc
1711 3662 1870 3722 enim
1927 3660 2136 3723 habito
2201 3679 2376 3723 arcus
2440 3656 2737 3740 ellipoidis
2802 3656 3121 3723 dabuntur.

425 3753 564 3818 Erit
608 3758 808 3814 antem
855 3750 1013 3811 alter
1058 3758 1121 3810 et
1165 3748 1321 3811 sorte
1368 3749 1667 3813 difficilior
1719 3749 1918 3825 labor,
1975 3749 2318 3812 inveniendi
2376 3767 2718 3812 mensuram
2772 3747 3123 3828 angulorum

432 3843 513 3906 ad
536 3839 599 3905 A
644 3840 773 3914 (vel
818 3839 1007 3903 etiam
1043 3838 1123 3900 ad
1155 3837 1260 3915 B),
1312 3857 1459 3920 quos
1505 3859 1682 3902 arcus
1726 3838 2042 3920 ellipoides
2076 3837 2406 3902 subtendit.
2477 3837 2672 3902 Erunt
2716 3837 2874 3900 enim
2918 3835 3122 3916 anguli

430 3929 763 3996 anomaliae
809 3933 1212 4008 coaequatae,
1272 3926 1410 4008 quia
1451 3928 1514 3992 A
1555 3928 1685 3992 Sol.
1776 3930 1869 3992 'sti
1912 3929 2044 4009 jam
2101 3934 2205 3991 sta
2264 3926 2579 4008 promissis
2645 3934 2711 3988 et
2765 3939 3120 4007 responsum

429 4019 595 4084 intra
637 4016 680 4082 2
726 4035 963 4082 menses
1007 4035 1283 4097 procura,
1328 4024 1398 4078 ut
1442 4018 1672 4080 scribis.

603 4105 938 4170 Diminutio
981 4123 1162 4170 verae
1207 4106 1677 4169 ecceutricitatis
1728 4106 1889 4168 infra
1939 4105 2248 4172 dimidium
2291 4105 2758 4170 eccentricitatis
2806 4102 3121 4184 aequantia

430 4198 495 4264 in
535 4195 791 4280 singulis
836 4194 1075 4277 quidem
1115 4194 1377 4279 planetis
1422 4197 1654 4271 variat,
1719 4197 1830 4258 sed
1887 4195 2268 4260 nihilominus
2313 4197 2376 4260 in
2422 4214 2538 4260 uno
2585 4194 2786 4276 aliquo
2831 4199 3121 4256 constans

431 4292 532 4353 ost
574 4294 640 4350 et
680 4292 991 4368 perpetua.

607 4374 724 4440 Ad
766 4374 1062 4456 quintas
1106 4374 1165 4437 d.
1196 4373 1255 4434 d.
1285 4367 1392 4435 26.
1421 4372 1790 4436 Decembris.
1857 4373 1960 4435 Ad
1997 4373 2333 4438 uberiorem
2369 4371 2837 4436 declarationem
2873 4369 3119 4451 proble—

435 4465 616 4530 matis
662 4472 728 4529 st
767 4471 837 4527 ut
878 4470 1187 4544 appareat,
1235 4463 1408 4543 quale
1452 4462 1698 4543 planum
1739 4480 2042 4542 quaeram.
2135 4461 2361 4527 centro
2407 4463 2460 4525 B
2506 4470 2637 4537 (Fig.
2679 4467 2771 4531 28)
2825 4458 3123 4523 scribatur

434 4555 692 4621 circulus
739 4550 847 4617 ΟΕ
892 4551 1119 4615 divisus
1165 4551 1224 4614 in
1268 4559 1475 4632 partes
1496 4578 1500 4587 ·
1521 4559 1891 4632 quotcunque
1939 4553 2246 4632 aequales.
2341 4551 2482 4614 Sint
2537 4549 2894 4615 semicirculi
2941 4546 3124 4610 divisi

436 4651 661 4727 puncta
704 4642 777 4721 G,
826 4639 905 4717 G,
953 4641 1033 4716 H,
1090 4639 1144 4702 E
1201 4639 1262 4702 in
1329 4641 1662 4722 quadrante
1721 4640 2049 4720 superiore,
2094 4641 2172 4717 D,
2219 4640 2296 4718 U,
2345 4641 2426 4716 V,
2472 4641 2525 4705 F
2577 4640 2639 4704 in
2685 4638 3002 4703 inferiore:
3057 4644 3123 4699 et

438 4742 647 4817 partes
672 4732 798 4796 sint
821 4729 956 4814 pari
999 4746 1265 4804 numero,
1309 4737 1380 4792 ut
1406 4730 1547 4794 bina
1590 4737 1815 4809 puncta
1850 4730 1973 4795 siut
2001 4747 2079 4792 ex
2102 4730 2155 4793 B
2195 4738 2399 4793 centro
2450 4729 2742 4811 opposita.
2787 4728 3122 4809 Ejiciantur

438 4840 547 4904 per
586 4825 644 4887 B
687 4829 891 4885 rectae
926 4821 987 4884 in
1013 4827 1256 4900 puncta,
1301 4826 1368 4881 et
1405 4819 1472 4883 in
1516 4819 1724 4883 harum
1769 4819 1969 4899 aliqua
2003 4827 2274 4883 sumatur
2319 4830 2602 4900 punctum
2628 4818 2690 4879 A
2727 4817 3123 4880 eccentricum

388 4962 393 4967 .
438 4917 511 4976 et
549 4918 940 4978 connectatur
1002 4927 1137 4973 cum
1197 4909 1436 4990 punctis
1489 4907 2022 4974 circumferentiae.
2115 4908 2312 4990 Igitur
2365 4905 2499 4994 CB,
2544 4908 2659 4973 BD
2703 4918 2770 4972 et
2814 4904 2956 4984 CA,
3001 4903 3121 4970 AD
