3517 5525
480 17 495 38 ,ts
620 12 624 23 ¹
642 20 647 33 r
668 17 674 40 ,¹

495 53 510 70 ,ι’
636 52 648 83 'v‘

509 101 513 108 Ι
615 82 644 107 (Δι’

514 129 518 136 ι
615 118 619 129 Ρ

542 136 564 159 ltu
610 141 631 165 χ,

463 181 468 188 .
480 41 534 197 x*
553 162 570 209 ,ς
631 194 632 197 ¹

615 202 632 231 l'

558 456 569 498 ,ῑ
598 427 738 500 fflt’ltffl
756 425 896 502 mm
1349 427 1413 505 005

78 613 108 678 iu
132 609 217 676 anuis
231 610 436 674 Nabouassari
460 611 527 702 (ssa
550 611 639 673 bomo
657 613 720 694 jam
741 612 776 690 is,
801 631 854 674 seu
870 611 972 674 labala
989 611 1103 686 luerit),
1125 611 1154 675 in
1177 613 1283 694 quibus
1306 620 1338 676 et
1358 633 1414 676 nos
1529 677 1541 690 ‚

79 693 167 764 hodie
197 701 393 764 certissimum
425 699 521 763 lecum
553 701 717 764 invenimus
746 703 842 764 nostri
869 703 1013 781 temporis
1037 702 1231 780 assIgnatum.
1276 704 1415 783 Amplius
1457 696 1460 704 ’

79 801 204 871 utraque
229 789 340 851 sociam
363 789 455 854 babet
470 798 568 852 astate
583 790 798 854 Timocharidis
815 791 1032 870 conscriptam
1056 808 1147 870 quare
1170 799 1232 854 tam
1249 799 1334 855 certa
1356 800 1414 867 est,

79 897 168 960 quam
185 899 240 940 sua
253 881 343 940 socia.
377 879 512 961 Denique
532 887 654 959 utraque
673 897 726 958 per
741 881 848 941 Lunae·
858 879 1058 958 praesentiam
1082 879 1126 940 ita
1148 888 1301 942 serta·est
1324 881 1414 953 lacta,

79 977 114 1030 ut
137 987 194 1030 non
217 968 314 1048 possit
334 967 452 1030 certior.
469 966 545 1030 'Ito
569 968 647 1030 enirn
670 977 700 1028 et
723 969 802 1031 iutra
827 963 885 1031 10⁰
907 969 955 1029 vel
978 963 1036 1030 12⁰
1056 967 1240 1032 vicinitatem
1258 970 1361 1031 Lunae
1384 977 1417 1033 st

80 1056 209 1120 Veneris
236 1066 289 1118 aut
310 1058 413 1120 Lunae
441 1065 471 1119 et
493 1057 633 1120 Mercurii
660 1056 896 1137 coujunctIonem
927 1059 1037 1128 talem,
1069 1074 1143 1137 quae
1176 1058 1214 1120 ad
1242 1073 1415 1137 expressum
1499 1101 1504 1112 ι

78 1145 159 1208 diem
177 1145 288 1207 mensis
302 1145 447 1227 Aegyptii
460 1146 593 1228 expressi
616 1147 751 1228 quadret,
773 1148 854 1220 intra
875 1165 934 1208 non
957 1149 1032 1210 duos
1055 1146 1102 1206 vel
1125 1154 1197 1222 tres,
1220 1148 1274 1207 sed
1297 1148 1415 1209 omuino

78 1235 222 1316 plurimos
245 1253 339 1296 annos
363 1235 492 1298 invenito
516 1237 614 1308 allam,
640 1255 727 1317 qnam
747 1244 795 1297 est
813 1255 850 1297 ea
864 1255 950 1317 quam
966 1235 1156 1296 Ptolemaeus
1174 1235 1340 1297 annotant.
1369 1237 1416 1297 De

79 1325 169 1386 Luna
190 1323 267 1406 qnid,
283 1323 383 1386 verbis
412 1343 486 1404 opus
511 1325 581 1386 est?
626 1325 753 1396 Quando
786 1325 862 1386 enlm
886 1342 996 1406 quaeso
1019 1323 1075 1385 hoe
1098 1323 1334 1386 animadversum
1358 1332 1415 1397 est,

79 1413 197 1475 Lunam
219 1421 326 1475 exacto
355 1431 432 1474 anno
459 1414 507 1474 vel
529 1412 649 1475 Juliano
677 1413 724 1473 vel
747 1413 900 1496 Aegyptio
931 1431 1046 1476 rursum
1078 1412 1183 1474 eodem
1211 1411 1260 1474 die
1286 1421 1319 1474 et
1343 1413 1417 1474 bora

80 1501 161 1576 diei,
193 1519 250 1562 nou
274 1501 372 1567 dicam
387 1501 425 1563 in
449 1501 552 1562 eodem
575 1501 669 1582 gradu
692 1500 740 1563 vel
764 1501 847 1582 ,signi
875 1501 1006 1577 decano,
1038 1502 1090 1564 sed
1118 1501 1237 1564 omnino
1260 1500 1290 1562 in
1313 1501 1418 1562 eodem

3 1621 6 1630 ·
80 1591 247 1671 quadrante
278 1591 397 1652 zodiaci·
425 1590 535 1663 fuisse,
568 1609 624 1670 quo
646 1599 718 1653 erat
745 1589 774 1652 in
803 1598 944 1669 suscepto
971 1591 1114 1674 temporis
1135 1587 1306 1672 principio?
1348 1589 1417 1651 Non

80 1688 186 1760 potest
207 1679 316 1759 itaque,
342 1697 485 1760 expressa
507 1681 581 1742 hora
603 1679 672 1755 diei,
696 1680 743 1741 die
768 1679 878 1742 mensis
894 1679 970 1742 certi
988 1680 1107 1744 etlooo
1122 1682 1218 1754 Laus,
1241 1677 1418 1760 praesertim

9 1774 15 1786 '
80 1769 289 1850 conjunctione
313 1788 380 1830 curn
407 1767 480 1843 fixa,
511 1768 604 1830 errari
631 1787 690 1830 uno
711 1769 759 1830 vel
782 1768 898 1830 duobus
920 1768 1015 1831 anuis.
1054 1768 1263 1832 -Noveudecim
1284 1768 1418 1847 integros

80 1856 404 1920 intercedsrsnecesse
426 1866 485 1932 est,
509 1856 557 1919 vel
580 1861 660 1918 certe
684 1865 759 1919 octo.
797 1859 843 1919 De
861 1854 1028 1936 'eclipsibus
1050 1875 1099 1919 res
1121 1866 1170 1922 est
1190 1865 1276 1920 tanto
1299 1855 1420 1928 certion-

81 1959 196 2028 qusnto
216 1947 302 2028 plura
324 1955 502 2009 concurrunt
523 1945 675 2025 requisita,
700 1962 775 2027 quae
791 1964 848 2006 non
868 1963 1040 2026 quocunque
1063 1964 1165 2008 mense
1187 1955 1315 2028 possum
1335 1943 1419 2007 acci-

81 2035 169 2110 dere,
200 2037 252 2098 sed
282 2055 319 2096 ne
347 2031 411 2098 ¹dios
435 2034 553 2117 quidem
577 2035 678 2096 unicus
701 2035 817 2095 deesse.
830 2043 933 2114 potest
955 2035 1156 2097 observationi
1178 2035 1291 2098 Lunae.
1337 2030 1421 2096 natu
1524 2114 1527 2118 ι

82 2125 162 2189 enim
187 2143 264 2186 anno
288 2132 319 2185 et
342 2140 443 2186 menso
466 2143 531 2186 cum
555 2124 619 2185 loco
643 2122 745 2184 Lunae
769 2123 857 2185 datur
879 2122 954 2198 dies,
979 2133 1010 2183 et
1031 2123 1164 2186 vicissIm
1187 2124 1235 2186 die
1257 2123 1330 2185 data
1352 2139 1419 2184 cum

81 2213 193 2276 ceteris
216 2212 304 2274 datur
326 2231 430 2274 annus.
477 2213 526 2275 Ita
553 2211 725 2287 conficitur,
747 2220 780 2274 nt
808 2211 865 2272 etsi
894 2211 1053 2281 concedam
1075 2211 1279 2274 Ptolemaeum
1301 2227 1424 2284 errasse,

80 2303 114 2364 irs
143 2301 229 2364 annis
252 2301 487 2381 Imperatorum,
519 2309 620 2363 tamen
649 2297 873 2364 observationes
901 2309 1044 2363 maneant
1062 2300 1099 2364 iu
1132 2302 1195 2366 suis
1227 2299 1332 2377 anuis,
1364 2317 1420 2362 uec

82 2391 201 2454 ratione
225 2409 367 2452 annorum
391 2389 521 2453 incertae
543 2391 625 2454 liant

171 2479 291 2554 Restat,
315 2487 349 2541 ot
370 2479 407 2540 de
426 2477 559 2541 historiis
574 2497 670 2559 panca
684 2477 789 2550 dicam,
812 2497 866 2540 nec
889 2477 967 2540 enirn
990 2486 1039 2540 est
1060 2497 1128 2540 mea
1148 2479 1296 2558 professio
1317 2477 1350 2540 iu
1372 2479 1421 2542 hia

83 2567 191 2631 literis.
229 2569 275 2631 Ac
290 2568 394 2649 Magn.
411 2569 493 2632 'lirae
513 2567 656 2648 judicium
677 2565 819 2630 libentius
842 2567 972 2642 audiam,
995 2567 1022 2628 si
1043 2567 1233 2632 Ptolemaeus
1253 2566 1341 2630 nobis
1363 2568 1420 2630 ob-

84 2657 274 2721 servationes
290 2657 447 2738 depromit,
471 2672 593 2737 quarum
617 2657 744 2722 anobis
767 2663 847 2718 retro
871 2654 1048 2719 distantiam
1070 2649 1221 2720 babemus·
1237 2665 1358 2731 certam,
1381 2655 1423 2718 iis

83 2767 156 2814 vero
180 2747 256 2809 alios
270 2747 485 2829 Imperatorum
501 2764 598 2809 annos
618 2744 763 2816 attribuit,
786 2765 874 2827 quam
897 2745 951 2807 alii
971 2743 1107 2808 historici
1129 2746 1292 2810 attribuere
1313 2745 1421 2809 viden·

84 2846 136 2900 tnr
159 2835 282 2909 (itemm
304 2834 333 2897 iu
351 2836 535 2915 distantias
557 2834 642 2897 nobis
665 2834 771 2907 retro),
794 2843 892 2897 utrum
915 2834 1082 2897 laciendum
1104 2833 1165 2896 sit:
1192 2836 1421 2898 Ptolemaeus-s

78 2922 198 2989 'erroris
221 2924 389 3004 arguendus
413 2924 616 2986 circa'stilum
641 2921 686 2984 sui
699 2922 816 2997 seculi,
848 2940 887 2983 an
909 2922 1044 2985 historici
1067 2941 1102 2986 eo
1125 2923 1330 3003 posteriores?
1373 2923 1420 2984 De

85 3034 161 3077 aera
181 3014 259 3076 enim
282 3012 387 3077 mortis
401 3012 568 3077 Alexandri
581 3030 678 3073 causa
701 3010 730 3072 in
751 3012 889 3077 confesso
912 3020 969 3085 est,
991 3012 1051 3075 sita
1074 3031 1177 3094 nempe
1199 3012 1229 3075 in
1253 3011 1422 3093 ignorantia

85 3102 308 3182 chronologiae.
353 3103 429 3165 Mihi
458 3101 621 3164 astronomi
647 3099 791 3162 certiores
822 3108 987 3179 temporum
1019 3100 1207 3164 characteres
1233 3101 1264 3163 in
1292 3100 1421 3162 siderum

86 3190 240 3273 aequabili
261 3198 343 3253 motu
365 3191 439 3264 (nisi
457 3192 533 3252 hunc
549 3188 730 3268 negaveris),
754 3206 842 3269 qnam
865 3188 999 3250 historici
1020 3189 1051 3251 iu
1073 3188 1135 3251 snis
1157 3190 1311 3252 consulum
1334 3195 1421 3250 cats-

4 3296 6 3313 “
86 3282 166 3361 logis
185 3280 294 3343 babere
309 3280 455 3343 videbtnr.
493 3279 594 3352 Quare
617 3278 695 3339 malo
717 3284 840 3358 propter
859 3277 1059 3342 astronomiae
1073 3277 1421 3358 certitudinemobloqui

87 3369 197 3445 factis,
230 3388 317 3450 qnam
348 3377 469 3450 propter
495 3365 765 3447 turbatissimorum
791 3365 936 3427 laetorum
965 3366 1143 3447 (quicunqne
1166 3375 1422 3449 quantumcunque

87 3458 249 3541 mendicatj
274 3458 349 3533 sint)
372 3452 527 3532 lidociam,
543 3476 545 3483 ·
559 3454 757 3519 astronomiae
780 3454 860 3517 filum
878 3454 1062 3521 Daedaleam
1085 3474 1101 3515 e
1123 3457 1258 3520 manibus
1280 3454 1421 3535 aincsre.
1542 3449 1544 3452 ’

86 3548 158 3611 Non
181 3554 246 3608 erat
269 3546 370 3629 itaque
393 3546 587 3621 inferendum,
612 3561 713 3607 omnes
732 3542 957 3607 observationes
972 3544 1136 3606 Ptolemaei
1154 3564 1231 3608 anno
1251 3560 1310 3607 uno
1332 3544 1423 3607 eitius

87 3635 264 3715 contigisse,
289 3655 376 3717 quam
392 3636 430 3697 ab
454 3642 573 3697 anctore
595 3632 805 3708 inscribantur,
829 3633 883 3694 sed
898 3632 954 3695 hoc
971 3633 1081 3711 potios,
1106 3641 1207 3696 omues
1221 3635 1422 3715 Imperatores
1530 3654 1535 3666 ·

86 3744 147 3789 uno
171 3742 248 3787 anno
270 3724 387 3787 tardius
408 3724 552 3805 coepisse,
576 3742 662 3803 quam
686 3720 1076 3787 Ptolemaeustradiderit:
1104 3722 1249 3804 'siquidem
1269 3720 1422 3786 historicis

88 3813 188 3877 eredis
215 3823 246 3877 et
274 3812 457 3894 antiquariis
477 3818 581 3873 contra
610 3808 819 3891 Ptolemaeum¹
843 3808 1003 3888 aisossqr,
1032 3830 1090 3874 non
1117 3812 1195 3874 enim
1220 3812 1429 3893 Imperatores,

87 3922 229 3967 mensura
252 3910 322 3965 snut
343 3908 475 3964 motuum
496 3898 681 3974 coelestium,
703 3897 758 3961 sed
778 3898 810 3962 hi
833 3900 1048 3981 Imperatomm
1069 3907 1102 3962 et
1123 3900 1324 3981 Imperioram.

93 4059 99 4069 ,
179 3990 259 4064 Quid
281 3989 448 4071 Bnutingus
471 3988 501 4050 in
525 3986 709 4051 ordinatione
731 3989 885 4052 consulum
906 3985 1106 4067 praestiterit,
1133 3989 1295 4051 astronomi
1316 4007 1425 4070 parum.

88 4084 237 4145 interesse
267 4086 339 4160 puto
369 4085 403 4141 nt
434 4077 538 4151 sciat,·
559 4076 616 4139 nisi
644 4084 790 4157 quatenus
813 4076 940 4157 eclipses
964 4076 1079 4157 aliquas
1102 4085 1322 4153 monstrantur,
1346 4097 1421 4160 quae

88 4179 209 4253 postea,
231 4168 303 4233 dato
326 4185 469 4229 annorum
492 4164 630 4250 confinio,
653 4173 832 4247 quaeruntur
854 4166 892 4229 ab
914 4172 1102 4240 astronomo,
1125 4173 1270 4249 uteunque
1292 4167 1422 4231 habente

91 4257 286 4321 annotatione
308 4274 361 4336 per
384 4256 531 4317 consules.
577 4254 611 4318 Si
634 4252 843 4336 intempestive
870 4254 970 4317 omisit
996 4254 1065 4317 illos
1088 4256 1224 4317 consules
1246 4276 1323 4319 anno
1349 4252 1421 4331 132,

90 4348 171 4431 quod
184 4348 227 4410 M.
242 4346 332 4408 'que'
344 4362 381 4405 ex
395 4342 562 4407 auctoribus
570 4344 665 4405 -lidem
679 4342 799 4405 facienti
814 4343 912 4420 credo,
936 4342 1143 4406 continuentur
1164 4362 1244 4423 ergo,
1269 4352 1300 4407 et
1321 4340 1422 4410 eorum

90 4437 158 4499 vice
182 4436 337 4500 omittatur
360 4431 441 4497 aliud
462 4451 517 4513 par
531 4430 638 4495 abhinc
654 4450 744 4513 usqne
762 4432 801 4495 ad
816 4430 1004 4495 Constantini
1020 4439 1164 4511 tempora
1196 4431 1274 4496 Nam
1294 4434 1422 4517 eclipses

92 4525 175 4587 clare
196 4514 361 4599 testantur,
390 4522 589 4595 Mercatorcm
616 4520 766 4583 abundare
790 4540 847 4583 uuo
869 4539 946 4593 auno
969 4518 1047 4583 iuter
1069 4518 1120 4586 59.
1144 4529 1176 4584 et
1197 4517 1272 4586 360.
1297 4520 1421 4588 Christi.

91 4612 159 4677 Nec
172 4614 287 4687 mirum,
310 4613 366 4674 hoc
387 4608 522 4673 accidere
541 4608 571 4669 iu
586 4609 755 4683 consulibus
770 4609 823 4691 sub
838 4608 1088 4690 Imperatoribus:
1110 4628 1177 4674 cum
1190 4610 1269 4674 Dion
1283 4618 1421 4684 testetur,

7 4704 11 4711 '
92 4702 211 4765 multos„
226 4701 393 4764 nominatos
420 4696 557 4762 consules
580 4696 787 4777 magistratum
810 4698 847 4761 ob
870 4698 1000 4779 inopiam
1022 4704 1081 4761 a'on
1103 4699 1247 4780 gessisse,
1275 4700 1329 4761 sed
1351 4718 1421 4761 ces-

93 4790 173 4855 sisse
196 4782 274 4854 aliis.
319 4788 421 4851 Facile
447 4786 496 4849 hic
525 4802 606 4849 error
632 4786 744 4867 irrepit.
790 4782 851 4849 Sed
873 4794 908 4849 tu
930 4785 1175 4853 fortasseanuos
1198 4790 1420 4868 Imperatorum,

93 4880 150 4944 sub
179 4878 283 4962 quibus
315 4878 412 4941 iactae
444 4875 688 4949 observationes,
718 4874 919 4939 indissolubili
946 4894 1022 4959 nexu
1051 4896 1117 4939 cum
1142 4876 1224 4940 hisee
1250 4876 1421 4939 consulibus

94 4969 177 5033 circa
198 4986 305 5031 anuum
327 4966 399 5031 Ohr.
427 4962 488 5028 132
510 4962 672 5045 conjungis.
718 4964 834 5045 Dicis,
850 4985 908 5029 uon
936 4964 1011 5047 adeo
1037 4966 1219 5041 mirandum,
1251 4965 1327 5047 quod
1354 4966 1422 5048 plus
