3517 5525
296 380 362 456 «100
773 311 1181 454 Νιιιιιιιιιειοιιιοιιιιιιιι

296 568 429 650 ellipsee,
453 569 571 632 omnino
590 569 774 650 existimaus,
797 593 844 638 mc
858 574 904 638 sic
922 574 1010 654 longe
1034 570 1269 637 diversissimam
1285 567 1526 634 aiibrstionibns
1549 568 1636 651 sequi

297 658 488 740 hypothesin,
514 678 580 721 cnm
605 660 693 741 plane
717 662 900 739 coincidunt,
930 669 964 726 ut
986 663 1085 745 capite
1109 668 1251 748 sequente
1279 657 1547 723 demonstrabitur:
1578 657 1637 720 nisi

295 747 385 829 quod,
407 767 483 828 quae
504 766 699 829 peccaveram
722 751 804 832 prius
826 753 857 814 iu
879 753 1030 826 methodo,
1053 754 1109 815 hac
1131 750 1247 828 ratione
1270 749 1389 812 inerunt
1411 747 1580 821 emendata,
1603 754 1635 809 et

293 836 396 917 Fpro
418 837 451 912 I,
477 837 523 899 ita
545 844 579 899 nt
606 838 721 910 debuit,
752 851 935 922 usurpatum.
979 839 1211 921 Argumentatio
1242 858 1309 901 mea
1334 836 1407 899 talis
1433 835 1504 912 fuit,
1538 835 1635 918 qualis

294 943 361 1007 cap.
389 925 507 990 ΧΙιΙΧ.
529 926 565 989 Ι..
589 934 621 989 et
645 927 729 992 LVI.
789 930 925 996 Circeius
958 950 1024 1012 cap.
1053 929 1168 994 XLlIl.
1203 936 1310 1009 peccat
1342 944 1486 1000 excessu,
1520 922 1635 1006 ellipsis

294 1033 360 1096 cap.
384 1014 484 1078 XLV.
506 1023 614 1095 peccat
636 1017 763 1081 defectu.
802 1020 844 1083 Et
866 1027 938 1083 sunt
959 1015 1101 1084 excessus
1124 1018 1176 1080 illc
1199 1025 1230 1079 et
1253 1017 1301 1078 hic
1325 1015 1459 1078 deiectus
1483 1013 1636 1096 aequales.

293 1103 378 1166 Inter
401 1103 542 1166 circulum
563 1124 635 1168 vero
659 1113 690 1168 et
712 1107 832 1189 ellipsin
853 1108 928 1172 nihil
950 1109 1071 1184 mediat,
1096 1107 1153 1171 nisi
1173 1107 1288 1187 ellipsis
1312 1105 1381 1168 alia.
1418 1104 1499 1184 Ergo
1519 1101 1636 1184 ellipsis

294 1198 343 1253 est
363 1192 502 1273 planetae
525 1194 599 1268 iter-3
630 1202 662 1256 et
687 1195 790 1260 lunula
819 1218 838 1259 a
860 1199 1046 1262 semicirculo
1077 1203 1196 1259 resecta
1224 1194 1318 1259 habet
1348 1192 1502 1256 dimidiam
1528 1191 1636 1273 prioris

293 1280 491 1355 latitudinem,
514 1282 632 1346 scilicet
652 1279 727 1348 429.
1420 1347 1421 1350 ,
1654 1327 1656 1335 2

381 1369 497 1443 Quodsi
519 1372 577 1434 iter
604 1374 744 1453 planetae
771 1383 854 1438 esset
884 1374 1014 1457 ellipsis,
1047 1373 1124 1437 sutis
1151 1372 1264 1454 patuit,
1296 1390 1355 1433 nou
1384 1388 1474 1452 posse
1497 1370 1513 1432 1
1534 1388 1588 1450 pro
1610 1369 1637 1431 F

292 1459 447 1540 usurpari:
479 1461 558 1542 quia,
588 1462 614 1524 si
642 1462 700 1526 boc
731 1465 782 1539 tit,
813 1465 872 1528 iter
903 1465 1043 1544 planetas
1078 1461 1237 1526 buccosnm
1267 1461 1400 1524 efficitur.
1454 1457 1528 1523 stre
1555 1457 1637 1522 adm

294 1547 422 1632 capul&
452 1546 549 1624 GBD,
570 1551 660 1613 HAK
692 1552 840 1635 cepada
867 1555 960 1636 infru
990 1551 1081 1628 QBP,
1111 1551 1212 1616 SAR:
1245 1559 1274 1614 et
1302 1557 1405 1614 senno
1428 1548 1458 1612 R
1480 1547 1636 1612 serrum

291 1657 420 1702 rursum
452 1637 609 1722 epioycim
636 1641 689 1704 ΡΤ
716 1643 823 1725 priori
852 1642 1014 1726 aequatis:
1043 1650 1074 1706 et
1104 1661 1144 1705 ess
1172 1642 1206 1714 P,
1238 1641 1373 1704 sectione
1404 1635 1539 1722 epieycii
1566 1657 1636 1700 nera

291 1729 476 1802 aasentias,
505 1727 785 1812 perpendiculares
810 1732 847 1795 irs
866 1731 934 1807 BQ,
958 1731 1018 1794 AR
1046 1729 1164 1794 cadunt
1185 1729 1252 1804 PV,
1274 1729 1351 1791 PM:
1385 1736 1414 1792 st
1436 1732 1636 1792 emantur

293 1816 320 1878 P
343 1836 414 1879 cum
434 1818 473 1890 B,
494 1825 524 1881 et
545 1825 649 1882 senno
672 1818 712 1892 A,
739 1821 925 1893 disserente
947 1821 1020 1893 AM,
1047 1839 1143 1883 mnes
1168 1819 1326 1882 aestuas
1347 1815 1426 1892 MN,
1447 1835 1559 1880 secares
1579 1808 1637 1876 PV

294 1905 331 1968 in
354 1903 392 1980 0,
416 1905 467 1969 ΡΒ
489 1909 525 1969 in
546 1908 584 1970 N.
630 1907 693 1972 Est
712 1911 811 1990 ipsus·
831 1909 1002 1994 campum
1022 1909 1246 1993 superioribus,
1269 1915 1305 1971 ut
1325 1907 1355 1970 εἰ
1371 1926 1434 1990 pro
1453 1906 1480 1966 F
1501 1924 1635 1986 amspe-

294 2015 366 2058 mns
388 1993 413 2069 I,
426 1995 500 2080 jam
517 2015 579 2079 pro
601 1993 629 2058 Ο
651 2016 839 2079 amspemns
859 2001 899 2074 N,
918 2007 1123 2082 puerumque
1144 1997 1220 2072 AN,
1244 2005 1279 2060 nt
1300 2003 1345 2060 est
1371 1995 1457 2078 iente
1483 1993 1637 2058 emmau

293 2080 500 2165 loupitudine,
523 2086 570 2148 sic
591 2093 620 2148 et
641 2086 706 2149 situ
723 2089 843 2171 putem
859 2108 934 2151 esse.
972 2087 1072 2170 Atqui
1089 2095 1210 2169 punctu
1227 2085 1297 2161 I,N
1320 2093 1350 2148 et
1363 2081 1484 2151 enata
1506 2083 1637 2166 efficienti

292 2171 354 2235 iter
372 2171 521 2255 planetae
544 2177 714 2238 buccosuru
761 2178 850 2240 Nam
871 2177 1018 2259 aequales
1040 2185 1115 2242 snat
1136 2195 1232 2240 orcus
1248 2172 1306 2238 GD
1322 2183 1350 2238 ct
1366 2170 1430 2248 ΟΡ,
1453 2180 1484 2236 et
1497 2171 1563 2248 BD,
1583 2169 1636 2234 BP

292 2281 332 2325 erc
354 2263 511 2326 communi
542 2271 645 2327 senno
675 2264 788 2346 qenes
815 2275 923 2330 recurat
950 2273 1102 2331 resectum
1129 2263 1281 2329 bmnium·
1327 2263 1426 2344 Atqrtt'
1452 2260 1497 2323 DI
1519 2269 1549 2324 ei
1569 2258 1635 2334 ΡΝ,

190 2419 195 2431 ,
292 2349 645 2427 immutescamus,
671 2373 780 2416 cerm
801 2364 942 2422 cerarum
971 2364 1132 2430 amusos,
1154 2362 1226 2418 uest
1247 2349 1447 2434 inaequales,
1481 2357 1510 2413 et
1530 2349 1636 2412 ιηίηοτ

292 2439 346 2515 DI,
369 2441 473 2524 maior
493 2441 559 2503 ΡΝ.
606 2440 685 2505 cnm
706 2445 789 2508 adm
809 2443 868 2507 ΕΙ)
890 2452 920 2507 et
941 2445 1001 2506 MP
1022 2446 1086 2507 siut
1107 2441 1263 2524 macules,
1287 2450 1317 2506 et
1337 2441 1420 2514 EDI,
1436 2437 1526 2502 ΜΡΝ
1547 2438 1634 2510 rectd,

291 2527 335 2590 EI
347 2547 418 2591 own
441 2527 579 2594 circadas
598 2532 710 2614 maior,
733 2540 838 2616 utpote
859 2533 1000 2616 nuptm
1021 2533 1117 2598 radio
1138 2532 1205 2606 ΑΕ,
1228 2540 1258 2595 et
1276 2531 1340 2594 MN
1362 2525 1501 2594 arceias
1522 2526 1635 2598 minor,

291 2624 398 2701 utpote
426 2617 565 2680 baama
593 2620 690 2684 radio
711 2621 792 2685 AM:
826 2625 952 2687 manino
983 2623 1085 2710 major
1107 2625 1167 2686 erit
1187 2621 1253 2697 ΡΝ,
1279 2620 1384 2687 minor
1405 2619 1459 2681 DI.
1503 2613 1636 2680 Mser

293 2712 340 2771 est
360 2705 460 2789 ipitius
488 2715 609 2773 resecto
635 2707 749 2775 lumin
775 2714 923 2796 ruperim
944 2713 1032 2797 npeud
1052 2712 1091 2789 D,
1115 2711 1213 2777 lator
1242 2710 1380 2793 iuferius
1401 2705 1490 2791 opud
1511 2705 1547 2767 Ρ.
1592 2703 1637 2767 Ar

291 2798 328 2860 in
349 2794 456 2881 suebat
476 2794 589 2861 irmuiu
609 2800 688 2885 baec
709 2800 853 2884 aequalis
875 2810 921 2866 est
947 2800 1130 2867 latitudinis
1151 2802 1185 2865 in
1206 2800 1336 2885 puae&
1365 2793 1539 2879 aequaliter
1561 2812 1584 2857 a
1605 2790 1635 2855 G

291 2893 323 2949 et
350 2882 380 2957 Q
408 2886 574 2971 apertius
600 2891 737 2953 rancus.
791 2891 884 2954 Patet
910 2892 1017 2973 igitur,
1043 2892 1124 2953 dam
1150 2892 1311 2953 buccoeam
1330 2906 1421 2960 -esse;
1457 2903 1515 2947 non
1544 2882 1634 2964 igitur

292 2974 427 3055 ellipsin,
459 2994 496 3038 ac
517 2994 584 3039 cum
605 2977 721 3058 ellipsis
745 2981 890 3060 praebeat
908 2982 1009 3059 justas
1033 2980 1237 3060 aequationes,
1260 2978 1339 3041 hanc
1360 2975 1453 3055 igitm
1475 2973 1634 3036 buecosam

290 3064 354 3147 jure
383 3064 512 3144 injustus
541 3066 694 3145 praebere.
746 3069 811 3131 Nec
838 3076 905 3131 erat
934 3088 1025 3149 opus,
1061 3068 1254 3151 aequationes
1288 3086 1326 3128 ex
1358 3062 1457 3146 ellipsi
1487 3062 1523 3125 de
1556 3080 1633 3124 novo

291 3160 474 3232 computare.
527 3153 667 3218 Sciebam
698 3157 778 3220 uitro
808 3158 942 3222 iacturas
975 3158 1113 3229 cilicium.
1169 3156 1217 3218 De
1245 3154 1398 3218 distantiis
1429 3151 1632 3216 tantummodo

291 3242 439 3305 sollicitus
461 3262 553 3316 eram,
575 3264 612 3306 ue
636 3246 716 3308 sorte
738 3265 775 3307 ex
794 3247 893 3328 ellipsi
916 3248 1071 3311 desumtse
1094 3246 1247 3326 negotium
1270 3244 1341 3317 mihi
1360 3242 1553 3304 lacesserent.
1589 3241 1634 3301 At

291 3331 426 3412 quamvis
449 3332 505 3395 hoc
528 3333 687 3410 accideret,
710 3343 849 3415 paratum
872 3345 938 3398 erat
960 3336 1032 3399 mihi
1055 3336 1219 3410 latibulum,
1243 3332 1423 3396 incertitudo
1447 3324 1512 3393 200
1533 3327 1632 3410 parti-

291 3421 423 3483 cularum
453 3420 484 3483 in
517 3422 679 3486 distantiis.
731 3426 838 3505 Itaque
869 3445 907 3487 ne
938 3425 986 3489 hic
1018 3425 1135 3505 quidem
1167 3422 1256 3486 valde
1289 3420 1383 3485 haesi.
1430 3420 1527 3483 Multo
1560 3436 1632 3481 vero

177 3557 181 3565 ,
290 3509 436 3571 maximus
459 3518 527 3573 erat
549 3514 717 3591 scrupulus,
742 3514 821 3592 qnod
842 3531 918 3593 pene
947 3532 1038 3594 nsque
1062 3513 1100 3575 ad
1127 3512 1275 3575 insaniam
1299 3508 1492 3573 considerans
1515 3514 1547 3569 et
1570 3506 1631 3570 cir-

290 3597 487 3680 cumspiciens
508 3600 640 3662 invenire
661 3619 721 3662 non
742 3609 889 3681 poteram,
912 3622 964 3665 cur
986 3604 1116 3683 planeta,
1141 3601 1187 3665 cui
1209 3608 1297 3663 unta
1316 3616 1382 3662 cum
1405 3596 1628 3679 probabilitate,

290 3696 376 3751 tanto
407 3707 555 3751 consensu
588 3689 814 3753 observaturum
845 3691 1072 3767 distantiarum,
1102 3690 1222 3754 libratio
1252 3689 1307 3751 LE
1337 3688 1366 3749 in
1399 3687 1544 3749 diametro
1574 3685 1631 3747 LK

290 3776 485 3847 tribuebatur,
508 3778 608 3858 potius
622 3778 665 3841 ire
683 3779 776 3841 vellet
798 3779 961 3861 ellipticsm
975 3781 1064 3855 viam,
1089 3777 1317 3860 aequationibus
1340 3774 1505 3840 indicibus
1531 3772 1558 3837 Ο
1584 3794 1630 3836 me

290 3866 464 3931 ridiculum!
488 3867 612 3947 perinde
635 3868 721 3948 qnasi
743 3868 862 3931 libratio
885 3868 916 3931 in
931 3870 1076 3933 diametro
1099 3888 1162 3961 uon*
1180 3866 1278 3951 possit
1296 3884 1363 3927 esse
1379 3866 1428 3927 via
1443 3864 1629 3947 ssd-ellipsin.

289 3958 394 4036 ltaque
417 3974 476 4017 uon
503 3974 597 4037 parvo
624 3956 696 4019 mihi
723 3958 861 4021 constitit
882 3959 944 4021 ista
970 3959 1094 4035 notitia,
1123 3958 1214 4039 juxta
1243 3954 1432 4019 librationem
1463 3954 1629 4017 consistere

289 4044 419 4125 ellipsin,
441 4052 476 4107 nt
493 4046 629 4127 sequenti
647 4044 747 4127 capite
769 4056 927 4126 patescet:
952 4048 1000 4110 ubi
1015 4049 1101 4111 simul
1115 4047 1207 4109 etiam
1229 4042 1492 4118 demonstrabitur,
1516 4043 1629 4105 nnllam

287 4134 436 4214 planetae
450 4134 577 4216 relinqui
598 4135 723 4215 liguram
751 4137 866 4199 orbitae
894 4144 1103 4218 praeterquam
1129 4135 1264 4217 perfecte
1292 4133 1474 4214 ellipticam3
1506 4132 1628 4213 conspi-

152 4280 155 4285 .
288 4210 424 4287 rantibus
453 4224 619 4287 rationibus
642 4246 662 4286 a
682 4224 836 4307 principiis
864 4226 997 4308 physicis
1030 4226 1174 4289 derivatis
1205 4242 1271 4285 cnm
1304 4221 1489 4305 experientia
1522 4220 1628 4285 obser-

287 4313 442 4376 vationum
463 4322 494 4376 et
515 4314 719 4398 hypotheseos
741 4316 873 4379 vicanus
896 4315 952 4377 hoc
974 4316 1074 4397 capite
1098 4317 1239 4397 allegata.
1254 4306 1297 4387 ”l
