3517 5525
282 377 347 454 nr
589 439 625 454 .,
758 391 799 446 ne
816 389 924 446 mann
942 387 1035 446 suna·
1051 388 1141 444 rma

283 572 377 635 etiam
398 568 566 632 latitudinis
589 568 667 632 ratio
688 569 777 649 plane
800 568 945 631 consimili
970 569 1171 648 speculatione
1188 566 1356 648 expeditur:
1382 563 1409 626 si
1423 579 1530 642 nempe
1545 577 1618 640 sup-

285 668 411 742 ponatur
434 660 533 741 aliqua
555 658 700 722 diameter
723 657 890 722 latitudinis
913 659 942 718 in
965 675 1087 737 corpore
1112 677 1165 718 seu
1188 657 1277 736 globo
1299 654 1418 724 Martis,
1449 669 1524 730 quae
1546 668 1619 731 por-

283 750 399 831 rigatur
421 748 450 810 in
475 750 568 810 locum
593 747 717 810 limitum
740 748 793 810 sub
816 747 894 823 fixis,
918 754 949 806 et
971 747 1001 808 in
1024 747 1079 808 hoc
1104 746 1163 808 situ
1186 754 1307 808 maneat
1329 743 1386 806 sibi
1409 741 1466 822 ipsi
1486 738 1619 820 paralle-

283 841 330 902 los
353 858 406 918 ρετ
428 857 543 898 omnem
565 837 718 900 ambitum.
762 837 860 916 Hujus
883 835 1004 897 virtutis
1028 837 1067 897 ad
1089 836 1172 896 illam
1196 833 1348 915 proportio
1373 834 1448 894 haee
1463 836 1519 902 est,
1543 846 1619 908 quae

284 941 333 991 est
363 930 390 988 in
420 925 607 1006 magnetibus
639 927 751 990 nostris
775 925 949 988 directionis
972 925 1010 986 ad
1038 925 1136 1004 polum
1161 926 1199 986 ad
1222 925 1281 986 vim
1305 921 1375 985 ferri
1404 915 1618 983 attractricem.

284 1019 343 1080 Illa
358 1016 472 1096 ‘quippe
497 1015 597 1078 Solem
621 1017 737 1097 appetit
760 1016 807 1076 vel
831 1015 924 1094 fugit:
949 1014 1023 1076 haec
1046 1013 1170 1076 fixarum
1193 1014 1245 1075 illa
1268 1013 1343 1086 loca,
1368 1011 1423 1073 sub
1446 1007 1552 1091 quibus
1580 1005 1620 1066 li-
1676 1087 1679 1092 1

283 1108 370 1169 mites
394 1105 582 1167 latitudinum
605 1105 812 1178 conficiuntur,
838 1123 896 1165 non
920 1103 1037 1183 appetit
1060 1103 1266 1183 adnavigando
1289 1102 1336 1163 vel
1361 1100 1438 1180 fugit
1461 1095 1620 1177 (quemad-

285 1197 401 1258 modum
426 1213 480 1255 nec
504 1212 626 1273 magnes
650 1195 688 1257 ad
710 1194 772 1275 poli
794 1192 944 1272 regionem
969 1193 1104 1266 adnatat,
1129 1193 1184 1254 etsi
1209 1193 1284 1254 liber
1308 1192 1409 1263 natat)
1433 1185 1486 1250 sed
1505 1192 1621 1247 tantum

284 1305 390 1346 versus
413 1283 475 1359 illa,
498 1291 531 1344 ut
554 1301 678 1362 magnes
701 1303 806 1344 versus
829 1283 940 1362 polum,
965 1281 1111 1362 dirigitur.
1149 1282 1236 1344 Hanc
1258 1300 1329 1343 vero
1354 1277 1548 1342 directionem
1572 1293 1621 1334 se-

286 1375 384 1455 quitur
406 1391 548 1433 excursus
570 1372 748 1454 planetae-e
771 1372 861 1453 plano
886 1371 1041 1451 eclipticas
1065 1373 1103 1432 ad
1127 1371 1206 1433 latus
1230 1379 1395 1450 utrumque,
1419 1385 1523 1428 versus
1543 1365 1623 1444 quod

285 1463 352 1523 axis
375 1461 422 1523 hie
445 1461 657 1533 inclinationis,
681 1471 767 1542 parte
791 1458 916 1541 quaein
941 1468 1023 1522 motu
1047 1460 1178 1558 corporip
1201 1460 1364 1542 praecedit,
1389 1456 1536 1536 dirigitur.
1576 1452 1623 1523 Sit

286 1551 399 1616 CBAD
422 1550 573 1630 ecliptica,
587 1554 648 1632 gA,
678 1551 703 1616 O
726 1550 811 1623 nodi,
836 1549 877 1624 B,
901 1549 930 1611 D
962 1550 1082 1611 limites.
1127 1550 1205 1612 Axis
1229 1548 1421 1611 latitudinum
1444 1549 1473 1610 in
1500 1564 1621 1628 corpore

268 1803 272 1808 ³
374 1709 428 1778 a.
449 1708 509 1760 ¹2⁴·
600 1638 978 1809 iiiiiiilinssiff
1001 1637 1207 1807 {italiis
1239 1637 1444 1808 ,ilidii
1466 1653 1624 1800 tritt:

604 1821 655 1882 liet
681 1819 788 1898 igitur,
821 1825 854 1880 nt
886 1835 1007 1897 corpore
1038 1817 1155 1878 anodo
1188 1817 1368 1881 ascendente
1393 1816 1418 1880 O
1445 1818 1474 1881 in
1498 1815 1624 1880 limitem

604 1911 726 1971 boreum
748 1909 774 1969 B
797 1907 966 1978 translato,
990 1907 1056 1968 axis
1083 1906 1131 1967 hic
1160 1906 1292 1986 corporis
1315 1905 1380 1985 IK,
1411 1909 1460 1989 qni
1482 1907 1569 1970 initio
1593 1917 1625 1970 et

604 1999 634 2060 in
653 1997 774 2061 nodoC
799 1997 884 2077 qnasi
907 1994 1052 2076 tangebat
1075 1995 1215 2073 circulum
1238 1995 1421 2060 circuitionis
1436 2017 1489 2078 ρετ
1504 1995 1621 2062 ONAO

605 2087 807 2167 imaginatum,
831 2083 956 2164 denique
979 2085 1010 2146 in
1028 2083 1171 2146 limitibus
1187 2083 1268 2159 N,O
1293 2087 1417 2150 eundem
1441 2087 1479 2150 ad
1498 2088 1625 2168 angulos

605 2188 705 2239 rectos
735 2182 836 2247 secet,
867 2192 973 2236 versus
1005 2181 1138 2235 centrum
1168 2171 1269 2236 mundi
1292 2174 1331 2248 S,
1364 2178 1420 2239 hoc
1444 2184 1493 2240 est
1519 2196 1625 2240 versus

608 2267 708 2329 Solem
730 2270 902 2346 porrectus,
936 2272 967 2325 et
990 2263 1039 2344 qui
1061 2263 1206 2325 hactenus
1230 2261 1266 2322 ob
1295 2265 1524 2329 declinationem
1547 2286 1624 2328 non-

605 2354 717 2418 nullam
732 2353 769 2415 ab
783 2353 889 2414 itinere
907 2353 990 2432 regio
1005 2349 1088 2413 CBA
1109 2351 1329 2431 prolectaverat
1347 2375 1452 2436 corpus
1472 2357 1625 2437 planetae,

607 2454 641 2506 nt
663 2444 776 2517 eodem,
800 2459 904 2521 nempe
927 2441 956 2503 in
980 2440 1144 2520 plaganrN
1168 2451 1347 2518 excurreret,
1373 2463 1512 2526 quorsum
1535 2462 1627 2525 prae-

608 2535 763 2595 cedentem
783 2540 900 2611 partem
923 2529 951 2590 K
974 2535 1124 2608 verterat3
1144 2530 1208 2610 jam
1231 2530 1260 2591 in
1284 2533 1442 2608 limitibus,
1467 2533 1627 2597 inclinatus

608 2623 646 2685 ad
668 2623 789 2702 plannm
813 2619 931 2699 quidem
954 2618 1110 2700 eclipticae
1133 2617 1210 2685 GBS
1233 2623 1345 2684 mansit
1370 2623 1513 2698 (diximus
1538 2623 1627 2698 enim,

608 2712 730 2775 inomni
754 2710 812 2773 situ
828 2727 947 2772 manere
963 2707 1019 2770 sibi
1039 2707 1098 2791 ipsi
1121 2707 1387 2793 aequidistantem;
1412 2714 1504 2775 semel
1527 2713 1628 2795 itaque

609 2803 768 2865 inclinatus
791 2799 828 2860 ad
851 2800 972 2880 planum
1004 2798 1159 2880 eclipticae
1192 2818 1308 2883 semper
1336 2802 1550 2877 inclinabitur),
1574 2802 1629 2864 sed

611 2895 648 2953 ab
672 2891 776 2952 itinere
800 2888 865 2969 ipso
889 2887 980 2965 regio,
1003 2886 1061 2951 hoc
1085 2896 1132 2951 est
1148 2910 1166 2949 a
1181 2888 1420 2954 circumferentia
1442 2894 1522 2954 illius
1545 2892 1628 2971 plani

612 2978 734 3054 CBAD,
752 2979 815 3057 ipse
831 2977 861 3038 in
876 2975 936 3038 GH
952 2968 1131 3040 constitutus
1147 2997 1205 3039 non
1226 2981 1352 3061 amplius
1368 2982 1507 3057 declinat,
1532 3000 1627 3061 neque
1641 3033 1648 3050 .

611 3070 688 3132 enim
711 3069 740 3128 in
765 3067 921 3129 adversum
937 3066 976 3140 A,
1000 3084 1093 3146 neque
1117 3076 1197 3128 retro
1215 3067 1286 3133 inO
1310 3068 1391 3145 nuit;
1414 3072 1468 3133 sed
1491 3078 1628 3133 tantum-

611 3162 698 3221 modo
722 3156 854 3218 adlatus
877 3174 929 3216 seu
953 3154 990 3215 ad
1007 3156 1107 3233 polum
1129 3155 1240 3230 abnuit,
1266 3177 1403 3238 quorsum
1426 3160 1485 3221 iter
1507 3159 1629 3221 illinon

612 3258 669 3311 est.
715 3246 810 3326 Igitur
838 3244 960 3323 planeta
991 3246 1071 3306 ultra
1101 3246 1126 3307 B
1157 3254 1309 3325 promoto,
1340 3249 1401 3329 janr
1432 3249 1530 3310 altera
1561 3248 1628 3310 axis

288 3355 359 3416 pars
376 3336 414 3413 G,
439 3341 561 3422 quaein
577 3337 729 3402 meridiem
750 3334 856 3412 uergit,
880 3333 1042 3412 praecedit,
1062 3334 1179 3417 istoque
1198 3344 1287 3413 pacto
1306 3336 1457 3417 planetam
1481 3338 1629 3399 aboreali

285 3426 479 3491 inclinatione
503 3428 689 3491 maxima'N
711 3443 765 3504 per
788 3423 896 3484 nodum
920 3422 1150 3485 descendentem
1174 3422 1201 3485 A
1225 3426 1263 3487 ad
1280 3424 1504 3489 inclinationem
1527 3426 1627 3489 maxi-

285 3534 364 3578 mam
388 3519 552 3582 austrinam
577 3517 604 3580 Ο
628 3513 773 3597 perducit.

373 3607 474 3688 Atque
497 3608 545 3669 hic
570 3601 770 3669 inclinationis
793 3599 859 3661 axis
884 3597 1002 3677 quidam
1026 3599 1112 3679 quasi
1134 3620 1231 3663 remus
1247 3609 1312 3663 est:
1337 3600 1404 3681 qnia
1420 3602 1623 3684 quodnautae

287 3696 376 3756 remis
400 3705 574 3777 praestant,
603 3704 637 3756 ut
660 3693 697 3755 ab
721 3711 779 3751 una
800 3688 866 3769 ripa
890 3687 919 3747 in
944 3689 1068 3751 alteram
1091 3688 1261 3769 trajiciant,
1293 3691 1349 3752 hoc
1371 3690 1494 3771 planeta
1517 3710 1627 3754 conse-

287 3785 386 3863 quitur
408 3804 461 3865 per
484 3786 568 3847 hunc'
583 3780 783 3848 inclinationis
807 3796 911 3851 axem,
948 3780 1100 3859 trajiciens
1128 3800 1145 3839 a
1176 3779 1270 3841 borea
1292 3780 1321 3841 in
1345 3788 1491 3857 austrum,
1525 3789 1555 3842 et
1578 3781 1626 3841 vi-

286 3872 397 3949 cissim,
422 3875 557 3949 flumine,
581 3874 637 3937 boc
660 3879 707 3934 est
730 3866 829 3949 specie
853 3866 1056 3929 immateriale
1080 3866 1170 3943 Solis,
1194 3869 1350 3948 perviam
1372 3878 1487 3932 rectam
1513 3867 1626 3933 OBAD

288 3960 451 4025 incedente.
1400 4023 1409 4035 ,

379 4048 469 4122 Quod
492 4048 702 4131 geometricam
726 4043 940 4106 dimensionem
964 4044 1082 4117 attinet,
1106 4042 1179 4106 nihil
1201 4052 1249 4107 est
1272 4064 1346 4125 opus
1372 4046 1480 4110 verbis.
1526 4046 1627 4112 Recta

290 4136 348 4198 sibi
370 4142 535 4219 parallelos
557 4145 655 4202 tractu
678 4134 831 4197 rectilineo
854 4132 992 4194 traducta
1014 4142 1096 4197 motu
1119 4152 1173 4195 suo
1196 4142 1280 4196 creat
1301 4135 1430 4215 planum.
1479 4136 1537 4198 Hie
1561 4134 1627 4197 axis

286 4225 351 4305 ipse
384 4239 432 4293 est
465 4239 567 4304 recta,
605 4236 637 4289 et
670 4244 728 4306 qna
759 4222 858 4302 vergit
889 4220 937 4281 ille
971 4224 1108 4302 (vergere
1137 4232 1235 4285 antem
1258 4231 1388 4286 tractum
1411 4224 1627 4305 praesupponit

815 4312 956 4387 rectum),
978 4311 1035 4373 hac
1066 4319 1096 4373 et
1125 4312 1300 4377 traducitur.
1352 4312 1505 4375 Describit
1536 4312 1628 4393 igitur

485 4390 538 4456 rig.
559 4386 618 4439 ¹²⁵·
815 4401 951 4480 planum,
977 4401 1054 4480 quod
1078 4401 1103 4463 si
1127 4400 1327 4477 continuetur,
1353 4408 1438 4465 secat
1468 4402 1628 4483 sphaeram

812 4490 936 4551 fixarum
963 4488 994 4550 in
1026 4490 1122 4552 forma
1144 4490 1245 4552 circuli
1269 4491 1384 4569 magni,
1414 4492 1625 4577 inathemate

812 4576 945 4640 FEGH:
978 4578 1047 4657 quia
1070 4588 1155 4641 secat
1185 4579 1340 4660 ecliptieae
1371 4580 1493 4659 planum
1515 4578 1571 4645 Dc
1595 4579 1628 4643 in

813 4673 917 4729 centro
949 4668 1050 4729 mundi
1081 4686 1133 4730 sen
1159 4664 1239 4730 Solis
1262 4669 1300 4730 A.
1346 4668 1389 4733 Ut
1411 4669 1448 4730 de
1477 4688 1513 4731 eo
1540 4676 1627 4732 tanto

814 4756 1016 4818 confirmatior
1029 4755 1082 4831 sis,
1106 4756 1265 4839 perpende,
1285 4757 1435 4819 sectiones
1456 4778 1508 4822 seu
1522 4758 1627 4833 nodos,

813 4846 899 4907 utin
923 4844 1074 4907 schemate
1097 4845 1197 4921 vides,
1222 4864 1293 4917 esee
1312 4846 1342 4907 in
1365 4846 1440 4908 locis
1464 4866 1501 4909 ex
1524 4855 1627 4911 centro

814 4932 896 4999 Solis
933 4934 963 4999 A
1002 4934 1147 5014 oppositis
1191 4934 1376 5017 experientia
1416 4942 1515 5017 teste3
1558 4936 1627 5001 vide

395 3158 460 3271 if„
