3517 5525
300 385 369 460 ΜΒ
556 417 569 458 s
706 395 737 450 ΙΙΙ
755 396 964 454 cummwhl'ium
982 397 1014 454 (it
1030 403 1136 456 mutibus
1154 401 1241 454 Muli!

302 579 337 630 et
349 575 542 632 Botumonnuo
562 577 729 638 muciam
743 583 973 640 demonstrarunt.
1000 583 1053 640 Hie
1065 591 1155 640 motus
1175 587 1379 640 demonstretur
1391 587 1421 640 ut
1433 581 1463 640 iu
1478 583 1652 656 hypotheses

301 655 447 725 conjicitur
466 659 502 712 sd
522 660 595 717 huno
613 663 728 716 modum.
765 662 856 716 Sitis
876 664 998 735 sphaera
1016 666 1135 720 fixorum
1154 669 1181 720 A
1199 666 1280 736 polus
1301 664 1446 737 eclipticne
1466 663 1652 738 imaginerise

301 753 352 790 seu
379 735 502 796 medice:
533 743 613 812 polus
642 748 735 798 cutem
765 742 913 814 ecliptioue
943 761 1026 800 verce
1055 753 1198 802 movestur
1221 746 1250 802 in
1275 745 1385 802 ciroello
1404 745 1502 800 BCDE
1523 746 1551 800 iu
1570 752 1652 802 unte·

303 825 308 838 '
635 849 638 853 ·
857 825 992 891 oedeutiu,
1012 832 1045 882 ut
1059 827 1175 882 omnium
1188 827 1363 899 pinnatorum
1376 825 1449 882 nodi.
1476 825 1538 881 Puli
1556 831 1650 882 unns·

856 906 1019 976 positionem
1034 908 1085 961 sub
1093 907 1156 962 fixis
1170 905 1294 980 sequitur
1308 905 1486 976 transpositio
1502 906 1651 977 ecliptiose

857 1003 950 1048 verse,
971 994 1003 1043 ut
1023 993 1154 1043 consus„
1170 987 1214 1044 Sit
1228 987 1288 1056 joun
1301 987 1395 1046 laxior
1409 985 1535 1042 circellus
1550 985 1650 1052 uum.

858 1073 952 1123 neutro
972 1072 998 1121 A
1018 1070 1083 1138 pulo
1112 1067 1272 1139 eclipticum,
1302 1067 1390 1122 medio
1415 1065 1578 1122 diutemute
1599 1069 1651 1124 Ar

858 1143 914 1204 230
939 1144 988 1204 42
1018 1143 1137 1219 (quemn
1166 1155 1211 1203 est
1238 1147 1385 1203 declinetis
1401 1142 1571 1216 mediocris)
1600 1150 1650 1202 de-

857 1229 984 1300 scriptus.
1012 1229 1068 1285 Sub
1089 1228 1141 1283 hou
1162 1227 1272 1284 circello
1293 1227 1457 1300 nequuhlsus
1478 1227 1649 1298 temporibus

856 1317 991 1382 prorepat
1014 1308 1127 1364 directio
1150 1309 1212 1364 exis
1233 1308 1350 1364 Telluris
1379 1307 1534 1380 sequsliter
1554 1308 1650 1364 itidem

855 1391 884 1446 in
905 1389 1105 1446 antecedentis.
1146 1389 1274 1454 Constet,
1306 1391 1376 1460 quod
1404 1390 1458 1442 huo
1484 1395 1566 1459 pacto
1591 1391 1649 1444 sul·

800 1525 801 1529 ,
853 1478 936 1526 vetur
947 1470 1104 1541 praecessio
1119 1469 1353 1542 aequinoctiorum
1366 1469 1492 1540 sequeus
1503 1467 1648 1541 (siquidem

854 1557 930 1606 esset
949 1568 1033 1606 verce
1053 1557 1083 1606 et
1104 1551 1256 1606 censemus
1277 1549 1421 1620 ecliptiese
1435 1543 1540 1620 polus).
1574 1551 1648 1606 Num

854 1633 926 1687 vium
955 1633 1027 1686 huuc
1056 1647 1117 1685 esse
1147 1630 1276 1686 circulum
1305 1631 1434 1686 minorem
1463 1635 1545 1700 petet
1573 1631 1647 1695 inde,

855 1715 926 1785 quod
946 1713 982 1768 eb
995 1711 1156 1782 Hipparcho
1176 1728 1226 1782 per
1248 1709 1448 1782 Albutegnium
1468 1711 1503 1764 ud
1522 1727 1573 1766 nos
1592 1728 1649 1766 nou

853 1800 900 1848 est
919 1794 997 1848 facts
1016 1793 1105 1861 mqior
1124 1791 1242 1848 venetio
1263 1790 1448 1862 obliquitatis,
1472 1807 1532 1846 mm
1553 1797 1648 1848 tomen

856 1869 909 1930 240
929 1876 963 1928 de
977 1874 1029 1927 hoc
1042 1872 1152 1928 circello
1166 1873 1284 1942 promoti
1297 1871 1361 1929 siut
1390 1871 1462 1926 Nom
1475 1871 1513 1924 sit
1525 1871 1650 1942 exempli

854 1955 951 2027 gratie
969 1955 1043 2008 ΚΠ,
1064 1948 1124 2008 240.
1156 1953 1316 2024 Respondet
1335 1968 1416 2006 nrum
1437 1951 1531 2006 circuli
1551 1952 1648 2023 magui

851 2036 935 2090 KML
955 2031 987 2088 90
1010 2029 1058 2090 36’
1076 2033 1192 2088 circiter.
1219 2033 1323 2105 Siquis
1343 2031 1552 2110 ergndixerit:
1571 2031 1648 2087 riuus

302 2107 360 2180 poli
380 2109 472 2163 mundi
492 2125 542 2164 seu
562 2111 624 2165 unis
644 2112 746 2168 Turres
766 2131 828 2169 esse
849 2134 904 2172 non
923 2116 998 2170 ΚΠ,
1017 2115 1045 2168 iu
1066 2113 1166 2168 circulo
1190 2113 1300 2176 minori,
1325 2114 1374 2168 sed
1394 2113 1475 2168 KML
1495 2111 1524 2166 in
1544 2113 1647 2168 eircqu

301 2189 430 2253 maximo,
450 2190 474 2244 is
494 2191 550 2245 All
569 2191 778 2249 declinationem
797 2198 884 2251 multo
905 2195 973 2250 iecit
992 2193 1121 2250 minorem
1146 2210 1228 2265 qutun
1247 2194 1310 2250 ΔΚ.
1350 2194 1383 2250 ln
1403 2192 1547 2266 triangulo
1569 2193 1647 2248 ΑΚΒ

301 2269 340 2323 sit
358 2270 434 2324 letus
453 2287 537 2325 uuum
556 2272 607 2325 AL
627 2269 679 2326 230
701 2270 757 2339 52¹,
778 2277 833 2330 ΑΚ
853 2277 891 2331 sit
911 2271 964 2330 230
986 2271 1033 2330 32‘
1054 2282 1084 2331 et
1102 2275 1155 2330 KL
1176 2270 1208 2330 90
1230 2270 1286 2330 36¹.
1326 2273 1398 2328 Hinc
1426 2273 1547 2344 angulus
1567 2273 1647 2328 ΑΒΚ

304 2344 354 2405 160
376 2344 433 2407 56‘.
466 2351 505 2404 Et
519 2351 581 2419 jum
601 2353 720 2408 demisso
738 2356 959 2426 perpendiomeri
977 2355 1041 2419 AM,
1062 2373 1100 2410 ex
1113 2356 1217 2426 ungulo
1230 2355 1309 2409 ldLA
1328 2355 1377 2410 fiet
1397 2347 1450 2408 230
1472 2346 1527 2409 13’.
1555 2354 1647 2408 Tuutu

301 2429 445 2485 debuisset
470 2446 534 2484 esse
563 2431 637 2486 muco
655 2436 792 2504 Alphonsi
818 2445 945 2507 tempora
972 2435 1119 2491 declinatio
1148 2435 1313 2505 eclipticus,
1344 2435 1368 2488 oi
1387 2435 1440 2488 KL
1464 2439 1541 2488 esset
1565 2449 1645 2488 orcus

301 2510 396 2564 circuli
416 2510 519 2582 magni.
560 2514 677 2570 Comtut
700 2515 808 2587 itusque,
833 2517 1051 2590 promessionem
1079 2515 1312 2586 sequiuootiururu
1330 2515 1389 2570 ueri
1413 2513 1560 2570 inflexione
1581 2513 1645 2568 axis

301 2591 419 2645 Telluris
439 2591 491 2644 sub
511 2591 607 2646 minori
626 2593 728 2649 cuculo
747 2597 821 2652 KFL
841 2593 927 2668 (quod
947 2598 1062 2668 quidem,
1083 2601 1116 2650 ut
1136 2597 1226 2650 obiter
1245 2596 1345 2658 dicum,
1372 2594 1457 2650 etium
1476 2600 1553 2648 mutu
1573 2594 1645 2648 coeli

300 2670 375 2724 circs
394 2671 505 2724 Terram
524 2672 583 2726 fleri
603 2681 704 2743 potest,
725 2677 749 2730 si
769 2679 917 2748 peculiaris
938 2678 1001 2732 huic
1026 2676 1111 2732 motui
1136 2676 1209 2732 orbis
1230 2669 1405 2744 destinetur).
1445 2675 1509 2730 Jcrn
1530 2674 1643 2745 propius

301 2752 337 2805 ud
356 2768 414 2805 rem
434 2757 464 2806 et
483 2752 703 2824 compositionem
723 2757 865 2831 utriusque
887 2758 990 2813 circelli
1009 2758 1179 2813 veniendum.
1222 2756 1294 2820 Quin
1313 2756 1399 2828 igitur
1419 2760 1537 2819 constet
1559 2754 1643 2809 decli·
1718 2745 1727 2760 ’

302 2832 442 2887 notionem
461 2833 605 2903 eclipticue
624 2852 707 2891 verne
727 2844 835 2894 tontum
855 2840 1026 2901 decrevisse,
1051 2846 1182 2909 quantum
1202 2838 1320 2893 latitudo
1341 2838 1503 2901 stellarum,
1529 2854 1643 2891 consen·
1732 2836 1734 2839 ’

299 2918 412 2967 tonsum
431 2912 546 2979 videtur,
568 2922 711 2988 utrumque
732 2936 793 2973 esse
815 2922 851 2974 uls
870 2923 968 2975 eudem
988 2934 1086 2981 ceusu.
1109 2936 1145 2973 sc.
1169 2936 1225 2974 non
1245 2934 1263 2973 u
1283 2918 1435 2975 deflexione
1457 2917 1519 2973 exis
1540 2918 1644 2971 Tenue

299 3012 316 3045 e
336 3008 388 3047 suu
405 2994 453 3047 viu
470 2994 553 3059 KFL.
575 2998 624 3051 sed
643 2999 909 3071 appropinquatione
929 3000 987 3070 poli
1006 2998 1152 3069 ecliptiese
1175 3014 1259 3055 verse
1279 2998 1308 3053 in
1328 2997 1438 3053 circsllo
1458 2997 1566 3053 EBCD.
1605 2996 1645 3051 nt

295 3073 357 3142 jum
385 3074 492 3144 quidem
520 3093 574 3129 uun
600 3092 656 3149 ugo
675 3081 709 3133 de
729 3081 990 3136 commensuratione
1019 3087 1153 3144 mutuum,
1184 3080 1370 3135 tuntumsnudu
1399 3077 1472 3132 riom
1491 3084 1522 3131 et
1541 3077 1643 3147 primus

300 3152 380 3225 quusi
400 3154 490 3209 editus
509 3155 612 3211 rudiori
632 3158 757 3214 llinervs
775 3168 862 3215 tento.
904 3161 946 3215 Sit
966 3160 1052 3232 igitur
1071 3161 1152 3231 polus
1172 3160 1319 3231 eclipticus
1344 3165 1468 3229 tempure
1489 3157 1645 3229 Hippsrchi

300 3235 329 3288 in
347 3234 383 3299 Ι),
413 3242 508 3290 uostw
526 3235 557 3290 in
576 3239 615 3301 Β,
645 3240 793 3297 monnesio
821 3242 879 3295 illic
899 3242 948 3295 DF
969 3235 1021 3297 230
1042 3234 1099 3303 52⁴.
1120 3240 1164 3295 hio
1184 3242 1230 3295 BF
1250 3236 1303 3295 2³⁰
1325 3233 1381 3295 32‘.
1422 3236 1584 3301 Quaeritur,
1607 3252 1645 3291 on

299 3316 352 3369 hou
370 3321 454 3385 puoto
474 3323 505 3371 et
523 3317 640 3373 ursum
658 3330 748 3375 motus
768 3328 799 3376 et
817 3322 883 3377 unni
903 3322 1064 3393 magnitudo
1084 3314 1170 3392 (quse
1191 3322 1226 3377 ub
1252 3320 1367 3375 invicem
1391 3312 1561 3389 dependent)
1580 3318 1644 3371 red-

297 3397 399 3451 dantur
426 3394 610 3468 inaequales?
645 3400 760 3455 Omnino
788 3403 856 3455 fient
884 3401 1053 3473 insequules.
1094 3400 1138 3456 Sit
1161 3400 1232 3456 eniin
1252 3400 1313 3469 jum
1332 3400 1383 3457 RF
1407 3398 1498 3469 portio
1528 3398 1644 3463 circelli,

299 3490 380 3547 quem
399 3492 491 3531 nunno
510 3484 587 3533 motu
607 3481 714 3535 coniicit
734 3480 798 3535 nris
818 3482 921 3536 Terrae
941 3482 970 3537 iu
988 3482 1191 3553 proecedentis,
1217 3498 1268 3535 seu
1293 3482 1367 3537 unce
1387 3479 1416 3533 in
1436 3478 1644 3553 consequentis,

299 3564 331 3609 et
350 3562 529 3611 connectetur
548 3558 578 3611 K
597 3576 656 3615 cum
676 3563 701 3615 Β
721 3565 751 3614 et
769 3562 805 3616 D.
847 3562 1026 3634 Triangulum
1050 3562 1136 3633 igitur
1155 3562 1231 3617 ΚΒΓ
1249 3560 1381 3630 madorem
1400 3559 1489 3615 hebet
1508 3559 1644 3631 ungulum

300 3636 333 3701 Β,
355 3653 437 3706 quum
456 3637 534 3692 KDF
554 3642 686 3710 ungulum
704 3642 741 3695 D.
779 3640 871 3710 Major
892 3643 978 3715 igitur
997 3643 1087 3713 portio
1115 3642 1219 3697 sodisci
1243 3660 1280 3697 ex
1300 3644 1324 3696 B
1344 3638 1473 3711 descripti
1502 3640 1645 3694 subtendit

300 3717 434 3789 mgnum
453 3719 485 3781 Β,
514 3734 594 3789 quom
621 3721 762 3775 subtendit
788 3723 921 3793 sugtrlum
939 3724 966 3777 D
987 3722 1077 3793 portio
1097 3740 1134 3777 ex
1153 3725 1180 3777 D
1206 3720 1334 3791 descripti
1362 3718 1474 3775 sudium.
1515 3719 1645 3774 Velooior

300 3796 388 3868 igitur
406 3796 435 3851 iu
455 3799 478 3851 Β
499 3804 544 3852 est
561 3806 651 3855 motus
671 3803 724 3855 sub
744 3802 855 3857 zodiaco
876 3803 1107 3874 nequinoctiorum
1128 3803 1155 3857 in
1169 3801 1371 3873 prueeeuenoic.
1393 3800 1474 3855 citius
1495 3799 1582 3875 igitur
1595 3799 1644 3856 Sol

300 3880 335 3931 od
356 3878 554 3947 aequinoctium
583 3880 673 3944 veuit,
704 3889 734 3935 et
753 3882 793 3937 sic
812 3884 935 3954 tropicus
961 3900 1049 3939 sunus
1078 3884 1164 3939 minor
1193 3889 1244 3937 est.
1285 3882 1410 3937 Tentnbo
1440 3880 1643 3936 dimensionem.

294 3958 458 4021 Praecessio
487 3958 628 4016 mediocris
657 3961 737 4016 unius
766 3964 830 4017 unni
851 3970 896 4019 est
917 3983 953 4019 ex
973 3964 1127 4019 Pruteniois
1149 3958 1208 4019 50⁰
1237 3969 1383 4018 numeratu
1407 3962 1435 4017 iu
1461 3961 1572 4015 sodisno
1593 3978 1645 4015 seu

300 4038 384 4093 etism
402 4037 431 4092 in
458 4038 558 4095 circulo
584 4041 679 4098 minori
706 4042 771 4107 KL,
793 4050 890 4114 estque
918 4046 1037 4118 ungulus
1058 4046 1142 4099 ΚΑΒ.
1183 4042 1226 4099 Sit
1245 4044 1299 4099 ΚΔ
1320 4036 1372 4097 230
1393 4034 1451 4105 42‘.
1473 4042 1522 4097 ΔΒ
1547 4034 1594 4097 i2‘
1615 4047 1645 4095 et

299 4119 377 4174 ΚΑΒ
398 4111 467 4172 50”.
510 4120 637 4181 Qualium
663 4138 733 4194 ergo
761 4124 836 4177 sinus
857 4125 942 4181 ΚΑΜ
970 4132 1015 4179 est
1035 4120 1123 4189 2424,
1154 4124 1250 4179 tulium
1279 4125 1356 4179 sinus
1378 4122 1462 4177 ΚΒΜ
1487 4122 1537 4177 liet
1556 4116 1643 4199 2443,

300 4198 480 4254 sinus-KDM
500 4194 578 4255 2405
600 4201 715 4259 circiter.
756 4205 817 4257 Hoc
844 4212 945 4275 pecto,
976 4205 1082 4276 quoties
1113 4221 1201 4265 sunus
1226 4210 1270 4259 est
1299 4202 1490 4268 brevissimus,
1520 4208 1553 4257 ut
1572 4203 1645 4257 inter
1746 4196 1749 4205 ⁴

300 4278 490 4335 Ptolemaeum
514 4285 545 4334 et
563 4280 747 4351 Alphonsun,
778 4285 926 4355 requiritur
953 4286 1101 4357 obliquius
1131 4285 1249 4339 minime.
1288 4285 1360 4339 Sene
1388 4300 1468 4337 nemu
1496 4299 1558 4339 curn
1578 4288 1645 4337 tunc

302 4359 439 4415 dimensus
459 4366 511 4414 est.
545 4362 585 4416 Et
603 4362 720 4418 vicissim
740 4366 777 4419 uls
798 4358 943 4434 Alphoriso
963 4368 998 4419 ud
1019 4383 1068 4421 nus
1090 4371 1122 4421 ut
1142 4381 1229 4421 sunus
1250 4364 1288 4419 sic
1309 4363 1457 4435 obliquituo
1478 4364 1561 4419 debet
1580 4364 1643 4433 pe't·

304 4457 416 4496 munere
444 4440 584 4510 sequulis,
616 4445 686 4513 quod
706 4450 736 4497 et
755 4462 849 4499 verum
877 4462 958 4516 quum
987 4446 1110 4517 proxime
1135 4446 1332 4517 deprehensum
1351 4452 1404 4499 est.
1445 4444 1499 4499 Sed
1518 4444 1646 4499 exercitii

304 4520 401 4593 gretie
421 4520 495 4575 dicto
512 4521 583 4577 hoec
603 4530 702 4587 suntor
721 4525 778 4579 scio
799 4543 853 4582 nou
871 4526 913 4581 itu
932 4526 1031 4581 leviter
1051 4526 1174 4597 expediri
1194 4544 1283 4597 posse.
1316 4530 1413 4599 (Gomp-
1433 4549 1457 4597 p.
1477 4526 1553 4593 429.)
1572 4555 1606 4565 -

391 4597 524 4663 Hucusque
541 4599 681 4665 Keplerusr
708 4603 832 4654 exordium
858 4604 946 4655 hurum
971 4605 1097 4655 litersrum
1124 4604 1275 4657 exhibuimus
1301 4604 1385 4661 vul-1.
1408 4620 1432 4669 p.
1452 4601 1522 4661 6533
1548 4602 1645 4667 reliqu

305 4682 422 4749 leguntur
437 4680 486 4730 vol.
504 4680 581 4753 Eup.
600 4679 643 4742 78,
662 4680 722 4741 755.
742 4679 801 4732 790.
838 4683 969 4735 Concludit
988 4684 1126 4749 Keplerus:
1157 4678 1238 4733 Mitto
1271 4684 1301 4734 et
1332 4678 1384 4733 huc
1417 4676 1644 4747 rejectanentum

300 4756 451 4810 studiorum
479 4772 599 4809 meorum
623 4760 820 4829 (Prognosms
838 4778 861 4814 s
884 4762 964 4825 18⁰2)
993 4758 1134 4830 iudignum
1158 4758 1252 4829 Mogn.
1280 4760 1373 4824 Tune,
1404 4760 1453 4813 sed
1481 4757 1645 4812 mittendum

301 4844 407 4900 tumen,
435 4852 472 4888 ue
492 4842 521 4888 te
541 4842 598 4890 tum
627 4837 774 4892 sollicitum
794 4839 827 4891 de
851 4838 919 4893 meis
949 4839 1043 4893 studiis
1074 4838 1217 4910 quidquem
1246 4856 1338 4893 eorum
1363 4840 1461 4894 latent.
1501 4838 1572 4893 Vule
1592 4836 1644 4894 Vir

304 4915 461 4988 Magnifice,
482 4932 578 4987 meque
598 4932 757 4987 promovere
777 4934 873 4989 perge.
914 4918 952 4974 M.
973 4918 1003 4975 T.
1024 4919 1238 4974 devinctissimus
1310 4920 1346 4974 M.
1368 4920 1411 4976 Jo.
1432 4919 1560 4991 Keppler.

293 4998 297 5003 '
387 4990 584 5047 florusrtus
605 4996 632 5047 iu
644 4997 800 5066 mouture
811 5011 858 5049 sue
874 4996 979 5063 primum
992 4997 1046 5050 udis
1055 4997 1158 5064 Kepleri
1170 4996 1363 5065 Propertium,
1382 4996 1471 5055 duodo
1482 4996 1639 5065 petitionem.
