3517 5525
562 463 623 516 em
641 463 732 516 raras
770 461 850 529 capa
867 458 979 515 mm.
1377 463 1438 532 stt

100 636 312 722 deceptionem
335 639 433 702 inesse
456 639 486 702 in
510 641 749 705 ratiocinatione.
794 641 873 704 Nam
897 640 975 703 sicut
996 640 1026 702 in
1050 641 1115 702 lnce
1138 659 1196 703 non
1220 642 1346 706 effluunt
1366 645 1444 709 radii

100 750 118 791 a
148 730 223 792 solis
246 728 366 813 punctis
385 737 416 790 et
433 729 556 792 ‘circulis
581 731 712 812 corporis
725 730 775 808 ad
797 729 1011 810 respondentia
1032 730 1178 810 sphaerae
1201 741 1312 811 puncta
1329 741 1360 796 et
1382 736 1442 797 cir-

101 819 201 893 cnlos;
235 819 319 880 utin
342 841 357 900 y
378 837 436 880 non
460 840 479 880 a
502 820 566 880 solo
590 843 610 882 α
633 822 705 900 <qno
728 827 817 901 pacto
840 819 924 880 nulla
945 828 1051 898 posset
1073 817 1203 882 adscribi
1226 821 1284 882 luci
1307 823 1443 886 densitas

100 908 127 968 in
161 907 317 988 sphaeris,
348 926 415 969 cum
447 906 475 968 in
508 907 576 987 ipsa
604 909 719 988 origine
751 908 862 970 nullam
890 906 1015 969 haberet
1047 908 1258 987 quantitatem,
1291 919 1395 992 utpote
1426 936 1445 975 a

100 1007 211 1076 puncto
236 996 445 1071 descendeus),
470 998 522 1057 sed
547 997 672 1060 effluunt
694 1019 713 1059 a
736 1005 800 1059 toto
823 997 950 1060 lucentis
973 995 1191 1076 hemisphaerio
1214 999 1290 1060 radii
1314 1002 1352 1062 ad
1377 1003 1441 1063 sin·
1524 1030 1526 1035 ·

101 1086 172 1165 gula
195 1084 379 1164 imaginatae
403 1085 576 1166 sphaericae
600 1085 765 1166 superficiei
787 1093 914 1165 puncta3
938 1092 973 1148 ut
994 1086 1024 1146 in
1047 1109 1062 1165 y
1084 1086 1181 1148 effluit
1202 1087 1303 1148 radius
1327 1098 1389 1152 tam
1405 1111 1443 1152 ex

101 1179 233 1254 dquam
255 1191 293 1236 ex
316 1194 345 1235 s:
381 1173 424 1235 sic
446 1175 536 1236 etiam
564 1175 593 1236 iu
626 1175 746 1255 negotio
773 1174 895 1236 virtutis
921 1174 999 1235 idem
1021 1175 1078 1237 boc
1100 1176 1197 1236 locum
1219 1175 1320 1240 habet.
1366 1180 1446 1243 Nam

101 1265 158 1326 etsi
186 1263 341 1324 filamenta
363 1263 496 1341 corporis
517 1263 634 1326 Solaria
657 1263 825 1344 magnetica
848 1263 1022 1326 ordinantur
1044 1265 1205 1326 secundum
1228 1265 1444 1345 longitudinem

99 1351 233 1425 zodiaci3
257 1351 316 1412 etsi
330 1351 420 1414 etiam
435 1352 540 1415 uniens
563 1353 767 1418 tantummodo
783 1351 909 1414 circulus
927 1352 1072 1414 maximus
1086 1354 1218 1432 corporis
1235 1352 1316 1417 Solis
1339 1359 1450 1420 subest

101 1441 226 1502 zodiaco
256 1441 320 1504 sive
344 1439 513 1520 eclipticas,
548 1451 580 1504 at
607 1461 694 1523 quam
727 1441 861 1521 proxime
890 1441 1005 1502 orbitae
1036 1442 1191 1526 planetae3
1225 1442 1351 1523 deniqne
1385 1445 1444 1508 etsi

100 1529 188 1592 alteri
219 1528 333 1592 circelli
364 1530 493 1593 minores
517 1531 653 1606 (taudem
685 1531 740 1592 sub
769 1530 846 1610 polis
878 1530 909 1592 in
939 1531 1042 1609 puncti
1075 1531 1245 1610 angustiam
1275 1535 1443 1608 attenuati)

101 1616 335 1681 subordinantur
362 1619 613 1698 hespondentibus
641 1618 704 1683 suis
727 1619 846 1682 circulis
878 1619 908 1678 in
932 1619 1061 1698 sphaera
1082 1620 1238 1700 planetae:
1271 1628 1372 1684 tamm
1405 1624 1443 1686 ab

101 1707 241 1770 omnibns
263 1702 379 1769 Solaria
403 1710 536 1790 eorporis
558 1709 717 1771 filameutis
736 1709 789 1783 (ab
812 1727 869 1769 uno
884 1707 1102 1788 hemisphaerio
1122 1709 1254 1790 corporis
1276 1713 1442 1787 stantibus)

100 1797 177 1859 radii
201 1796 336 1859 defluunt
358 1805 390 1858 et
411 1800 563 1861 confluunt
585 1795 647 1860 ta'rn
662 1798 700 1859 ad
724 1805 836 1877 puncta
857 1796 977 1876 singula
998 1797 1115 1859 itineris
1138 1799 1262 1878 aiicujus
1291 1803 1441 1880 planetae,

101 1904 188 1967 quam
217 1886 257 1947 ad
278 1884 361 1966 ipsos
388 1889 473 1965 polos
502 1886 580 1968 polis
603 1886 736 1967 corporis
760 1885 841 1948 Solis
855 1881 1073 1972 imminentes3
1108 1894 1148 1948 et·
1166 1888 1307 1970 planetae
1336 1906 1442 1972 corpus

101 1976 220 2038 rebitur
243 1975 281 2036 ad
305 1975 454 2040 modulum
477 1975 637 2038 densitatis
660 1977 746 2056 hujus
769 1975 904 2054 integrae
928 1971 1050 2055 speciei,
1074 1995 1112 2060 err
1133 1977 1292 2040 fllamsntis
1308 1981 1442 2043 omnibus

102 2063 299 2144 compositae.
508 2090 511 2098 ·
1256 2104 1258 2107 -

189 2153 236 2216 At
257 2171 316 2214 nou
337 2152 406 2215 ideo
429 2149 576 2232 sequitur,
599 2160 633 2214 ot
656 2151 734 2214 sicut
757 2149 809 2214 Sol
832 2170 1070 2232 quaquaversum
1091 2152 1173 2214 lucet
1196 2155 1376 2234 aequaliter,
1401 2158 1444 2220 sic

102 2242 193 2304 etiam
217 2242 349 2322 planeta,
375 2241 452 2323 quod
467 2252 599 2303 metuere
618 2241 727 2322 possis,
752 2243 988 2322 quaquaversum
1011 2246 1167 2302 moveatur
1184 2243 1249 2303 sins
1264 2244 1443 2310 discrimine.

100 2332 204 2412 Neque
238 2331 315 2392 enim
344 2333 498 2406 ,filamenta
520 2329 602 2392 Solis
633 2331 803 2410 magnetica
832 2337 953 2392 movent
986 2329 1121 2392 solitarie
1152 2333 1356 2403 considerata,
1390 2337 1446 2398 sed

100 2429 248 2502 qnatenus
272 2419 326 2482 Sol
349 2419 539 2500 rapidissime
563 2436 722 2482 conversus
746 2419 777 2481 in
799 2439 853 2481 suo
877 2419 976 2498 spatio
999 2418 1066 2500 ipsa
1090 2439 1204 2500 quoquc
1227 2422 1388 2498 dismanta,
1413 2432 1445 2487 et

101 2528 166 2572 eom
189 2507 228 2571 iis
251 2511 380 2589 speciem
404 2519 572 2571 moventem
594 2509 632 2570 ab
656 2509 693 2570 iis
717 2508 919 2570 dimanantem
940 2508 1121 2570 circumfert.
1166 2509 1235 2574 Non
1267 2511 1357 2591 igitur
1390 2513 1446 2576 ibit

100 2600 225 2679 planeta
256 2598 285 2660 in
310 2600 483 2673 adversum,
517 2598 587 2677 quia
610 2597 664 2660 Sol
695 2607 839 2680 perpetuo
871 2597 999 2658 volvitur
1028 2597 1058 2658 in
1091 2597 1244 2661 directum.
1290 2601 1358 2664 Non
1390 2604 1446 2665 ibit

100 2689 225 2770 planeta
248 2688 286 2749 ad
310 2688 396 2769 polos
420 2687 493 2758 (etsi
516 2688 545 2748 in
569 2685 606 2748 iis
629 2688 748 2767 punctis
772 2687 862 2749 etiam
887 2685 987 2767 aliqua
1009 2685 1056 2746 de
1070 2705 1193 2768 oorpore
1216 2686 1297 2751 Solis
1326 2693 1443 2774 species

101 2778 212 2853 adsit):
237 2778 306 2857 qnia
320 2777 735 2858 nequeiilamsntacorporis
750 2776 865 2839 Solaria
888 2794 992 2837 versus
1015 2776 1100 2855 polos
1116 2779 1324 2855 extenduntur,
1348 2802 1444 2864 neque

102 2866 155 2929 Sol
178 2884 245 2927 eam
268 2866 298 2928 in
320 2867 443 2948 plagam
471 2865 616 2940 volvitur,
651 2865 706 2927 sed
732 2865 761 2927 in
790 2884 871 2941 eam,
907 2882 1046 2945 quorsum
1077 2866 1176 2945 ipsum
1204 2867 1358 2932 filamenta
1390 2892 1446 2935 sua

101 2956 240 3019 invitant.

191 3044 307 3116 Quibus
335 3044 456 3123 positis,
486 3049 603 3105 tantum
624 3042 712 3104 abest
733 3048 767 3103 nt
795 3041 936 3121 planetae
968 3059 1073 3102 versus
1100 3041 1188 3120 polos
1218 3044 1389 3125 rapiantur,
1412 3056 1447 3111 ut

100 3134 202 3215 potius
224 3134 314 3196 unica
335 3132 451 3194 zodiaci
473 3131 556 3212 regio
581 3131 621 3193 sit
643 3132 743 3192 media
765 3131 842 3192 inter
864 3128 961 3210 polos,
986 3146 1039 3208 per
1058 3147 1147 3208 quam
1170 3152 1271 3195 omnes
1293 3121 1444 3213 planetas,¹

102 3224 129 3286 si
150 3244 170 3285 a
194 3223 258 3285 suis
280 3221 410 3303 propriis
433 3221 562 3284 motibus
586 3227 748 3282 cessarent
765 3215 818 3301 (de
841 3219 947 3298 quibus
970 3218 1049 3279 infra
1071 3238 1137 3300 cap.
1157 3220 1355 3298 XXXVIII.)
1378 3226 1442 3287 sine

102 3314 165 3375 ulla
195 3312 361 3373 deflexione
384 3310 414 3372 iu
437 3309 652 3391 longitudinem
675 3310 717 3369 ire
741 3308 782 3370 sit
808 3324 941 3368 necesse.
986 3308 1067 3370 Nam
1093 3327 1169 3390 quae
1201 3311 1316 3391 species
1346 3314 1444 3377 hemia

102 3401 233 3482 sphaerii
257 3400 374 3465 Solaria
397 3399 520 3463 adsistit
541 3399 630 3461 alieni
662 3403 771 3478 pnncto
800 3394 930 3464 zodiaci,
960 3402 1034 3476 puta
1055 3396 1085 3457 iu
1109 3400 1261 3478 praesenti
1291 3402 1441 3466 schemate

103 3497 212 3571 puncto
236 3486 260 3563 ζ
283 3488 359 3551 tota'
373 3496 434 3549 est'
447 3488 662 3552 filamentornm
685 3484 948 3549 semicircularium
970 3486 1074 3548 eodem

103 3598 161 3642 una
191 3578 377 3641 tendentium
386 3597 396 3653 ;
429 3584 463 3639 ut
494 3595 532 3639 ex
553 3581 579 3638 θ
601 3577 631 3638 in
653 3599 681 3656 y,
706 3578 783 3637 ext
812 3575 841 3637 in
864 3599 887 3651 μ
909 3583 967 3639 otc.
1012 3574 1104 3638 Ubi1
1202 3560 1256 3627 ἦ·
1275 3558 1318 3611 ⁸⁷·

102 3686 173 3730 vero
197 3686 302 3729 versus
324 3667 409 3746 polos
433 3666 533 3728 mundi
555 3663 752 3740 concesseris,
784 3670 819 3726 ut
841 3662 871 3725 iu
894 3685 926 3741 η,
951 3672 1021 3727 tunc
1044 3669 1076 3724 et

103 3757 200 3819 altero
228 3757 299 3838 polo
329 3756 462 3835 torporis
486 3755 567 3818 Solis
589 3778 619 3836 y,
644 3763 675 3817 et
702 3754 922 3815 filamentorum
951 3752 1075 3832 integris
1102 3735 1118 3796 ζ

104 3846 239 3908 cimeliis¹
257 3848 315 3921 tp,
348 3845 546 3926 qnaepolum
568 3868 583 3923 y
605 3845 812 3918 circumstant,
843 3843 899 3904 sub
923 3848 1076 3922 aspectum

103 3958 147 4014 ημ
168 3934 340 4009 vindicatis,
363 3933 481 4013 specics
504 3940 697 4013 componetur
720 3952 758 3995 ex
771 3931 931 3995 filamentis
953 3932 985 3993 in
1003 3950 1077 3993 con·

103 4024 198 4087 traria
218 4022 429 4107 tendentibus:
455 4022 631 4088 circulorum
654 4022 732 4100 onim
754 4028 857 4102 partes
881 4020 1037 4102 oppositae
1059 4022 1078 4081 λ

104 4122 135 4175 ct
156 4138 178 4189 μ
199 4113 231 4175 in
254 4120 357 4193 partes
381 4118 451 4173 eunt
473 4112 649 4175 contrarias.
694 4109 796 4173 Minus
819 4110 911 4191 igitur
934 4116 1007 4190 apta
1030 4116 1078 4171 est

104 4200 219 4283 species
243 4203 304 4267 ista
324 4206 402 4279 θημ
424 4219 529 4265 versus
551 4201 639 4282 polos
663 4200 790 4281 delapsa
811 4199 851 4261 ad
873 4208 986 4262 motum
1007 4199 1077 4281 pla-

104 4292 181 4355 netis
204 4290 399 4357 inferendum.
