3517 5525
696 388 851 478 'neom
1382 423 1445 492 err

110 607 143 662 st
164 601 318 683 proportio
342 607 509 665 ceterorum
531 611 566 664 et
578 603 705 684 denique
730 604 824 684 ipsius
842 603 902 666 ΑΕ
923 597 1060 668 ἰιι1360ο
1080 602 1209 666 dabitur.
1246 605 1281 667 In
1300 603 1448 684 triangulo

91 690 201 770 igitur
219 691 375 770 sphaerico
389 689 486 764 ΑΕΒ,
511 694 685 774 rectangulo
705 693 744 757 ad
757 691 794 766 Ε,
820 693 909 756 datur
931 700 1089 773 praeterea
1106 693 1187 755 latus
1204 691 1260 756 ΑΕ
1275 702 1307 755 et
1320 694 1448 772 angulus

107 779 265 860 oppositus
289 779 387 848 ΑΒΕ,
410 799 500 861 qnare
524 789 557 842 et
569 783 628 844 AD
652 781 797 844 distantia
819 782 891 844 nodi
914 782 953 844 ab
975 782 1113 861 opposito
1136 783 1199 843 loco
1214 781 1295 844 Solis
1318 782 1447 857 dabitur,

107 878 140 929 et
161 869 217 942 BD
241 868 392 949 elongatio
415 871 518 932 Lunae
542 871 580 933 ab
610 871 662 933 illo
694 873 790 943 nodo,
821 871 900 952 quod
919 878 995 932 -erat
1025 871 1200 950 quaesitum.
1246 874 1347 953 Atque
1374 870 1448 936 hacc

105 965 156 1018 cst
177 958 347 1032 methodus,
372 979 430 1042 qna
453 959 643 1022 Ptolemaeus
666 960 751 1024 initio
774 960 874 1043 fuerat
896 979 979 1024 usus.

197 1044 339 1110 Ceterum
362 1047 453 1110 aliam
480 1048 560 1112 viam
591 1049 736 1112 insistens
760 1049 788 1110 io
812 1050 927 1129 Magna
950 1047 1193 1128 compositione,
1221 1067 1378 1127 regressus
1401 1057 1448 1110 est

104 1135 146 1197 ad
169 1135 243 1197 haec
266 1136 347 1216 ipsa,
376 1156 452 1218 qnae
474 1137 553 1200 inter
583 1137 730 1218 principia
760 1146 947 1200 assumserat
968 1145 1001 1200 et
1022 1156 1099 1218 quae
1125 1136 1193 1198 inde
1215 1137 1447 1208 deducebantur,

105 1223 323 1304 redarguenda.
360 1225 516 1303 Facillime
532 1225 611 1290 enim
633 1247 717 1290 error
739 1227 767 1288 in
785 1236 847 1290 tam
866 1227 971 1290 subtili
991 1226 1120 1288 materia
1141 1226 1312 1306 mnungere
1333 1237 1445 1307 potest,

102 1307 243 1376 Primurli
262 1314 381 1397 dioptra
402 1314 608 1396 Hipparchum
635 1317 761 1390 fefellit,
786 1335 841 1378 nec
863 1317 953 1398 plane
985 1323 1074 1378 tanta
1095 1322 1144 1377 est
1162 1315 1268 1379 Lunae
1290 1315 1445 1384 diameter.
1481 1312 1483 1315 ’
1529 1304 1561 1352 ’·

105 1401 224 1465 Deinde
248 1419 303 1465 nec
324 1402 463 1469 horarius
486 1405 529 1466 ita
544 1415 647 1468 certus
664 1414 723 1481 est,
747 1413 780 1468 nt
794 1407 874 1468 omni
898 1404 988 1469 dubio
1011 1411 1124 1466 careat
1162 1403 1246 1488 Duas
1268 1405 1345 1467 enim
1359 1405 1447 1468 Luna

100 1491 223 1554 obtinet
245 1492 497 1572 inaequalitates,
526 1513 650 1575 qnorum
682 1513 758 1574 quae
786 1495 818 1556 in
847 1495 945 1556 coitus
977 1493 1119 1556 luminum
1147 1493 1257 1556 desinit
1287 1494 1446 1556 admodum

100 1580 249 1644 hactenns
272 1581 389 1646 incerta
411 1582 477 1657 luit,
501 1591 536 1646 ut
558 1584 646 1648 aliter
669 1585 751 1648 illam
774 1583 969 1646 Ptolemaeus
990 1581 1165 1656 tradiderit,
1187 1582 1276 1644 aliter
1297 1580 1444 1664 Gopemi·
1545 1647 1548 1653 ,

101 1689 166 1746 cos,
191 1671 279 1734 aliter
294 1671 406 1752 Tycha
443 1671 524 1738 Fieri
547 1669 640 1736 etiam
654 1674 768 1753 putuit,
792 1680 827 1735 nt
845 1673 874 1734 in
890 1672 1040 1750 eclipseos
1063 1679 1096 1732 et
1115 1690 1215 1734 morae
1238 1672 1446 1751 etdiqitorom

102 1759 319 1822 observatione
350 1779 409 1822 non
440 1761 518 1824 satis
548 1761 724 1842 diligentias
755 1763 796 1825 sit
828 1761 1003 1824 adhibitum.
1048 1761 1128 1822 Nam
1148 1762 1178 1823 in
1195 1761 1319 1824 detecto
1341 1762 1445 1824 Lunae

101 1847 225 1912 difficile
253 1856 302 1910 est
324 1848 484 1912 aestimare
515 1851 594 1932 qnod
622 1851 725 1933 pariit,
756 1869 824 1914 cnm
845 1871 904 1913 non
927 1850 1074 1912 uideatur.
1119 1849 1254 1931 Denique
1276 1849 1444 1913 latitudinis

103 1938 240 2018 angulus,
266 1945 300 1998 nt
318 1937 397 2000 infra
420 1937 555 2016 dicetur„
569 1939 658 2004 dubio
679 1961 736 2002 non
755 1947 848 2004 caret.
886 1941 930 2004 Ut
948 1940 1012 2020 jam
1034 1957 1094 2000 non
1117 1937 1214 2002 dicam
1236 1939 1273 2000 de
1294 1956 1341 2014 eo,
1365 1939 1445 2021 quod

101 2027 250 2088 diameter
273 2025 392 2102 Lunae,
426 2029 484 2091 etsi
503 2029 538 2112 in
560 2048 618 2092 uno
640 2029 767 2110 epicycli
789 2031 856 2092 loco
888 2037 971 2092 recte
994 2027 1084 2090 luerit
1111 2027 1287 2100 observata,
1319 2028 1350 2092 in
1375 2028 1444 2091 aliis
1514 2106 1517 2115 .

8 2141 11 2148 ·
101 2125 204 2178 umen
226 2115 301 2177 locis
325 2116 430 2178 vitium
457 2117 624 2180 contrahat
640 2121 678 2182 ob
701 2119 822 2182 nimiam
846 2118 885 2182 ab
906 2117 1080 2199 Hipparcho
1108 2117 1293 2197 suppositam
1319 2119 1442 2198 quanti-

5 2203 7 2282 ᾗ
98 2213 196 2266 tatem
219 2204 355 2286 epicycli‚
379 2205 449 2268 dnm
472 2207 674 2290 inaequalitas
696 2207 792 2270 omnis
816 2227 854 2270 ex
877 2205 1010 2289 epicyclo
1038 2205 1198 2281 derivatur,
1220 2225 1296 2288 qnae
1318 2206 1442 2270 dimidia
1564 2280 1568 2297 Ι

99 2302 247 2374 exparte
271 2293 389 2356 aliunde
412 2295 505 2358 venit.

188 2382 381 2444 Ptolemaeus
406 2403 477 2465 ergo
501 2385 531 2446 in
550 2385 762 2448 iterationibus
784 2385 928 2466 paucima
949 2384 1095 2446 assumsit
1116 2392 1148 2446 et
1166 2384 1293 2446 certiora
1315 2384 1441 2447 demon·

98 2473 225 2536 strando
248 2473 342 2534 motui
365 2473 560 2536 latitudinis„
589 2475 686 2538 Binas
708 2475 851 2554 eclipses,
864 2477 867 2486 '
880 2493 968 2555 quam
990 2466 1089 2553 potuit
1114 2473 1245 2536 invenire
1266 2473 1440 2552 longissimo
1477 2503 1483 2525 ι
1569 2533 1572 2545 ,

96 2556 426 2643 temporis'intervallo
450 2563 617 2639 distantes,
642 2564 736 2644 elegit
759 2564 802 2628 sio
825 2570 1034 2644 comparatas,
1061 2568 1096 2623 nt
1118 2569 1241 2643 utraque
1263 2572 1345 2624 esset
1366 2581 1440 2642 par-

97 2653 183 2714 tialis
216 2650 349 2730 ejusdem
382 2651 579 2733 quantitatis,
611 2655 690 2734 apud
722 2654 848 2716 cundem
875 2653 1004 2731 nodum,
1035 2651 1067 2714 in
1089 2651 1194 2714 eadem
1213 2652 1306 2733 plaga
1326 2651 1438 2726 mundi,

97 2741 225 2824 denique
250 2741 279 2803 in
304 2740 409 2803 eodem
431 2741 497 2805 loeo
521 2741 663 2824 spicycli,
687 2749 721 2805 nt
743 2751 914 2817 constaret,
943 2740 1076 2805 umbram
1098 2740 1131 2804 in
1150 2742 1281 2805 transitu
1302 2740 1439 2824 uuinque
1546 2790 1552 2802 .

96 2831 235 2909 ejusdem
265 2850 332 2893 esse
362 2830 521 2897 crassitiei.
571 2830 629 2893 His
652 2832 729 2895 enim
753 2833 833 2895 datis
866 2839 1087 2902 commorat,
1116 2831 1250 2911 utrinque
1272 2832 1439 2913 aequaliter

5 2926 6 3005 J
96 2920 234 2982 abluisse
257 2919 341 2983 illam
357 2918 484 2995 anodo,
501 2920 673 3000 acproinde
697 2920 785 2983 orbes
803 2920 996 2983 latitudinum
1019 2928 1238 2981 consummatos
1261 2928 1438 3001 cessatque

5 3016 6 3021 ’
95 3010 243 3089 integros,
265 3008 340 3070 nibil
362 3008 531 3083 residuum,
554 3008 628 3071 nihil
651 3009 809 3085 delicians,
839 3027 895 3071 nec
918 3027 993 3088 opus
1019 3008 1077 3070 tuit
1099 3016 1132 3069 ut
1153 3016 1258 3081 antea,
1290 3026 1439 3090 praecog·
1498 3080 1504 3091 ι

5 3088 6 3175 f
95 3098 182 3161 nosci
204 3098 375 3173 horarium,
410 3098 586 3161 diametrum
608 3099 722 3161 Lunse'
736 3106 789 3161 ant
810 3098 951 3171 umbrae,
983 3116 1040 3158 nec
1062 3096 1201 3177 angulum
1223 3096 1438 3174 inclinationis,

5 3182 6 3205 ¹
94 3206 133 3249 ao
155 3206 194 3249 ue
218 3186 362 3267 epocham
384 3186 501 3269 quidem
525 3195 625 3249 motus
649 3186 827 3250 latitudinis.
873 3186 998 3250 Suffecit
1022 3185 1110 3259 scire,
1132 3186 1249 3249 Lucam
1270 3186 1439 3267 aequaliter

5 3328 6 3335 ,
95 3296 117 3337 a
139 3276 218 3338 nodo
242 3274 375 3337 abluisse
397 3276 552 3359 utrinque,
584 3276 684 3358 potnit
706 3276 832 3352 nesciri,
863 3282 1005 3355 qnantum
1032 3273 1172 3339 abluerit
1217 3274 1262 3339 Ut
1283 3284 1383 3340 autom
1407 3284 1438 3337 et
1533 3278 1541 3299 ¹

95 3363 155 3427 boc
179 3364 305 3427 sciretur
326 3364 531 3445 postmodum,
560 3384 676 3429 rursum
699 3365 893 3429 Ptolemaeus
922 3363 1015 3445 elegit
1036 3364 1111 3426 duas
1132 3363 1277 3445 partiales
1298 3364 1436 3445 eclipses,

5 3466 6 3471 ’
97 3454 234 3533 ejusdem
268 3452 435 3516 anomaliae
467 3454 577 3534 plagae
603 3463 638 3517 et
665 3453 862 3537 quantitatis,
895 3453 950 3517 sed
978 3452 1107 3516 aiteram
1137 3454 1214 3517 nodo
1244 3454 1437 3525 descendenti

97 3542 239 3617 vicinam,
265 3542 392 3605 alteram
414 3544 600 3606 ascendenti.
635 3545 714 3609 Nam
736 3552 853 3625 tempm
875 3542 1064 3624 interjectum
1087 3544 1248 3605 secundum
1269 3542 1437 3606 latitudinis

97 3639 213 3695 motum
228 3640 297 3693 ante
312 3632 524 3713 investigatum
543 3634 732 3706 ostendebat,
756 3640 866 3714 quanto
882 3651 954 3696 aren
971 3632 1074 3695 circuli
1093 3631 1131 3694 ab
1144 3632 1271 3695 invicem
1285 3632 1435 3697 abessent.

99 3718 227 3783 Certum
249 3728 358 3795 antem,
384 3722 481 3783 minus
505 3722 691 3785 semicirculo
709 3722 832 3788 distare.
870 3719 971 3792 Quare
994 3721 1143 3785 residuum
1165 3721 1437 3785 adsemicironlum

98 3817 151 3871 eat
179 3808 325 3872 distantia
354 3810 505 3891 utriusque
536 3812 683 3893 eclipseos
711 3831 806 3877 asuo
833 3811 911 3875 nodo
941 3810 972 3873 in
995 3831 1085 3874 unam
1116 3830 1259 3875 summam
1289 3812 1435 3891 conjecta,

99 3918 178 3980 quae
210 3900 328 3961 bisecta
358 3896 460 3978 prodit
487 3910 635 3964 secretam
663 3900 846 3980 singularum
869 3922 889 3963 a
910 3901 989 3963 nodo
1021 3898 1209 3976 distantiam,
1237 3901 1315 3982 quod
1342 3919 1435 3982 quae-

97 3988 239 4053 rebatur:
264 3988 373 4067 angnlo
397 3989 565 4052 latitudinis
587 3984 749 4053 etiamnum
769 3990 917 4071 ignorato.

189 4076 349 4141 Succincta
375 4096 448 4139 sane
477 4078 649 4155 methodus,
681 4078 828 4161 siqnidem
864 4078 1017 4160 quantitas
1048 4078 1182 4140 delectus
1211 4078 1437 4142 aestimatorum

98 4167 228 4231 intuitus
242 4184 300 4229 non
316 4166 465 4241 fefellerit,
490 4174 523 4228 et
534 4186 653 4249 semper
670 4168 701 4231 in
714 4176 832 4249 promtu
845 4168 908 4230 sint
924 4176 988 4231 mm
1006 4167 1177 4231 commodae
1200 4166 1434 4231 observationes.

189 4255 251 4320 Seu
274 4274 449 4337 pergamum
474 4264 580 4337 quarto
595 4256 698 4339 itaque
711 4256 903 4320 Ptolemaeus
926 4256 1053 4319 alteram
1075 4256 1318 4337 inaequalitatem
1330 4258 1435 4321 Lunae
1501 4333 1503 4338 Ι

98 4346 152 4409 lib.
176 4345 218 4407 V.
243 4344 425 4425 aggreditur,
450 4346 578 4426 quaein
602 4346 755 4409 novilunia
786 4346 897 4409 desinit
918 4352 950 4407 et
970 4344 1149 4426 plenilunio,
1179 4366 1268 4429 quam
1290 4366 1355 4428 cap.
1383 4347 1433 4411 10.

98 4436 288 4499 demonstrat
319 4433 396 4496 citra
424 4452 564 4515 magnum
593 4434 810 4499 incommodum
831 4435 862 4501 in
886 4434 1002 4499 calculo
1031 4436 1184 4515 eclipsium
1206 4436 1305 4499 omitti
1332 4455 1433 4519 posse.

188 4522 302 4595 Quinto
325 4522 512 4586 latitudinem
533 4524 637 4587 Lunae
661 4524 830 4599 maximam,
858 4544 935 4607 quae
956 4525 1061 4587 eadem
1083 4532 1133 4587 cst
1159 4544 1224 4587 cum
1252 4527 1362 4607 angulo
1384 4526 1435 4588 in·

5 4606 6 4651 ³
47 4678 50 4687 ,
98 4613 271 4676 clinationis
295 4612 376 4675 orbis
398 4613 502 4677 Lunae
525 4614 565 4675 ad
586 4615 706 4695 planum
737 4613 912 4693 eclipticas,
936 4612 1127 4677 Ptolemaeus
1147 4632 1209 4676 non
1230 4616 1335 4678 minus.
1350 4634 1434 4677 corn-
1482 4643 1491 4666 r

99 4702 243 4784 pendiose
274 4692 428 4782 inquisivit
437 4717 452 4777 ,¹
477 4710 652 4783 exspectato
681 4709 850 4775 momento,
878 4721 936 4783 qno
968 4703 1055 4765 Luna
1081 4702 1111 4764 in
1136 4702 1254 4767 Oancro
1284 4705 1435 4767 borealem

5 4792 6 4827 ³
99 4792 225 4855 limitem
249 4790 428 4871 attingebat.
464 4794 546 4855 lirno
568 4792 647 4855 enim
663 4791 693 4853 in
707 4790 915 4855 Alexandrina
931 4790 995 4872 poli
1012 4790 1179 4855 elevatione
1193 4793 1279 4855 Luna
1300 4793 1433 4872 proxima

5 4882 6 4919 ³
99 4882 242 4944 verticem
275 4882 419 4943 accedens
450 4899 525 4961 pene
554 4882 633 4944 omni
665 4898 697 4943 se
727 4880 875 4961 parallaxi
907 4881 1043 4943 uuebat
1092 4882 1127 4943 In
1149 4882 1206 4944 hoo
1231 4881 1350 4963 quidem
1372 4883 1432 4945 situ

5 4974 6 5007 i
99 4970 293 5035 Ptolemaeus
316 4970 455 5045 affirmat,
477 4990 510 5035 ss
523 4985 674 5051 'semper
696 4970 823 5035 eandam
837 4968 940 5033 Lunae
963 4968 1140 5046 dismntiam
1162 4970 1311 5035 acardus
1334 4972 1433 5053 quoad
