3517 5525
741 415 790 507 *Ite
806 422 887 477 Luna
1028 486 1032 491 ,
1105 426 1108 431 ’
1422 416 1489 490 ’651

148 605 213 665 tum
230 601 296 683 jam
319 610 351 664 et
365 602 403 665 de
415 604 511 677 Luna,
536 604 615 685 qnod
631 604 670 664 ad
681 602 836 665 minimum
853 602 951 665 tribus
964 602 1100 663 rebatur.
1126 600 1368 665 Consentaneum
1381 620 1440 663 nna
1455 620 1493 665 ex

148 691 230 766 Sole,
255 693 386 754 secunda
400 712 439 754 er
452 692 554 768 Terra,
576 691 668 755 tertia
688 690 721 754 in
744 711 785 754 se.
823 690 885 754 Sed
903 696 1012 765 tamen,
1038 685 1106 770 quid
1123 690 1148 752 si
1163 688 1237 752 duas
1251 688 1281 751 in
1301 710 1334 753 se
1347 690 1520 753 haberett‘
1611 749 1616 757 ,
1728 716 1735 727 ·

104 809 106 816 ·
148 782 305 854 (utTerra
320 781 387 863 ipsa
403 781 496 844 babet
517 802 606 844 unam
628 780 747 843 rotandi
770 800 847 856 sese,
871 781 999 843 alteram
1022 778 1277 859 iaciendigyrum
1301 780 1438 861 apogaei‚
1462 780 1493 843 in

108 902 116 914 κ
148 870 232 950 cnjus
256 871 530 952 compensationem
550 871 638 935 Luna
659 888 718 933 noo
740 873 848 945 rotat.)
893 870 1038 931 Viderunt
1067 867 1098 930 in
1128 868 1341 947 phaenomenis
1365 888 1492 932 consen-

147 966 240 1021 tanea
262 959 389 1034 dicturi,
422 959 449 1025 si
479 960 644 1023 tribuamus
677 958 827 1022 diametro·
854 978 928 1021 sane
950 964 986 1019 ut
1006 950 1152 1020 hacteuus
1176 956 1235 1019 vim
1265 957 1427 1038 majorem,
1461 966 1494 1021 at

146 1046 355 1121 distantias)
380 1070 400 1109 a
413 1048 486 1112 Sole
509 1043 709 1112 dicamus'ita
731 1048 833 1111 confici
856 1045 1031 1130 aequalibus
1054 1045 1249 1127 temporibus,
1273 1052 1307 1108 ut
1329 1047 1492 1111 distantias

147 1156 220 1199 snas
234 1136 319 1199 Mars
336 1138 462 1204 conticit.
501 1138 585 1201 Tunc
608 1157 681 1200 sane
699 1142 775 1200 'snas
790 1159 809 1199 a
824 1135 919 1199 Terra
938 1136 1043 1197 eadem
1061 1135 1108 1197 vis
1123 1136 1268 1197 conficiet.
1305 1135 1361 1197 His
1384 1136 1493 1217 positis

145 1225 205 1287 hoc
228 1225 381 1307 sequitur,
414 1226 452 1289 ab
476 1230 502 1301 8
528 1228 560 1291 in
582 1233 719 1290 aetantes
742 1226 846 1308 angeri
867 1222 1030 1289 distantias
1054 1245 1073 1285 a
1095 1226 1205 1299 Terra,
1239 1224 1269 1287 in
1299 1224 1506 1305 quadraturis¹

145 1332 222 1396 pene
238 1314 416 1377 coincidere.
452 1316 531 1379 Nam
548 1316 607 1378 cito
621 1314 733 1377 transit
749 1316 776 1387 b
793 1315 825 1379 in
840 1318 877 1390 00,
902 1314 1080 1375 viextrema
1094 1312 1175 1376 Solis
1198 1320 1344 1393 promota.
1382 1312 1493 1377 Parnm

145 1404 237 1485 igitur
259 1402 299 1465 ad
321 1403 424 1467 Solem
445 1405 579 1480 accedit,
609 1411 713 1485 utpote
738 1404 770 1467 in
792 1400 1052 1485 parvo'tempore.
1100 1401 1215 1475 Quodsi
1238 1402 1363 1465 multum
1387 1402 1491 1479 distat,

144 1493 196 1554 din
218 1491 310 1573 igitur
331 1502 477 1557 movetur.
522 1495 568 1557 At
589 1493 676 1556 initio
698 1494 829 1575 positum
856 1492 916 1555 cito
933 1493 1085 1559 transire.
1124 1492 1252 1575 Talaum
1276 1492 1377 1573 igitur.
1422 1492 1492 1555 Nisi

144 1580 230 1651 dicas
252 1581 312 1644 cito
336 1580 466 1645 transire
489 1582 606 1646 ratione
628 1582 739 1646 moduli
763 1601 800 1644 ex
824 1582 914 1657 Sole,
943 1580 1029 1643 tarde
1052 1580 1167 1643 ratione
1191 1580 1304 1643 moduli
1326 1599 1364 1643 ex
1387 1580 1489 1643 Terra.

145 1663 150 1674 ’
231 1670 342 1734 Exorai
366 1672 458 1753 igitur
480 1691 538 1735 nou
563 1694 582 1733 a
604 1692 704 1748 sensu,
729 1672 783 1735 sed
805 1672 844 1734 ab
867 1668 1008 1751 analogia
1029 1669 1140 1751 magis,
1166 1668 1310 1745 dicamus,
1334 1680 1398 1733 tres
1422 1670 1491 1733 illas

143 1760 271 1824 virtutes
294 1780 362 1823 esse
384 1762 415 1823 in
437 1762 530 1838 Sole,
559 1762 671 1837 Terra,
702 1763 807 1832 Lnua;
840 1760 870 1823 in
899 1760 966 1823 sola
987 1760 1074 1821 Luna
1106 1758 1310 1840 aequabilem,
1343 1758 1374 1821 in
1397 1758 1490 1822 Terra

142 1850 262 1913 ratione
293 1870 392 1913 annua
413 1852 592 1914 variabilem
620 1852 650 1913 in
677 1869 765 1927 sese,
794 1857 826 1912 et
851 1848 1028 1912 variabilem
1054 1854 1193 1930 respectu
1219 1848 1324 1911 Lunae
1355 1848 1491 1912 aTerra

142 1939 336 2003 ascendentis
360 1948 393 2002 et
409 1938 638 2016 descendentis;
662 1938 692 2001 in
713 1939 785 2004 Sole
800 1938 976 2001 variabilem
999 1938 1116 2001 ratione
1137 1956 1276 2001 accessus
1300 1942 1332 1999 et
1352 1957 1490 2005 recessus
1572 1932 1575 1937 ¹

142 2028 250 2091 Lunae
274 2028 358 2090 etin
381 2048 517 2110 apogaeo
540 2036 572 2091 et
594 2028 623 2091 iu
648 2030 718 2092 orbe
742 2037 773 2091 et
795 2028 826 2091 in
847 2027 964 2091 ratione
987 2025 1135 2089 diametri.
1172 2022 1291 2090 Primae
1314 2026 1420 2091 modus
1444 2035 1491 2089 est

143 2136 233 2193 nnus,
256 2118 406 2183 secundae
428 2116 460 2195 2,
483 2118 593 2182 tertiae
615 2116 709 2192 4.(nt
730 2113 772 2182 29
796 2118 835 2179 ad
858 2113 911 2193 30,
934 2124 969 2179 ut
991 2113 1012 2179 8
1034 2116 1073 2178 ad
1101 2114 1164 2190 10).
1206 2116 1290 2178 Haec
1312 2116 1392 2179 enim
1414 2136 1487 2198 pos·
1518 2172 1521 2175 .

144 2215 216 2268 sunt
238 2225 306 2271 esse
325 2207 519 2289 suspiciones.
558 2207 620 2271 Sed
642 2208 716 2271 nibil
738 2208 769 2270 in
791 2206 884 2269 tertia
905 2206 1025 2269 videtur
1047 2204 1229 2267 considerari
1252 2204 1359 2276 debere
1381 2206 1487 2269 modus

6 2321 7 2324 ¹
80 2368 84 2373 λ
144 2294 254 2357 tertius
278 2297 319 2369 (si
341 2298 449 2361 tertius
473 2297 562 2373 nihil,
594 2316 664 2377 ergo
687 2300 747 2359 ueo'
767 2295 898 2379 primns,
930 2315 985 2357 nec
1016 2294 1187 2367 seoundns).
1233 2295 1311 2358 Nam
1335 2294 1486 2359 restitutio

111 2441 114 2445 .
142 2384 369 2466 inaequalitatis
391 2394 440 2449 est
462 2386 554 2469 dupla
568 2386 608 2450 ad
623 2386 834 2449 distantiarum
846 2385 1020 2447 circuitum:
1045 2383 1151 2447 celeris
1168 2390 1217 2445 est
1230 2384 1309 2446 enirn
1322 2384 1410 2447 Luna
1423 2392 1486 2446 tam

142 2473 174 2536 in
197 2475 227 2551 ἅ
249 2494 340 2557 qnam
362 2476 392 2537 in
417 2478 454 2548 0⁰.
499 2476 537 2540 In
560 2475 689 2539 secundo
712 2493 783 2537 vero
806 2473 947 2537 celeritas
970 2472 1025 2537 illa
1046 2479 1118 2555 pato
1141 2493 1200 2535 non
1223 2478 1271 2535 est
1292 2473 1486 2537 animadvers

142 2562 247 2626 tibilis.
294 2564 410 2638 (Quare
433 2584 529 2645 neque
551 2565 659 2627 tertiae
681 2561 834 2645 primast)
880 2562 1139 2628 Considerandum
1161 2569 1208 2624 est
1232 2580 1302 2642 ergo
1325 2562 1356 2625 in
1378 2561 1486 2625 tertiae
1527 2638 1530 2645 1

141 2653 231 2715 modo
254 2661 370 2735 quarto,
395 2674 470 2735 qnae
493 2654 536 2715 sit
557 2654 622 2735 ejus
644 2654 774 2735 genuina
796 2672 897 2715 causa.
943 2652 992 2715 An
1016 2670 1086 2713 vere
1109 2652 1156 2713 vis
1178 2648 1209 2713 in
1231 2652 1376 2716 diametro
1400 2651 1485 2713 velo·

144 2740 233 2804 cior?
276 2742 326 2807 An
350 2750 398 2806 est
425 2743 469 2806 ita
498 2743 751 2824 quadraturarnm'
777 2741 945 2806 retardatio
974 2741 1064 2822 plane
1093 2760 1153 2804 non
1182 2760 1219 2802 ex
1241 2740 1333 2818 Sole,
1365 2742 1419 2809 sed
1449 2759 1486 2803 ex

143 2833 259 2912 majore
275 2827 423 2896 distantia
437 2853 457 2894 a
470 2833 588 2895 Terra?
623 2831 665 2895 Et
687 2830 849 2895 distantiae
867 2830 996 2894 variatio
1018 2829 1128 2892 ibidem
1147 2829 1276 2894 aliunde.
1314 2833 1360 2894 At
1381 2839 1486 2894 eontra

141 2919 230 2984 Luna
251 2922 354 3002 potius
378 2922 500 3003 propius
523 2923 646 2984 Terram
669 2920 764 2997 venit,
789 2918 859 3003 qnia
882 2919 992 2982 crescit
1014 2919 1078 3000 ejus
1101 2918 1240 2982 latitudo.
1286 2919 1349 2982 Sed
1370 2921 1412 2982 sit
1434 2919 1487 2981 illa

141 3010 270 3072 venatio
293 3009 462 3073 latitudinis
485 3030 558 3073 sane
581 3009 700 3072 aliunde
723 3011 825 3085 (forte,
850 3009 927 3090 quod
944 3010 1048 3070 eadem
1062 3015 1110 3070 est
1126 3007 1279 3089 proportio
1299 3009 1392 3072 totins
1411 3007 1484 3070 lati-

140 3097 254 3162 tudinis
277 3101 315 3162 ad
338 3100 417 3162 hunc
439 3119 605 3172 excessum,
628 3118 704 3182 qnae
727 3098 808 3161 orbis
831 3099 943 3162 Terrae
967 3099 1004 3161 ad
1028 3096 1130 3160 orbem
1143 3098 1275 3172 Lunae).
1313 3097 1383 3160 Jarn
1405 3098 1484 3170 vida,

141 3188 213 3268 quid
235 3195 379 3271 sequatur
401 3189 432 3250 in
456 3189 671 3269 longitudinem
694 3195 726 3248 et
748 3187 937 3268 apogaeum?
981 3186 1065 3272 Idem
1087 3205 1208 3266 nempe,
1234 3185 1313 3267 quod
1332 3185 1397 3266 jam
1419 3186 1483 3267 pri-
1586 3225 1587 3236 ι

140 3275 219 3353 dem,
243 3278 313 3340 dum
336 3275 522 3340 consideravi
544 3278 627 3339 sinus
651 3276 849 3360 elongationis
873 3275 1063 3338 adiamatro.
1099 3273 1178 3338 Nam
1201 3275 1227 3337 si
1250 3283 1315 3338 tota
1338 3274 1484 3338 distantia

139 3366 166 3439 J>
192 3386 212 3429 a
235 3363 275 3444 Θ
300 3367 450 3442 foenerat,
479 3366 581 3447 portio
611 3364 845 3428 eccentricitatis
874 3359 933 3428 nbn
956 3365 1015 3428 nisi
1037 3363 1069 3446 iu
1089 3365 1281 3444 proportione
1304 3363 1482 3441 foenerabit·

138 3473 245 3536 parum
266 3473 381 3534 nempe.
426 3457 505 3518 Nam
528 3454 604 3517 illud
621 3455 686 3534 jam
708 3454 823 3535 pridem
845 3454 993 3526 sciebam,
1017 3461 1048 3515 et
1070 3453 1097 3514 si
1118 3453 1301 3535 perpendas,
1325 3463 1359 3516 nt
1381 3453 1482 3538 Tycha

139 3543 227 3621 dixit,
250 3545 354 3626 angeri
377 3543 629 3607 eccentricitatem
651 3544 683 3606 in
706 3543 906 3625 quadraturis,
932 3543 1018 3626 quasi
1040 3541 1160 3624 ellipsin
1181 3543 1289 3628 tendas
1304 3545 1371 3618 a[]
1389 3544 1418 3608 iu
1436 3541 1480 3616 U.

140 3644 173 3696 et
194 3634 417 3715 apogaeitatem
439 3632 701 3714 proportionaliter
723 3651 845 3714 augeas.

225 3747 301 3814 Not'a
319 3760 398 3816 haee.
440 3759 471 3815 In
492 3759 666 3831 quadraturis
687 3758 836 3814 dismndae
856 3761 922 3814 sunt
941 3757 1200 3819 semidiametrorum
1222 3754 1273 3824 tt,
1295 3754 1346 3824 60,
1375 3776 1412 3815 aa.
1437 3754 1480 3824 ¹lro
1595 3825 1601 3832 ,

137 3843 172 3895 de
192 3839 300 3910 majori.
340 3839 369 3894 Si
390 3835 429 3894 5⁷
448 3840 481 3894 lit
502 3834 626 3905 100000‚
650 3840 713 3912 qnid
735 3836 774 3893 3?
796 3865 833 3877 ·-
854 3833 940 3904 5263.
978 3839 1125 3894 Subtendit
1145 3833 1178 3896 0ο
1200 3833 1235 3904 1’,
1257 3840 1368 3910 duplum
1389 3832 1422 3894 6⁰
1443 3835 1480 3906 2¹,

136 3928 220 3976 tauta
239 3938 294 3975 non
314 3927 358 3974 est
378 3919 508 3991 aequatio
528 3921 624 3974 Lunae
645 3919 862 3990 oppositionalis.
904 3919 958 3974 Sed
980 3919 1130 3974 insensibili
1149 3919 1283 3990 juvatur,
1312 3927 1344 3974 ut
1364 3923 1482 3991 prodeat

137 3999 267 4072 aequatio
288 3999 506 4073 oppositionalis,
526 4005 560 4054 ut
579 4000 601 4054 si
623 3999 679 4054 sint
699 4000 849 4055 distantiae
869 3994 915 4064 55,
939 3996 985 4057 60.
1025 4001 1071 4056 Ita
1090 4001 1113 4056 si
1134 4001 1189 4055 sint
1211 3995 1264 4065 5³,
1287 3995 1341 4065 60,
1361 4001 1481 4071 prodibit

131 4082 227 4152 justus
247 4079 371 4134 modulus
391 4080 563 4151 aequatinnis
583 4081 782 4151 quadrantalia.
810 4081 915 4135 Eadem
935 4078 1083 4152 igiturest
1105 4081 1239 4136 distantia
1257 4081 1286 4136 in
1307 4082 1480 4152 quadraturis

136 4179 174 4216 ex
194 4161 396 4224 observatione,
418 4167 448 4214 et
469 4153 495 4220 8
516 4178 554 4215 ex
573 4159 785 4216 ratiocinatione
805 4159 922 4232 physica
942 4159 1066 4230 simplici.
1108 4163 1166 4218 Nec
1186 4161 1214 4216 in
1233 4161 1367 4218 varianda
1386 4179 1480 4218 acoen-

136 4241 259 4297 triaitate
279 4231 306 4302 b
328 4244 391 4312 plus
403 4240 524 4323 'integra
543 4242 646 4296 Terrae
665 4242 799 4296 diametro
819 4257 888 4311 opus
908 4241 1050 4306 habemus,
1071 4247 1103 4297 ut
1122 4241 1240 4313 physica
1259 4243 1375 4314 simplici
1394 4245 1479 4300 ratio·

136 4321 274 4378 ciantium
293 4327 438 4391 utramque
459 4321 630 4392 aequationis
651 4321 833 4392 quantitatem
853 4337 999 4396 servemus.

224 4411 256 4466 In
276 4409 339 4465 aliis
359 4413 393 4466 de
411 4411 493 4466 Luna
511 4409 584 4464 iuliis
604 4411 644 4465 sie
664 4411 758 4467 statui.
798 4411 872 4465 Vere
892 4413 1022 4466 decedere
1043 4410 1144 4482 aliquid
1164 4409 1261 4467 Lunae
1281 4412 1378 4477 motui,
1401 4429 1478 4468 aeos·

136 4494 202 4546 dere
221 4491 356 4561 tempori,
387 4505 447 4546 cum
473 4509 490 4544 a
510 4489 643 4546 dimetro
663 4491 735 4547 Solis
755 4490 898 4562 egreditur
925 4483 1000 4560 (esto
1027 4506 1129 4555 cause,
1161 4494 1231 4562 quod
1258 4493 1430 4563 inaequalem
1450 4502 1479 4547 et

134 4579 321 4626 trauersum
341 4571 439 4626 ceteris
459 4570 592 4626 sideribus
612 4572 686 4627 riam
705 4566 815 4639 currit).
854 4571 897 4627 Ibi
917 4569 1048 4642 sequitur,
1071 4573 1141 4642 quod
1161 4572 1326 4628 semilunula
1345 4574 1475 4628 eecentri·
1595 4625 1599 4636 ,
1635 4591 1639 4608 ’

135 4651 227 4706 eitam
248 4651 285 4705 sit
304 4653 339 4706 ad
360 4657 486 4723 quartam
506 4651 600 4706 circuli
619 4652 704 4722 plani,
727 4659 757 4706 ut
777 4648 794 4707 5
814 4652 849 4705 ad
865 4647 911 4716 00,
932 4667 997 4722 pars
1014 4644 1067 4712 ‘lia
1097 4651 1152 4706 Sed
1170 4651 1404 4723 praesupponitur
1423 4653 1476 4718 bic,

135 4733 315 4805 quadrantem
344 4739 373 4786 et
401 4733 525 4788 lunulam
552 4731 796 4803 proportionaliter
824 4731 983 4788 increscere.
1025 4731 1094 4786 Nam
1124 4733 1309 4788 concentricus
1339 4734 1476 4803 quadrans

133 4813 253 4868 baberet
272 4807 312 4869 90
331 4813 469 4883 temporis.
508 4815 548 4868 At
567 4811 733 4867 eccentricus
753 4814 841 4868 babet
861 4807 953 4878 sut,
981 4813 1014 4866 de
1035 4827 1088 4884 quo
1109 4805 1160 4875 2²1.
1185 4815 1300 4868 debetur
1319 4813 1475 4867 eceentrici-

133 4894 196 4950 tati
228 4893 365 4963 Repetam
383 4895 457 4949 banc
474 4893 725 4948 considerationem.
757 4895 836 4957 Esto,
856 4899 890 4948 nt
908 4895 1004 4958 virtus,
1026 4907 1097 4964 quae
1118 4901 1162 4948 est
1182 4895 1218 4948 ab
1238 4893 1477 4962 approximatione

134 4973 262 5029 demetri
283 4965 327 5041 Θ,
348 4973 459 5045 aequali
471 4974 648 5045 proporu'one
663 4979 815 5047 spargatur
832 4973 862 5030 in
882 4974 1006 5030 lunulam
1026 4979 1056 5030 et
1074 4975 1103 5030 in
1116 4976 1304 5046 quadrantem.
1330 4973 1394 5030 Erit
1412 4989 1477 5030 rere
