3517 5525
277 395 341 466 354
757 397 797 450 De
815 399 924 449 Mon'bns
942 396 1035 450 Stellae
1053 399 1141 451 Martis

276 581 451 654 censetur),
474 577 543 640 binc
566 597 623 640 uon
647 575 756 658 injuria
779 575 916 640 dubitare
939 578 1035 660 possit
1057 579 1161 655 lector,
1186 600 1224 641 an
1243 577 1336 641 etiam
1355 577 1387 640 iu
1409 576 1625 660 bocprocessu

277 687 353 749 opus
378 669 419 729 sit
447 662 575 749 primum
602 675 698 730 totam
721 668 837 730 ovalem
862 669 1034 742 decurtare,
1061 677 1170 749 postea
1192 687 1247 749 per
1269 677 1373 748 partes
1395 667 1502 730 iterum
1525 669 1624 750 optice

279 758 412 836 augere?
470 757 549 820 Nam
588 775 624 820 cx
661 757 813 819 schemate
849 757 970 821 videtur
1005 775 1164 838 apparere,
1202 757 1459 820 abbreviationem
1488 758 1530 820 ibi
1561 757 1624 820 fera

276 847 437 910 maximam
468 847 658 926 contingere,
699 845 749 907 ubi
782 855 813 908 et
840 847 1092 930 appropinquatio
1129 848 1260 910 maxima
1293 847 1333 908 ad
1362 847 1392 913 Β
1420 855 1553 910 centrum
1587 855 1626 910 et

275 936 417 998 vicissim
970 975 975 982 -
1033 973 1037 980 -

365 1023 481 1096 Quodsi
503 1023 617 1104 pariter
640 1022 813 1087 incederent
835 1024 892 1086 hae
916 1025 1114 1101 variationes,
1138 1026 1296 1088 methodus
1319 1010 1405 1088 nobis
1428 1026 1491 1088 ista
1512 1045 1624 1090 nasce-

276 1123 359 1178 retur
384 1114 580 1194 computandi
599 1115 811 1195 aequationes:
835 1137 849 1183 g

365 1201 539 1267 Anamalia
560 1203 667 1266 media
689 1205 832 1286 primm
854 1208 933 1264 esset
956 1199 1059 1278 GBD,
1090 1203 1176 1267 unde
1207 1212 1441 1288 campidonense
1470 1204 1628 1269 aemma

276 1291 349 1370 GA,
371 1311 451 1374 quae
473 1291 589 1358 additu
611 1293 656 1356 aa
678 1293 737 1355 AD
761 1293 948 1355 dmtanbam
969 1294 1098 1357 termini
1120 1291 1252 1355 alterius
1274 1293 1486 1358 meccedemie
1507 1295 1547 1356 de
1565 1292 1626 1355 Gn

277 1383 351 1490 (qui
371 1399 493 1464 semper
515 1390 562 1445 eat
587 1375 639 1460 10)
664 1389 694 1446 et
716 1401 840 1446 summu
862 1381 1052 1456 dimidiata,
1082 1383 1281 1446 constitueret
1303 1403 1399 1446 arcus
1422 1381 1477 1446 ΟΒ
1501 1383 1626 1446 dictan-

275 1473 354 1538 ta'um
383 1468 579 1553 aequabilem
604 1466 760 1552 (emnium
785 1469 905 1533 scilicet
931 1472 999 1555 ejus
1021 1465 1256 1554 punctorum):
1284 1479 1314 1536 et
1335 1477 1408 1536 lunc
1439 1472 1625 1544 mmmm.

278 1569 314 1629 ul
337 1568 383 1624 eet
404 1558 567 1665 longitudo
590 1559 783 1624 semicirculi
807 1559 850 1624 aab
872 1579 1027 1623 summum
1056 1560 1282 1626 distantiarum
1311 1562 1450 1624 omnium
1470 1563 1508 1623 in
1529 1563 1625 1624 enm-

277 1649 405 1724 cireulo,
429 1650 476 1711 sie
499 1669 565 1712 esse
586 1651 670 1714 bana
692 1649 880 1714 dictantium
902 1668 997 1711 arcus
1021 1648 1079 1711 GD
1103 1649 1147 1714 acl
1169 1648 1394 1732 longitudinem
1414 1650 1477 1724 FD,
1501 1652 1560 1714 boc
1582 1657 1628 1713 est

276 1740 321 1804 ad
351 1739 572 1822 apparentium
601 1759 641 1803 en
662 1739 688 1801 B
712 1739 816 1820 ipsius
840 1737 905 1801 OD.
952 1737 1030 1802 Jum
1061 1759 1100 1801 erc
1122 1739 1193 1814 ΡΙ),
1225 1746 1378 1821 tanquam
1408 1759 1448 1803 en
1476 1759 1629 1804 masura

278 1827 390 1913 anguli
419 1827 502 1892 CBD
533 1836 563 1891 et
592 1848 632 1891 en
653 1827 721 1901 Ac,
744 1827 800 1891 AB
832 1846 1053 1912 quaereremus
1083 1826 1169 1890 GAD
1201 1837 1405 1910 coaequatam
1434 1829 1629 1893 cramalium

278 1919 417 1984 breuime
438 1917 492 1981 uia
513 1937 608 1998 quam
624 1919 728 2000 prius.

364 2007 410 2067 At
439 2006 518 2067 sciat
541 2006 652 2081 lector,
682 2007 737 2068 hos
762 2007 838 2092 duas
860 2005 1029 2069 varietates
1052 2025 1109 2067 non
1132 1977 1285 2068 ambulare
1308 2006 1375 2085 pari
1393 2021 1501 2085 passu
1547 2005 1627 2068 Nam

277 2094 469 2177 amplificatio
494 2095 604 2176 optica,
629 2116 704 2177 quae
728 2067 822 2158 oritur
845 2113 884 2155 ex
906 2095 1193 2176 appropinquatione
1216 2094 1332 2157 itineris
1354 2093 1411 2157 DC
1435 2096 1474 2156 ad
1493 2103 1628 2157 centrum

275 2189 312 2262 B,
336 2184 497 2266 potissima
520 2186 631 2248 accidit
654 2185 734 2248 circa
757 2183 959 2265 longitudines
982 2184 1114 2258 medias3
1139 2185 1220 2246 nulla
1243 2185 1328 2246 fere
1320 2205 1348 2246 ιιι
1364 2184 1482 2264 aphelio
1499 2193 1530 2246 et
1542 2203 1627 2265 perr-

275 2275 373 2338 helio:
405 2279 438 2336 at
461 2281 580 2350 contra,
610 2275 778 2337 decurtatio
794 2273 873 2336 fviae
905 2275 1016 2348 avalis,
1045 2293 1121 2356 quae
1149 2274 1242 2336 oritur
1265 2293 1303 2335 ex
1325 2274 1463 2353 ingressu
1484 2275 1627 2353 planetas

277 2365 315 2428 ad
339 2371 484 2435 centrum,
507 2363 699 2426 circumcirca
721 2382 797 2445 pene
821 2363 956 2441 aequalis
980 2372 1036 2425 est.
1085 2361 1160 2425 Cum
1184 2363 1261 2424 enim
1283 2363 1360 2426 duae
1383 2363 1548 2426 distantiae
1567 2382 1626 2443 op·

277 2454 398 2537 positae
421 2452 450 2514 in
474 2451 709 2533 longitudinibus
733 2453 839 2514 mediis
863 2453 994 2515 eccentri
1018 2462 1147 2532 aequent
1169 2454 1244 2514 duas
1263 2452 1386 2532 junctas
1406 2472 1498 2533 prope
1514 2453 1627 2514 lineam

278 2544 431 2624 apsidum,
466 2542 594 2603 alteram
627 2542 744 2622 aphelio
769 2542 914 2616 vicinam,
945 2543 1074 2603 alteram
1097 2542 1258 2622 perihelio:
1292 2561 1379 2603 arcus
1402 2561 1473 2604 vero
1496 2543 1628 2604 circum-

278 2632 426 2695 ferentiae
459 2631 556 2692 uvalis
588 2630 701 2702 sintin
724 2637 897 2711 permutata
919 2631 1132 2692 distantiarum
1155 2631 1366 2715 proportione:
1402 2651 1492 2712 quare
1515 2639 1548 2692 et
1571 2632 1629 2693 dno

277 2741 364 2786 arcus
391 2718 562 2800 hujusmodi
608 2721 637 2782 in
670 2720 905 2801 longitudinibus
938 2720 1058 2796 mediis,
1096 2721 1210 2786 duobus
1243 2721 1386 2795 arcubus,
1424 2720 1511 2783 alteri
1535 2736 1629 2801 prope

279 2810 429 2893 aphelium
452 2810 540 2873 alteri
563 2828 654 2891 propo
677 2812 861 2891 perihelium,
888 2813 1029 2891 aequales
1053 2818 1148 2876 eruut.
1196 2808 1229 2873 Si
1253 2810 1311 2889 ipsi
1335 2830 1422 2871 arcus
1446 2811 1542 2873 ovalis
1560 2812 1629 2872 viae

279 2900 439 2982 sequulae,
471 2899 556 2982 ipsa,
571 2901 662 2962 etiam
695 2900 850 2963 diminutio
884 2900 988 2963 horum
1012 2919 1133 2962 arcuum
1161 2898 1297 2962 omuibus
1320 2906 1447 2980 quatuor
1474 2900 1549 2962 locis
1571 2899 1631 2963 erit

281 2994 344 3055 fera
368 2988 513 3070 aequalis.
558 2988 772 3069 Experimento
796 3010 845 3051 res
869 2997 918 3051 est
942 2989 1144 3071 comprobata.
1182 2988 1218 3052 Si
1240 3008 1367 3071 namque
1386 2989 1629 3052 defectussemi-

280 3078 384 3143 circuli
416 3078 512 3140 ovalis
549 3085 597 3141 est
628 3075 683 3142 150
718 3076 794 3155 1500,
836 3078 895 3140 erit
928 3079 1065 3141 delectus
1096 3078 1193 3162 partis
1226 3078 1630 3158 centesimae-octagesimo

282 3172 318 3246 de
349 3167 429 3229 ovali
452 3168 533 3229 circa
556 3167 704 3247 aphelium
729 3168 846 3230 circiter
871 3163 945 3231 1100.
990 3169 1036 3230 At
1064 3168 1256 3248 amplificatio
1281 3188 1319 3229 ex
1342 3168 1630 3248 appropinquatione

282 3258 378 3321 ovalis
410 3276 468 3319 uon
493 3264 604 3337 aequat
627 3277 715 3320 unum
740 3258 902 3320 secuudum
925 3256 1005 3329 circa
1028 3258 1187 3338 aphelium.
1233 3256 1341 3338 Itaque
1365 3257 1445 3342 quod
1467 3257 1632 3337 allegatam

282 3348 435 3411 ocularem
457 3344 620 3408 schematis
644 3347 885 3409 aestimationem
908 3347 1036 3427 attinet,
1052 3367 1111 3409 nou
1133 3356 1182 3409 est
1203 3346 1380 3427 simpliciter
1401 3346 1465 3423 ita,
1492 3354 1528 3409 ut
1548 3348 1631 3429 prius

264 3436 358 3499 Unaec
387 3436 518 3515 objectio
548 3434 686 3513 dicebat,
720 3444 753 3497 ut
781 3436 948 3497 decurtatio
980 3436 1076 3498 ovalis
1108 3444 1140 3498 et
1171 3436 1236 3516 ejus
1259 3435 1450 3517 amplificatio
1473 3436 1576 3518 optica
1598 3456 1632 3497 se

282 3534 384 3589 mutuo
416 3530 619 3603 compensent
664 3523 759 3587 Esset
782 3524 900 3605 quidem
922 3526 982 3602 ita,
1011 3525 1037 3587 si
1069 3545 1172 3588 omnes
1196 3545 1281 3587 arcus
1305 3528 1372 3588 viae
1395 3525 1491 3586 ovalis
1514 3526 1631 3606 objice-

282 3623 386 3679 rentur
409 3622 513 3676 centro
536 3615 561 3675 B
587 3613 711 3677 directe.
747 3613 792 3677 At
810 3614 865 3675 boc
884 3614 919 3675 fit
937 3622 1052 3677 tantum
1071 3614 1100 3677 iu
1119 3614 1354 3695 longitudinibus
1368 3615 1484 3677 mediis.
1514 3615 1632 3677 Versus

285 3705 409 3786 apsidas
432 3720 504 3765 vero
527 3702 559 3764 hi
582 3721 669 3765 arcus
694 3702 827 3765 terminis
851 3702 914 3764 suis
937 3704 1135 3805 inaequaliter
1159 3704 1407 3785 appropinquant.
1451 3701 1552 3774 Quare
1573 3725 1632 3766 non

285 3796 358 3857 fiunt
390 3798 476 3853 tanto
508 3792 637 3871 majores
666 3811 724 3875 per
756 3792 1074 3873 appropinquationem
1107 3801 1138 3855 et
1171 3793 1397 3875 apparentiam,
1422 3800 1534 3875 quanto
1563 3802 1635 3855 sunt

289 3882 362 3944 facti
385 3880 537 3943 breviores
560 3898 614 3961 per
636 3880 781 3943 decurtat'
760 3890 880 3943 tr.onem

374 3972 480 4050 ltaque
513 3971 591 4033 hanc
618 3970 789 4033 methodum
819 3977 940 4033 secutus
972 3980 1082 4051 aequat
1084 3971 1166 4035 iones
1196 3970 1289 4032 Mart
1266 3978 1306 4032 trs
1333 3971 1372 4033 ad
1395 3988 1497 4033 omnes
1520 3971 1633 4050 gradus

288 4060 418 4124 ecceutri
441 4060 585 4133 exstruxi,
609 4059 697 4162 idque
720 4059 1020 4140 tor.Nampri1no
1044 4060 1300 4123 ecceutricitatem
1318 4079 1375 4122 non
1398 4059 1473 4123 satis
1495 4078 1633 4139 maguam

290 4167 499 4223 assumseram,
524 4106 620 4223 9185,
646 4149 709 4211 exis
712 4150 830 4227 timaus,
856 4168 903 4211 me
925 4149 1040 4211 hanc
1017 4168 1060 4211 src
1075 4169 1129 4230 per
1143 4150 1297 4229 planorum
1310 4150 1509 4210 tractationes
1524 4150 1633 4211 certus-

291 4238 398 4303 simam
430 4238 548 4301 fecisse.
584 4237 714 4305 Deinde
744 4240 835 4301 etiam
866 4241 1046 4320 plusquam
1078 4236 1187 4303 1800
1179 4258 1209 4301 m
1232 4239 1337 4319 regula
1358 4257 1534 4317 posueram,
1567 4257 1634 4299 cum

292 4328 387 4391 miuus
410 4344 520 4405 ponera
544 4327 728 4397 debuissem
773 4330 880 4410 Itaque
904 4348 970 4391 cum
994 4329 1041 4391 hic
1066 4329 1118 4390 ult
1097 4337 1170 4390 trma
1193 4328 1326 4410 operatio
1349 4328 1416 4407 plus
1440 4346 1529 4409 quam
1555 4325 1635 4391 1800

294 4415 480 4490 ostenderet,
519 4417 596 4497 quod
628 4416 807 4492 absurdum,
841 4418 970 4480 secundo
1002 4418 1130 4481 assumsi
1160 4418 1352 4481 semiovalem
1379 4396 1632 4480 1790110150.

296 4506 442 4573 Prodibat
463 4505 554 4585 igitur
577 4508 615 4569 ad
640 4506 818 4568 anomaliam
841 4507 971 4570 mediam
1000 4502 1125 4572 450·-
1148 4512 1340 4590 coaequata.
1410 4500 1471 4569 38⁰
1515 4501 1546 4568 50
1569 4502 1634 4569 3300

362 4614 429 4659 cum
451 4594 564 4657 vicaria
587 4615 652 4677 cap.
676 4594 763 4659 XVI.
787 4595 903 4659 diceret
924 4597 1001 4661 hauc
1058 4644 1065 4658 .
1111 4644 1121 4661 .
1168 4642 1175 4659 .
1222 4642 1229 4658 .
1275 4642 1284 4658 .
1331 4642 1339 4656 .
1407 4592 1460 4659 38.
1511 4590 1546 4657 4.
1569 4590 1612 4659 54

1159 4701 1336 4766 Differentia
1568 4700 1611 4767 39

296 4794 347 4859 Ad
369 4788 550 4856 anomaliam
573 4786 633 4855 90⁰
652 4821 696 4833 ·-
720 4799 887 4873 coaequata
945 4835 1338 4857 ........
1407 4782 1467 4853 790
1490 4787 1544 4856 310
1568 4788 1634 4856 3100

361 4879 513 4949 Veritatis
535 4878 626 4945 index
647 4880 760 4944 maaria
783 4926 1337 4946 ...........
1406 4874 1457 4942 79.
1490 4877 1543 4945 27.
1567 4874 1606 4946 cll

1161 4966 1638 5061 DifferentiaW
