3517 5525
587 1094 1076 1177 COMMENTARIORUM

11 1383 17 1393 ¹
150 1266 253 1371 BE
308 1272 685 1377 nonnus
742 1270 1116 1375 esnethe
1176 1268 1503 1373 ulam

674 1470 786 1541 Pales
811 1470 980 1535 TERTIA.

206 1673 542 1774 mmsucnno
573 1678 816 1774 sueonum
848 1602 1253 1793 unnoonnmus,
1284 1678 1335 1769 ro
1366 1610 1457 1769 usn

456 1827 651 1923 nomon
683 1825 810 1922 sons
842 1828 934 1922 vm
966 1826 1198 1923 rannone.

372 2009 453 2077 ssu
491 2010 647 2077 onsvrs
682 1974 994 2077 nsnsoudnmu
1028 2010 1281 2077 nsunmoms

452 2170 513 2225 um
529 2170 648 2224 Mutus
667 2170 714 2224 DE
733 2170 852 2227 canals
875 2170 1201 2227 uowuufflfflfflcrs.

240 2865 277 2930 In
291 2863 370 2930 hunc
382 2865 476 2949 igitur
496 2868 617 2932 modum
631 2879 841 2935 antecessores
854 2869 951 2934 nostri
971 2869 1101 2951 prImum
1115 2869 1360 2952 inaequalitatem
1372 2872 1500 2954 primam

150 2955 248 3019 mensi
281 2963 360 3020 sunt
411 2958 526 3021 Postea
557 2959 673 3022 calculo
705 2961 886 3037 constituto,
917 2959 968 3043 qui
1000 2959 1099 3021 locum
1129 2960 1270 3041 planetae
1302 2961 1500 3025 eccentricum
1615 3021 1618 3032 ,

150 3053 396 3127 repraesentaret
408 3048 448 3109 ad
462 3047 588 3130 quodvis
610 3057 801 3123 momentum,
823 3048 961 3112 conversi
984 3049 1107 3112 suntad
1129 3047 1375 3132 inaequalitatem
1390 3071 1500 3114 secun-

150 3137 223 3200 dam
250 3136 341 3220 (quae
372 3156 391 3199 a
419 3137 493 3201 Sole
523 3138 650 3219 pendet)
679 3139 914 3220 explorandam,
946 3144 1156 3218 comparantes
1187 3138 1286 3200 locum
1316 3139 1416 3203 visum
1447 3158 1501 3204 seu

151 3233 349 3310 apparentem
360 3243 428 3289 cnm
441 3227 509 3290 loco
523 3245 571 3303 eo,
594 3244 681 3309 quem
694 3229 878 3291 eccentricus
894 3235 926 3290 et
948 3228 1014 3290 sola
1027 3225 1124 3308 prima
1141 3225 1342 3308 inaequalitas
1359 3229 1501 3310 planetae

150 3316 354 3398 assignarent
400 3314 478 3380 Cum
500 3322 600 3379 autem
629 3316 702 3381 mihi
729 3317 807 3380 hanc
829 3317 956 3379 eandem
979 3315 1118 3379 semitam
1140 3314 1222 3378 eunti
1237 3331 1362 3398 anceps
1389 3317 1502 3382 bivium
1575 3311 1582 3320 ’

150 3404 326 3487 apparuerit
347 3405 495 3488 superiori
516 3403 616 3488 eapite
636 3405 728 3470 XIX.
751 3412 784 3468 et
803 3405 883 3482 XX3
907 3413 939 3469 et
969 3405 1194 3468 observationes
1218 3405 1370 3480 (fidissimi
1394 3407 1501 3481 duces)

150 3511 219 3557 cum
251 3493 511 3558 observationibus
540 3513 676 3576 pugnare
708 3495 770 3558 siut
801 3495 1024 3577 deprehensae:
1058 3494 1249 3576 cogitandum
1281 3495 1339 3560 fuit
1369 3497 1406 3560 de
1433 3504 1501 3560 tota

149 3583 270 3648 ratione
292 3583 410 3647 itineris
434 3581 524 3646 aliter
545 3583 741 3661 instituenda,
764 3585 907 3648 methodo
930 3605 1005 3668 quae
1029 3583 1171 3668 sequitur.

238 3671 373 3737 PrImum
394 3671 452 3734 hac
474 3679 561 3754 parte
583 3673 676 3736 tertia
697 3674 857 3755 aggrediar
879 3675 1041 3738 secundam
1069 3673 1317 3758 inaequalitatem
1339 3679 1370 3736 et
1391 3667 1432 3738 in
1446 3673 1501 3739 illa

150 3781 205 3846 pes
226 3761 455 3826 observationes
482 3760 621 3826 indubias
642 3763 856 3827 demonstrabo
878 3765 930 3826 vel
956 3763 1135 3826 confirmabo
1165 3765 1215 3827 vel
1237 3763 1392 3839 refutabo,
1423 3781 1499 3848 quae

150 3853 305 3934 hucusque
330 3852 362 3914 iu
387 3850 544 3934 principiis
573 3853 674 3937 posui,
704 3853 793 3916 dubio
816 3861 917 3916 nmen
940 3870 1085 3916 assensu:
1119 3871 1189 3916 nam
1216 3853 1274 3915 hac
1296 3853 1391 3916 veluti
1414 3853 1500 3917 clave

149 3940 275 4005 iuventa
304 3941 422 4025 reliqua
450 3941 605 4024 patebunt.
649 3943 764 4006 Postea
789 3951 877 4026 parte
903 3949 1012 4025 quarta
1038 3941 1078 4002 ad
1099 3941 1346 4025 inaequalitatem
1372 3941 1500 4025 primam

47 4124 49 4130 ι
151 4031 303 4094 accedam.

239 4121 275 4183 In
297 4119 488 4204 Mystorio
519 4117 849 4202 cosmographiae
878 4138 943 4199 cap.
966 4119 1073 4186 XXII.
1098 4137 1165 4183 cum
1196 4118 1353 4203 physicam
1377 4139 1500 4197 causam

151 4208 310 4292 aequantia
330 4208 559 4273 Ptolemaici
580 4209 631 4272 vel
654 4209 776 4273 secundi
798 4208 925 4292 epicycli
949 4207 1404 4292 Oopernico-'I‘ychoniei
1426 4211 1500 4274 red-

151 4299 267 4376 derem,
297 4299 371 4363 mihi
393 4297 453 4380 Ipsi
476 4297 574 4379 objeci
597 4297 628 4360 in
649 4300 708 4362 fine
731 4297 855 4382 capitis:
879 4297 968 4380 quod,
993 4298 1019 4361 ai
1042 4317 1134 4361 causa
1156 4316 1236 4361 ame
1259 4298 1355 4362 allata
1369 4301 1501 4381 genuina

151 4395 252 4465 essm,
285 4388 404 4452 omnino
426 4407 481 4470 per
503 4404 606 4450 omnes
637 4388 777 4469 planetas
806 4388 909 4451 valere
941 4386 1086 4451 debuerit
1134 4385 1209 4452 Cum
1232 4394 1334 4451 autem
1355 4389 1499 4466 Tellus,

150 4495 211 4541 una
233 4495 273 4540 ex
294 4476 444 4541 sideribus
457 4475 668 4557 (Oopernico),
690 4477 741 4540 vel
754 4476 810 4541 Sol
833 4475 997 4559 (reliquis),
1020 4481 1168 4560 aequante
1190 4476 1248 4542 hoo
1270 4478 1417 4542 hactenus
1438 4497 1499 4542 non

149 4565 323 4649 iudIguerit,
347 4566 583 4648 speculationem
599 4565 685 4628 illam
697 4564 842 4628 incertam
855 4585 924 4628 esse
945 4565 1037 4644 volui,
1056 4565 1155 4648 quoad
1172 4567 1355 4631 astrommis
1370 4565 1499 4648 amplius

149 4655 288 4739 llqueret.
325 4653 534 4737 Sarmeionem
554 4661 658 4717 nmen
679 4654 813 4738 concepi,
835 4655 900 4718 fore
915 4655 1027 4718 ethuie
1048 4653 1184 4720 theoriae
1207 4675 1294 4720 suum
1307 4661 1496 4737 aequantem

150 4746 317 4829 Postquam
337 4743 370 4808 iu
391 4743 543 4828 Tychonis
565 4742 705 4808 notitiam
726 4743 811 4822 veni,
844 4743 976 4826 suspicio
998 4743 1074 4807 haec
1105 4744 1137 4807 in
1158 4762 1206 4808 me
1229 4745 1405 4809 confirmata
1429 4744 1496 4809 fuit

148 4835 230 4900 Nam
249 4835 389 4902 Braheus
419 4833 452 4898 in
472 4833 572 4898 literis
592 4852 672 4897 anno
701 4830 786 4900 1598
812 4833 853 4897 ad
878 4853 926 4898 me
956 4833 988 4898 in
1009 4832 1145 4917 Styriam
1171 4835 1275 4898 missia
1301 4833 1377 4898 haec
1404 4834 1499 4900 verba

151 4923 255 5005 ponit:
286 4921 401 5001 „Orbis
413 4943 530 4987 annuns
547 4923 638 5004 juxta
655 4921 864 5005 Cepernicum,
886 4923 935 4987 vel
950 4923 1102 5008 epicyclus
1116 4925 1278 4988 secundum
1290 4923 1497 4988 Ptolemaeum

150 5028 211 5076 non
236 5007 358 5076 addar
377 5009 512 5093 ejusdam
528 5027 653 5095 ‘semper
674 5009 903 5094 meqmtudinla
936 5007 1035 5096 quoad
1057 5009 1155 5095 ipsum
1178 5009 1377 5076 eccentrieum
1399 5011 1497 5078 colla·
