3517 5525
679 421 841 480 meum
1368 421 1437 496 scs

89 617 147 660 rea
187 595 221 670 ι)
241 601 413 674 inpossibile
441 601 548 658 omnine
568 609 628 670 est,
650 620 750 661 ¹reram
769 603 840 661 Solis
861 596 986 661 a'lerra
1006 599 1166 662 distantiam
1185 607 1240 661 hac
1258 607 1366 663 ratione
1386 607 1433 664 ds·

90 689 253 740 mensuare.

177 773 243 834 sm,
268 764 473 827 „illustraturus
487 765 554 820 illud
569 767 739 838 diagramma
757 765 834 822 brevi
849 768 1050 842 commentario,
1070 768 1144 837 ⁴quod
1164 767 1297 823 neminem
1317 768 1433 834 noverit,

89 847 134 922 qui
155 844 399 901 demonstrationes
421 845 504 900 hasce
530 849 564 900 ad
585 848 738 902 umbilicum
766 847 912 917 perduxitu
935 854 999 906 haec
1017 855 1169 921 praemittit:
1200 849 1434 918 Hipparchum
1454 884 1457 891 ‹

88 927 243 998 Kepleri,
265 925 363 979 librum
378 925 423 978 diu
443 926 773 996 desideratumnondum
793 927 857 982 mibi
879 929 996 1000 contigit
1015 929 1116 992 videre,
1138 929 1210 983 torte
1230 927 1295 1000 quia
1316 932 1433 987 nondum

88 1009 199 1078 edituum.
240 1008 321 1062 (terto
346 1011 438 1059 tamen
468 1023 642 1076 praesumere
661 1008 757 1070 ausim,
779 1014 866 1062 totam
887 1009 960 1062 hanc
979 1017 1067 1064 artem
1088 1003 1116 1062 in
1136 1009 1185 1063 illo
1205 1010 1275 1064 libro
1289 1010 1434 1078 perfectis·

89 1091 157 1145 sirm
176 1089 258 1142 tradi.
300 1085 388 1139 Valde
408 1095 499 1142 metuo
525 1090 645 1143 auctoris
673 1097 787 1144 mortem
816 1105 954 1158 nunquam
978 1107 1031 1144 nou
1053 1096 1256 1158 praematuram
1283 1105 1332 1155 noa
1353 1097 1434 1146 tante

88 1172 220 1224 thesauro
241 1164 382 1237 privasse·
409 1167 476 1222 Utut
496 1169 540 1231 sit,
562 1169 687 1224 effectum
708 1169 807 1239 operis,
829 1175 861 1222 ut
880 1169 940 1239 ipse
960 1175 1096 1232 testatur,
1116 1171 1144 1223 in
1164 1168 1322 1240 praeceptis
1343 1171 1434 1224 ‘l’ahu-

89 1252 177 1305 larum
200 1245 434 1316 Rudolphinarum
448 1241 549 1318 prodiit
569 1267 606 1304 ex
621 1249 779 1318 Hipparcho
801 1265 849 1302 suc
871 1251 1002 1314 deductis,
1024 1267 1096 1322 qnae
1117 1257 1181 1304 sunt
1201 1250 1309 1304 omnino
1323 1249 1436 1306 ueritati

88 1336 290 1389 concentonem
320 1326 489 1398 hypotheses
519 1325 593 1398 eJ'us
610 1331 672 1383 inde
702 1335 862 1383 exstructae
893 1330 1009 1385 omnium
1036 1331 1112 1385 solae
1137 1331 1308 1403 geometriae
1334 1337 1364 1384 et
1383 1331 1436 1385 sibi

88 1412 261 1482 undiquaque
283 1407 472 1472 consentiunt,
502 1411 573 1463 unde
594 1409 662 1463 satis
693 1408 861 1481 intelligenti
891 1419 935 1463 est
953 1410 1135 1476 manifestum,
1157 1411 1307 1481 Keplerum
1328 1411 1436 1466 unicum

87 1488 295 1564 diagrammatis
316 1487 364 1556 huj
366 1505 397 1542 us
419 1488 532 1544 solidam
552 1489 637 1544 habui
640 1507 684 1544 sse
705 1489 839 1544 notitiam
869 1490 962 1545 Facile
982 1498 1033 1554 est,
1056 1507 1075 1545 a
1094 1491 1250 1562 praeceptis
1271 1491 1327 1546 suis
1348 1500 1437 1546 totam

88 1579 180 1628 artem
191 1570 343 1630 addiscere;
351 1505 432 1622 Jnihil
452 1570 506 1624 hac
526 1578 657 1640 exparte
678 1577 730 1632 est,
752 1570 872 1641 quadiu
891 1572 1014 1641 Keplero
1035 1572 1174 1628 desideres
1194 1578 1308 1642 praeter
1328 1574 1435 1671 demon·

89 1651 249 1707 strationea.
290 1648 350 1709 Has
372 1655 463 1704 autem
480 1649 541 1717 jam
561 1651 610 1704 tibi
632 1652 751 1705 exhibeo
772 1657 824 1704 etc.

169 1730 350 1802 Diagramma
369 1729 535 1800 Hipparchi,
557 1739 637 1804 pergit
654 1738 809 1796 Horrocaius,
839 1737 885 1785 eat
912 1730 1053 1786 inventam
1072 1730 1336 1805 ingeniosissimum,
1358 1731 1437 1799 cuius

89 1811 205 1869 artificio
225 1809 313 1874 Solis,
343 1811 439 1864 Lunae
465 1816 496 1864 et
515 1812 628 1865 umbrae
649 1812 798 1865 Terrestris
819 1810 1012 1866 semidiametri
1032 1819 1062 1867 et
1086 1813 1250 1881 parallaxes
1270 1813 1437 1885 pometrice

89 1895 163 1949 inter
192 1907 221 1946 se
251 1895 456 1945 connectuntur.
497 1891 606 1946 Dicitur
625 1887 795 1962 Hipparchi,
826 1892 954 1962 quoniam
973 1891 998 1946 ιι
1019 1889 1104 1952 (teate
1124 1888 1250 1958 Theona)
1270 1893 1437 1963 peculiarem

89 1978 242 2030 tractatum
272 1972 305 2024 de
334 1985 386 2023 usu
415 1969 674 2042 eJus'conscripsit,
704 1977 734 2026 et
763 1972 868 2026 exilio
895 1971 1099 2043 magnitudines
1120 1979 1150 2027 et
1176 1973 1327 2028 intervalla
1355 1973 1436 2038 Solia,

88 2055 186 2112 Lunae
206 2058 236 2106 et
256 2051 358 2105 Terrae
379 2052 584 2106 demonstravit.
607 2051 721 2116 Primus,
753 2055 824 2123 quod
845 2052 938 2116 scitur,
959 2051 1166 2124 diagrammatis
1186 2053 1270 2123 huJ'ua
1292 2059 1387 2109 auctor
1408 2061 1438 2109 et

89 2135 218 2190 inventor
237 2132 291 2186 init
310 2129 536 2186 Aristarchus
559 2131 679 2192 Samius,
707 2133 917 2188 mathematicus
938 2132 1054 2187 eximius
1073 2141 1105 2187 et
1125 2133 1309 2190 astronomiae
1329 2135 1437 2204 Pytha·

89 2214 203 2290 goricae
225 2214 257 2267 de
277 2212 381 2266 Terrae
401 2217 476 2266 motu
499 2219 633 2276 sectator,
659 2213 738 2267 annis
762 2207 819 2272 160
839 2231 865 2268 a.
887 2231 914 2267 ιι.
937 2212 986 2268 (tu.
1006 2213 1033 2268 in
1055 2213 1174 2268 Graecia
1192 2217 1303 2270 florens.
1345 2213 1437 2284 Hujus

90 2311 160 2367 opus
181 2295 214 2348 de
234 2291 468 2363 magnitudinibus
489 2298 518 2346 et
538 2293 693 2348 intervallis
707 2293 778 2348 Solis
798 2305 829 2348 et
841 2294 938 2348 Lunae
959 2294 1106 2348 etiamnum
1122 2300 1240 2364 ,entare
1253 2294 1360 2356 dicitm,
1383 2311 1437 2366 ego

89 2391 157 2437 rere
178 2374 295 2428 nondum
315 2371 382 2426 illud
397 2371 460 2425 ιιιιι,
487 2375 631 2442 (Emathio
649 2381 674 2430 iu
692 2387 815 2444 tempore.
833 2395 880 2445 quc
899 2379 1010 2430 floruisse
1028 2381 1089 2431 dicit
1105 2381 1274 2431 Aristarchum
1291 2381 1438 2432 Horrccclus

89 2469 133 2520 par
155 2449 205 2502 loo
223 2464 318 2509 ιιιοι,
344 2449 402 2500 uisi-
416 2465 488 2514 qnam
514 2453 585 2514 ponit
610 2466 724 2502 numams
744 2448 812 2510 lto,
838 2445 997 2516 corrigendus
1014 2452 1041 2501 in
1060 2449 1126 2508 26⁰,
1146 2453 1290 2503 tribuendus
1309 2460 1347 2502 ιιι
1364 2453 1437 2503 errori

90 2530 276 2600 typographico.
314 2528 381 2594 Opus
399 2530 535 2581 Aristarchi
560 2531 637 2582 edidit
653 2531 731 2581 latine
749 2545 845 2581 versam
863 2532 893 2583 G.
913 2530 997 2582 Valla.
1016 2530 1081 2580 Ven.
1103 2529 1191 2589 1498.)
1218 2525 1436 2597 Diagrammatia

90 2605 198 2679 proprii
212 2619 291 2658 usum
304 2602 481 2660 Aristarchus
496 2603 639 2676 ignorasse
652 2603 760 2659 ridetur
772 2604 955 2676 Lansbergic,
976 2605 1095 2660 fortasse
1116 2609 1186 2677 quod
1207 2624 1259 2660 nec
1278 2606 1338 2676 ipse
1352 2623 1436 2662 nsum

91 2687 156 2758 ejus
175 2684 300 2756 perfecte
321 2683 465 2756 iutelligit.
507 2685 607 2740 Paucis
628 2688 750 2752 (emtum)
772 2695 836 2758 post
855 2685 1045 2741 Aristarchum
1066 2685 1146 2740 annis
1167 2686 1343 2756 Hipparchus
1362 2686 1437 2741 Rho·

92 2768 154 2823 dina
175 2770 281 2835 (ιιιιιιι
297 2769 431 2836 Bitthne)
454 2768 568 2820 eandem
597 2764 854 2821 demonstrationem
883 2765 1018 2837 peculiari
1037 2774 1161 2821 tractatu
1189 2766 1335 2837 exposuit,
1364 2768 1437 2821 unde

89 2848 187 2903 vocari
206 2846 280 2900 solet
299 2845 451 2916 Hipparchi
471 2846 659 2918 Dia'gramma
685 2846 797 2901 Liber'
789 2863 848 2917 ipse
870 2846 961 2917 periit,
983 2852 1014 2900 at
1034 2848 1229 2901 demonstratio
1251 2848 1323 2917 apud
1343 2846 1436 2948 Ptole

91 2944 200 2985 maenm
220 2930 326 2981 exstat.
393 2962 397 2973 .
754 2961 756 2968 ·

170 3008 474 3077 Lougomcntanus
494 3012 662 3072 (astronomia
679 3010 778 3063 Dacica
795 3030 818 3077 p
840 3007 898 3062 stt.
919 3008 982 3073 itt)
1003 3006 1076 3060 hano
1090 3012 1212 3061 veterum
1227 3004 1435 3061 demonstratio·

90 3108 154 3147 uem
173 3090 210 3143 ad
231 3104 295 3141 suas
315 3085 493 3157 hypotheses,
514 3084 636 3158 Tychoni
650 3086 771 3142 maxima
789 3093 920 3157 exparte
934 3094 1073 3177 acceptas,
1095 3086 1228 3155 applicat.
1257 3090 1296 3139 At
1310 3086 1437 3156 quonian
1487 3080 1491 3093 ’

90 3189 146 3226 non
168 3170 294 3241 quadrat,
316 3183 377 3223 eam
390 3164 489 3234 rejicit,
511 3166 621 3236 culpam
641 3164 786 3251 conjiciens
808 3166 835 3227 in
848 3148 1028 3221 retractiones
1049 3166 1185 3221 radiorum
1198 3166 1343 3230 Solarium,
1364 3166 1437 3220 hana

89 3267 285 3327 mpaypcssscr
304 3247 409 3301 irritam
429 3246 574 3301 facientes.
1424 3268 1430 3280 ·-

171 3326 412 3398 Lanabargius
431 3332 490 3381 teto
514 3325 719 3381 Uranometriae
739 3326 809 3381 libro
830 3343 910 3383 usum
929 3333 960 3382 et
973 3325 1176 3396 praestantiam
1196 3325 1434 3381 demonstrationis

90 3410 286 3482 depraedicat
298 3408 346 3462 ubi
366 3407 457 3461 nescio
478 3423 548 3478 quae
569 3406 747 3499 magniloqua
767 3408 799 3460 de
820 3422 872 3461 aua
891 3406 978 3478 ipsius
998 3408 1072 3461 nuda
1091 3413 1121 3460 et
1140 3400 1296 3476 simplici
1270 3424 1330 3474 eJns
1344 3406 1434 3480 expli·

91 3492 219 3554 catiano,
250 3490 291 3543 de
310 3487 503 3559 hypothesium
532 3488 702 3558 propriarum
723 3488 904 3541 consonantia
923 3487 1054 3550 mirabili,
1076 3486 1191 3539 aliorum
1213 3486 1384 3542 absurditate
1404 3493 1435 3543 et

90 3574 165 3629 inter
195 3588 224 3624 se
237 3582 240 3585 ·
254 3568 438 3638 discrepantia
467 3567 535 3622 omni
561 3570 619 3621 fere
640 3567 744 3639 pagina
768 3568 904 3629 inculcat,
933 3568 1031 3621 libmm
1061 3581 1138 3625 suum
1168 3574 1299 3640 tanquam
1318 3563 1436 3637 Lydium

90 3654 212 3725 lapidem
242 3651 277 3705 ad
305 3650 460 3720 probandas
489 3648 603 3703 aliorum
632 3648 799 3719 hypotheses
821 3651 1008 3703 commendans
1037 3646 1163 3718 posteris
1203 3652 1245 3702 Δι
1262 3663 1352 3718 panca
1371 3647 1433 3709 iste,

90 3740 206 3809 praeter
227 3729 364 3801 sp'ecioscs
386 3730 489 3793 titulos,
510 3732 545 3783 ad
565 3746 658 3783 reram
679 3728 883 3801 diagrammatis
905 3729 986 3797 hujus
1007 3735 1135 3782 naturam
1155 3730 1344 3799 exponendam
1359 3734 1433 3781 attu-

90 3816 133 3879 lit,
157 3813 237 3867 simul
257 3828 317 3865 cum
337 3808 566 3865 demonstratione
588 3826 606 3863 a
624 3810 762 3863 veteribus
791 3817 907 3881 accepta
931 3808 1051 3879 ipsorum
1072 3807 1154 3862 etiam
1175 3824 1280 3863 errores
1301 3808 1431 3863 retinens.

89 3896 152 3957 Nec
171 3892 316 3964 quidquam
336 3891 398 3945 nori
417 3890 446 3944 in
467 3895 547 3945 tauta
565 3890 708 3944 verborum
729 3890 808 3959 copia
827 3906 876 3943 nos
897 3890 1002 3954 docuit,
1033 3895 1145 3959 praeter
1165 3888 1272 3943 unicum
1291 3888 1433 3944 theorema

90 3974 213 4047 paulo
204 3971 318 4027 faciliori
338 3972 415 4027 modo
435 3970 612 4039 propositum,
634 3976 663 4023 et
683 3977 769 4025 totum
790 3970 857 4024 illud
877 3986 897 4023 a
914 3967 1040 4062 Keplerc
1058 3968 1221 4033 suffuratus,
1242 3966 1320 4037 cujus
1341 3968 1431 4025 divino

91 4054 205 4127 plane'
198 4052 308 4123 ingenio
328 4050 501 4123 ignorantiae
531 4056 560 4105 et
589 4049 767 4105 absurditatis
796 4056 889 4104 notam
917 4049 1084 4121 iniquissime
1103 4049 1204 4115 inurit,
1232 4048 1380 4130 suiipsius
1399 4066 1431 4109 ra
1455 4067 1459 4072 ·

91 4148 162 4190 vera
181 4132 334 4205 ignorantie
356 4130 553 4185 absurditatem
573 4130 637 4184 mihi
658 4132 844 4202 detegendam
858 4130 1024 4201 relinqueas.

175 4212 308 4276 Quocirca
338 4212 506 4283 diagramma
535 4211 602 4265 illud
631 4210 843 4281 Hipparchicnm
869 4210 994 4280 sequenti
1023 4208 1215 4264 commentario
1238 4182 1432 4265 illustrandum

94 4310 207 4357 censeo,
229 4292 377 4349 ιοιιιιιιι
370 4309 398 4345 ιι
417 4306 499 4345 uuum
519 4306 616 4363 corpus
637 4290 851 4345 theorematibus
872 4288 1029 4360 praecipuis
1059 4290 1095 4345 ab
1116 4289 1289 4352 dicebatis:
1319 4306 1374 4345 uon
1395 4292 1431 4345 ad
1480 4319 1485 4332 ·

94 4376 331 4433 demonstrandam
345 4372 415 4429 Solis
436 4372 601 4435 distantiam,
623 4388 704 4442 quarn
724 4386 860 4441 nunquam
880 4370 933 4424 ha'c
952 4370 1059 4425 ratione
1079 4368 1208 4434 invenies,
1230 4372 1289 4423 sed
1298 4372 1334 4424 ad
1354 4370 1429 4426 dete·

93 4459 200 4532 gendos
221 4470 326 4509 errores
347 4452 504 4515 nonnullos,
526 4469 593 4523 qnos
614 4453 651 4507 ab
671 4450 835 4521 antiquitate
856 4451 971 4505 traditos
993 4448 1170 4543 amplectitur
1189 4450 1277 4504 adhuc
1297 4450 1430 4542 religiosa

93 4539 174 4596 nimis
188 4536 336 4591 recentium
351 4534 509 4596 credulitas,
531 4535 565 4586 ad
580 4533 756 4586 cohibendam
770 4532 934 4604 Lansbergii
947 4530 1120 4586 vanissimam
1134 4530 1330 4604 arrogantiam,
1352 4548 1394 4598 qu
1397 4546 1429 4583 us

94 4616 226 4689 imperita
244 4615 409 4671 tractatione
429 4613 575 4669 miserrime
589 4612 779 4682 depravatur
772 4610 947 4683 ingeniosum
955 4613 1007 4667 boc
1020 4611 1171 4674 ιιιιιιιιιιιιις
1193 4612 1229 4665 ad
1242 4610 1430 4672 vindicandam
1453 4604 1456 4609 ’

95 4697 212 4769 Kepleri
233 4696 340 4760 lamam,
361 4693 492 4749 immerito
514 4711 532 4748 a
551 4693 722 4764 Lansbergic
743 4693 903 4748 laceratam.

171 4767 218 4827 His
229 4774 367 4839 procubat·
380 4773 524 4823 Horrocciua
536 4772 639 4823 absolvit
650 4772 797 4835 propositam
810 4770 1040 4822 amensamens
1050 4769 1122 4820 simili
1131 4782 1182 4835 qua
1193 4768 1315 4833 Kapiarus
1325 4767 1441 4829 ratione„

95 4847 289 4898 ahsommatihus
307 4846 439 4901 bedecim,
457 4844 547 4894 additis
564 4843 752 4907 problematibus
769 4849 877 4907 septem.
895 4856 992 4908 semper
1007 4842 1151 4905 respiciens
1158 4841 1190 4891 ad
1208 4839 1385 4903 Lausbcrpiom
1402 4844 1430 4889 at

95 4918 208 4970 uabclss
224 4916 399 4981 Hudclpbinaa.
435 4914 506 4966 Haeo
523 4924 656 4980 sequuntur
674 4912 800 4978 ospitat,
818 4916 844 4963 in
857 4915 949 4979 ¹quihus
965 4913 1110 4979 Lanshoegii
1127 4911 1273 4977 amaea
1291 4911 1430 4962 accuratius

96 4990 239 5050 minat,
265 5002 409 5058 conparans
430 4987 486 5039 illas
503 5002 560 5038 cum
575 4986 744 5051 Κιιιιιιιιιιιι,
768 4986 856 5053 quibua
870 4987 959 5052 ubique
979 4984 1096 5052 palmam
1110 4985 1203 5037 hibuit.
1241 4982 1350 5037 Gradu
1363 4983 1431 5039 dati

1161 5068 1221 5123 td*
