3517 5525
632 346 694 402 Pare
712 345 802 401 Prima.
839 347 921 415 caput
937 348 971 402 11.
1046 416 1048 423 y
1083 286 1085 291 '
1413 348 1474 421 177
1591 346 1615 405 .’

10 562 11 610 ι
126 523 212 609 quasi
244 524 275 589 in
300 532 417 589 certam
436 529 471 591 et
492 524 673 607 peculiarem
695 502 892 608 provinciam,
922 528 1096 593 immittere:
1121 530 1198 631 quod
1222 550 1327 593 munus
1349 528 1473 595 Aristo-

10 623 11 648 *
129 617 222 691 teles,
258 616 308 704 qui
336 616 373 677 de
397 616 483 679 initio
506 616 606 698 mundi
631 616 704 681 nihil
728 617 817 679 scivit
841 625 894 680 aut
916 618 1092 693 credidit,¹
1084 619 1158 700 ipsis
1182 628 1245 683 mot
1246 640 1314 683 nuru
1339 622 1472 683 auctori·
1491 674 1494 683 .
1546 654 1549 660 ·

124 707 180 768 bns
211 704 387 769 necessario
410 695 627 786 transscripsit.
675 706 716 768 Et
739 714 905 771 sectatores
929 707 1120 785 Aristotelis,
1155 711 1223 790 quin
1248 718 1279 775 et
1302 694 1509 791 Scaliger¹
1587 712 1618 807 ’ὓ

124 795 311 877 professione
336 794 541 871 Christianus,
571 802 674 875 aperte
698 796 867 875 disputant,
900 797 977 859 huno
1001 805 1111 859 motum
1136 800 1250 862 orbium
1274 819 1340 860 esse
1364 800 1473 863 vulun-

126 885 254 949 tarium
268 893 300 946 et
328 885 504 968 principium
533 844 705 946 'voluntatis
723 885 784 948 illis
812 905 879 949 esse
909 887 1145 950 intellectionem
1169 898 1199 951 et
1223 888 1413 951 desiderium.
1431 884 1474 964 ²³)
1579 966 1581 971 Α

210 974 258 1037 Ut
280 974 372 1053 igitur
395 975 434 1035 ad
456 974 707 1036 Purbacbium
730 976 903 1053 redeamus,
928 996 994 1038 cum
1018 995 1053 1037 eo
1077 976 1128 1039 alii
1153 977 1291 1059 quidam,
1314 976 1474 1058 praecipue

10 1075 11 1116 ἕ
124 1056 296 1127 libellorum
318 1063 539 1144 sphaericorum
564 1064 735 1144 scriptores,
759 1065 885 1146 primum
912 1066 1034 1129 schema
1056 1064 1099 1127 sio
1124 1068 1285 1148 explicant,
1309 1074 1342 1129 ut
1365 1067 1474 1148 imagi-

124 1160 234 1216 nentur
257 1153 314 1215 sibi
337 1172 427 1215 unum
446 1154 552 1215 orbem
576 1154 703 1217 solidum
736 1154 954 1223 concentrioum
984 1156 1185 1225 crassitudine
1217 1156 1342 1240 epieycli
1370 1157 1474 1228 totius,

125 1251 154 1306 et
176 1242 208 1303 in
233 1262 272 1303 eo
294 1243 475 1345 epicyclnm‚
507 1243 536 1305 in
561 1242 695 1345 epicyclo
725 1244 888 1323 planetam.
936 1245 991 1307 His
1015 1244 1105 1324 igitur
1134 1246 1247 1308 dnobus
1272 1245 1393 1308 orbibus
1416 1246 1474 1307 tri-

10 1357 11 1368 *
125 1333 256 1395 buerunt
287 1333 364 1393 duas
396 1332 512 1395 animas
547 1331 688 1395 motiiccs
722 1334 764 1407 (si
799 1334 1068 1423 considerationem
1104 1335 1260 1425 physicam
1297 1336 1475 1416 perterrent)
1581 1330 1584 1339 '

124 1422 234 1483 eadem
265 1429 423 1502 utramque
453 1421 645 1502 proportione
675 1422 812 1499 virtutis,
845 1432 879 1499 ut
903 1426 1006 1487 eodem
1031 1416 1163 1505 tempore
1187 1424 1327 1505 periodos
1349 1444 1421 1485 suae
1443 1424 1475 1486 in
1526 1466 1529 1487 2
1615 1478 1618 1489 .

123 1511 234 1592 plagas
258 1518 359 1576 tamen
383 1510 551 1573 contrarias
574 1511 743 1575 absolvant.
859 1565 864 1573 .

212 1600 353 1663 Alterum
383 1600 506 1663 schema
536 1585 676 1681 requirit
691 1602 765 1664 duos
799 1602 970 1665 deferentes
1001 1600 1113 1674 (adhuc
1148 1600 1265 1680 quidem
1297 1600 1474 1679 immobiles,

10 1765 11 1770 γ
124 1688 230 1751 dnm
220 1709 250 1751 ιι
274 1690 332 1751 hac
355 1698 488 1753 motuum
511 1690 705 1772 simplicitate
736 1707 906 1764 manemus,
940 1697 1039 1753 mente
1064 1698 1252 1752 removentes
1284 1709 1476 1778 progressum
1580 1712 1611 1731 ἰ

124 1781 354 1859 apogaeorum),
380 1788 411 1841 et
425 1800 514 1842 unum
533 1780 645 1853 orbem,
669 1780 869 1844 crassitudine
889 1780 1022 1859 corporis
1045 1779 1248 1860 planetarii,
1239 1800 1269 1841 ιι
1285 1799 1384 1861 eoque
1402 1780 1491 1843 orbe·

125 1869 275 1944 animam,
311 1888 386 1949 qnae
411 1869 560 1951 aequabili
593 1870 782 1931 contentione
805 1869 897 1941 [illum
928 1870 1163 1953 circumagat'in
1187 1870 1310 1949 plagam
1334 1888 1421 1944 eam,
1445 1867 1475 1931 in
1524 1895 1527 1903 ’

125 1977 215 2039 quarn
239 1978 260 2019 a
281 1957 427 2037 principio
459 1958 590 2039 impulsa
617 1967 674 2021 est.
722 1957 877 2022 Concessa
906 1958 998 2038 igitur
1027 1958 1084 2020 hac
1110 1958 1221 2021 solidit
1208 1966 1272 2019 tate
1307 1958 1422 2021 orbium
1446 1965 1477 2020 el

124 2047 249 2127 reliquis
273 2048 426 2123 assumtis,
430 2046 644 2111 manebunt
636 2068 665 2109 ιι
689 2048 782 2127 primo
805 2049 958 2110 schemate
974 2045 1042 2123 ΒΟ,
1057 2048 1122 2122 ΒΕ,
1146 2047 1302 2129 paralleli,·
1325 2048 1355 2110 in
1379 2048 1475 2125 altero
1522 2114 1523 2121 q
1618 2104 1621 2119 ,
1737 2100 1738 2107 ,

124 2136 207 2198 orbis
229 2160 260 2216 γε
283 2136 365 2198 circa
386 2139 407 2214 β
428 2145 562 2201 centrum
585 2137 659 2202 ibit.
688 2138 747 2199 etsi
769 2145 900 2199 motores
922 2154 979 2201 nec
1002 2097 1062 2199 irl’ie
1087 2137 1125 2198 ad
1147 2134 1220 2212 Ac,
1244 2156 1299 2199 nec
1322 2136 1372 2199 hic
1395 2115 1477 2224 adil
1519 2207 1524 2215 .

124 2220 312 2306 respiciant3
345 2224 512 2307 diriguntur
535 2216 613 2289 enirn
634 2228 785 2295 materiali
807 2225 994 2294 necessitate
1018 2246 1072 2289 seu
1100 2225 1297 2307 dispositione
1321 2234 1355 2289 et
1375 2214 1475 2300 conti·
1520 2236 1523 2249 ’
1574 2236 1576 2243 ’

124 2316 242 2395 gnitate
267 2314 391 2377 orbium.
1077 2340 1081 2350 ·
1523 2358 1527 2367 ·

112 2476 115 2479 ,
215 2404 262 2466 At
284 2405 355 2487 qnia
377 2404 509 2487 Tycho
533 2400 653 2467 Brahe
676 2372 862 2467 certissimis
876 2360 1060 2485 argumentis
1084 2404 1269 2471 soliditatem
1288 2402 1404 2467 urbium
1419 2404 1475 2465 de·
1523 2415 1526 2423 ’

129 2494 260 2569 struxit,
295 2511 370 2575 qnae
402 2493 548 2557 hactenus
576 2495 735 2563 animabus
753 2495 812 2557 illis
835 2494 1008 2557 motricibns
1032 2494 1145 2568 (caecis
1169 2495 1274 2567 etiam)
1293 2513 1358 2597 pro·
1358 2492 1481 2583 baculo

128 2584 243 2646 servire
274 2591 396 2663 poterat
424 2586 464 2645 ad
492 2584 553 2646 rim
577 2584 709 2653 debitam
736 2584 959 2659 inveniendam3
988 2591 1019 2647 et
1040 2584 1163 2663 proinde
1187 2585 1290 2663 planet
1292 2602 1326 2645 ae
1348 2580 1378 2644 in
1402 2574 1476 2665 puro
1576 2656 1580 2665 ι

71 2728 77 2739 .
128 2673 254 2735 aethere
276 2672 399 2752 perinde
422 2684 512 2754 atque
536 2692 609 2737 aves
630 2671 662 2735 in
686 2680 755 2735 aere
775 2693 879 2736 cursus
895 2694 965 2737 suos
980 2674 1154 2749 conficiunt;
1178 2673 1233 2735 alit
1220 2680 1266 2735 ter
1284 2670 1393 2735 nobis
1385 2671 1477 2753 igitur

130 2764 167 2827 de
190 2764 240 2825 his
263 2763 465 2827 schematibus
484 2764 543 2826 erit
561 2764 840 2844 philosophandum.
902 2819 905 2824 ,

217 2851 268 2914 Sit
297 2862 398 2916 autem
429 2852 508 2914 inter
540 2853 625 2914 initia
653 2854 802 2934 positum,
826 2854 887 2916 ‘vim
921 2871 1050 2928 omnem,
1084 2872 1143 2934 qua
1174 2859 1237 2914 mot
1240 2873 1273 2914 us
1305 2847 1477 2933 hujusmodi

128 2940 391 3017 administrantur,
420 2941 514 3020 ipsius
536 2943 676 3022 planetae
700 2962 806 3047 cqrpus
829 2941 997 3006 inhabitare
1022 2961 1077 3004 nec
1101 2949 1199 3004 extra
1210 2942 1241 3002 id
1264 2941 1476 3020 quaerendam.

217 3027 295 3092 Cum
322 3030 413 3112 igitur
439 3033 565 3110 planeta
586 3032 679 3093 insita
701 3033 730 3095 vi
753 3033 783 3094 in
804 3052 881 3116 puro
904 3031 1026 3095 aethere
1048 3019 1214 3110 perfectum
1237 3029 1378 3093 circulum
1401 3046 1476 3090 con·
1546 3057 1549 3066 ·

129 3121 218 3182 ficere
243 3121 367 3195 debeat,-
386 3121 415 3182 in
438 3121 534 3200 primo
554 3121 705 3196 schemate
730 3122 907 3204 epicyclnm,
927 3121 957 3184 in
980 3121 1109 3182 secundo
1134 3119 1351 3194 eccentricum,
1376 3117 1475 3180 mani-

130 3211 241 3272 festum
265 3217 328 3284 est,
363 3209 420 3270 dno
448 3210 572 3274 motoris
604 3211 691 3291 hujus
720 3211 783 3272 fore
811 3207 928 3286 munia}
959 3209 1100 3282 alterum,
1137 3215 1171 3270 ιι
1193 3209 1339 3270 facultate
1362 3207 1477 3287 polleat

128 3298 357 3361 transvectaudi
387 3299 534 3380 corporis,
569 3300 712 3376 alterum,
736 3308 770 3362 nt
792 3300 920 3362 scientia
944 3296 1096 3379 praeditus
1120 3299 1161 3360 sit
1183 3297 1353 3365 inveniendi
1377 3295 1475 3358 circn-

129 3390 224 3450 larem
247 3387 372 3450 limitem
393 3389 553 3468 perillam
575 3408 680 3470 puram
704 3409 807 3452 auram
831 3389 1003 3452 aetheream
1018 3388 1107 3449 nullis
1122 3387 1290 3466 hujusmodi
1305 3384 1475 3465 regionibns

129 3477 320 3540 distinctam:
346 3478 424 3558 quod
448 3479 557 3540 mentis
580 3497 655 3558 opus
684 3488 739 3543 est
785 3479 869 3542 Nihil
893 3479 965 3543 mihi
989 3477 1088 3552 dicas,
1116 3477 1214 3556 ipsam
1246 3475 1402 3538 matricem
1426 3473 1474 3535 fa-

132 3569 289 3642 cultatem,
313 3566 458 3648 simplicis
482 3575 513 3628 et
536 3567 642 3630 brutae
666 3569 782 3630 animae
806 3569 948 3644 sobolem,
974 3575 1077 3648 aptam
1099 3573 1204 3628 natam
1226 3585 1292 3628 esse
1317 3565 1355 3626 ad
1378 3563 1477 3626 circu-

128 3657 224 3719 larem
247 3656 418 3731 motionem,
443 3658 532 3736 plane
556 3658 599 3719 uti
623 3658 733 3739 lapidis
756 3666 866 3721 natura
888 3659 929 3720 sit
947 3677 1000 3737 per
1022 3662 1137 3720 rectam
1150 3655 1260 3718 lineam
1279 3653 1475 3730 descendere3

16 3744 20 3753 '
130 3765 209 3826 nego
233 3747 321 3820 euim,
346 3747 437 3808 ullum
461 3754 573 3808 motum
595 3767 755 3828 perennem
777 3749 973 3815 non'ree'tum
996 3769 1015 3808 a
1037 3747 1103 3808 Deo
1120 3743 1277 3808 'conditum
1302 3763 1369 3807 esse
1383 3763 1475 3824 prae-

129 3835 205 3897 sidio
230 3835 353 3897 mentali
378 3832 562 3899 destitutum.
608 3835 650 3898 Et
673 3839 755 3900 intra
777 3838 893 3918 quidem
916 3856 1024 3917 corpus
1047 3835 1206 3898 humanum
1230 3853 1331 3896 omnes
1350 3832 1476 3897 musculi

41 3977 46 3989 .
129 3924 284 4007 principiis
311 3933 467 3987 moventur
494 3925 715 3988 rectilineorum
746 3935 895 3989 motuum:
929 3944 1033 4005 nempe
1066 3933 1119 3987 aut
1154 3925 1184 3986 in
1218 3943 1285 3985 sese
1308 3922 1475 3988 recedendo

129 4021 261 4096 tnrgent,
286 4022 340 4076 aut
363 4014 498 4076 discessu
520 4013 652 4096 capitum
674 4023 887 4090 extenuantnr;
911 4015 983 4092 illic,
1006 4023 1040 4077 ut
1063 4012 1225 4076 membrum
1249 4013 1287 4076 ad
1310 4011 1477 4075 musculum

132 4104 295 4177 accedat»
313 4103 374 4180 hic,
400 4111 433 4165 ut
455 4105 595 4166 recedat:
620 4105 698 4185 quod
720 4105 799 4168 idern
822 4111 854 4166 et
875 4104 906 4166 iu
930 4105 1123 4168 circularibus
1146 4101 1287 4166 mnscnlis
1310 4121 1363 4166 sno
1387 4100 1474 4164 modo
1528 4138 1533 4151 ·

133 4197 232 4256 locum
256 4193 359 4270 habet,
384 4193 433 4274 qpi
456 4194 605 4258 meatibus
629 4195 769 4256 custodes
792 4192 933 4275 appositi,
956 4195 1006 4256 ubi
1028 4193 1188 4256 filamentis
1212 4191 1404 4254 circularibus
1421 4210 1476 4253 ex-

131 4282 211 4345 tensi
235 4281 357 4356 fuerint‚
379 4282 486 4345 laxant
507 4290 649 4358 meatum,
674 4284 882 4365 constringunt
903 4302 974 4344 vero
998 4283 1106 4346 iisdem
1128 4282 1158 4344 in
1178 4281 1359 4362 angustioris
1374 4279 1477 4344 circuli

130 4374 256 4453 figuram
279 4372 508 4437 recurrentibus.
553 4373 675 4448 Nestum
698 4374 773 4435 adeo
796 4374 958 4435 membrum
982 4380 1037 4448 est,
1063 4371 1141 4454 quod
1165 4371 1363 4453 aequabiliter
1377 4378 1475 4432 etex-

132 4460 235 4543 pedite
258 4468 390 4543 gyretnr.
437 4462 546 4522 Flexos
569 4481 641 4524 vero
665 4463 782 4543 capitis,
807 4463 925 4544 pedum,
950 4461 1137 4525 brachiorum
1160 4469 1193 4522 et
1216 4461 1334 4541 linguae
1351 4459 1476 4542 quibus-

131 4551 201 4616 dam
232 4550 366 4623 artificiis
395 4551 575 4614 mechanicis
597 4553 783 4633 permultos
807 4560 907 4614 rectos
930 4552 1078 4614 musculos
1101 4552 1158 4614 huo
1182 4550 1252 4613 illuc
1276 4549 1478 4631 transpositos

134 4639 182 4702 vel
207 4647 345 4718 attonsos
369 4641 506 4724 expressi
529 4649 608 4703 snut.
656 4638 724 4712 Qua
746 4643 862 4704 ratione
882 4641 1018 4717 efficitur,
1044 4649 1079 4703 ut
1092 4640 1223 4704 facultas
1237 4640 1356 4714 motrix,
1370 4645 1489 4700 natura'

138 4750 194 4792 sua
223 4729 254 4792 in
278 4736 391 4792 rectum
414 4731 555 4806 tendens,
588 4730 751 4792 membrum
775 4732 848 4794 illud
872 4737 1068 4812 contorqueat
1055 4730 1121 4792 tin
1145 4749 1260 4814 gyrum.
1307 4727 1358 4791 Sic
1381 4745 1478 4808 aquae

133 4817 380 4881 machinamentis
414 4818 621 4900 quibusdam'
612 4841 643 4882 ιι
668 4820 793 4883 sublime
816 4828 964 4903 aguntur,
1001 4840 1060 4883 non
1093 4821 1171 4901 quod
1204 4828 1313 4882 natura
1335 4815 1477 4898 corporis,

134 4910 214 4992 quod
243 4915 355 4971 motum
384 4907 489 4988 infert,
517 4910 548 4973 in
571 4909 696 4974 sublime
720 4911 844 4987 tendat,
869 4908 923 5025 sed
948 4910 1016 4992 quia
1039 4910 1236 5000 dispositione
1260 4906 1408 4971 canalium
1431 4905 1479 4974 ef-

211 5014 299 5069 ιηιοιι
312 5015 388 5066 opera
406 5015 442 5058 ιι
1235 5013 1267 5076 12
