3517 5525
314 346 359 427 34
727 350 831 409 literae
847 354 950 422 Kopleri
969 354 1122 423 aliorumque
1139 358 1242 407 misum

319 536 402 601 nium
425 552 483 617 ego
505 533 622 601 iuSole
636 535 784 599 ethtarte
805 531 1081 616 exploratissimum
1103 532 1210 607 haheo,
1233 532 1333 599 fateor
1354 550 1403 595 me
1426 528 1671 595 accommodasse

317 625 501 709 hypothesin
532 624 637 689 Lunae
673 625 907 707 quadamtenus,
944 630 1086 706 qnantum
1124 622 1191 703 ejus
1220 621 1287 685 lieri
1319 620 1418 702 potuit
1448 620 1535 684 salvo
1564 620 1672 686 effectu
1715 620 1718 627 '

318 715 532 799 Tyeboniauae
553 713 749 795 hypothesim
772 715 828 776 sed
849 722 881 776 tn
906 714 943 777 de
965 712 1210 794 proportionibus
1232 703 1514 791 divinis'loqueris,
1545 709 1672 773 innuem

316 825 417 869 meum
436 803 618 885 Mysterium
641 803 937 883 Cosmographicum.
983 803 1085 883 Atque
1107 802 1166 864 hoc
1187 801 1287 882 ipsum
1309 820 1348 863 en
1378 800 1500 877 landas,
1533 797 1594 864 uisi
1625 818 1672 863 mc

318 894 435 960 occulte
457 893 536 955 torte
559 900 649 957 noma
672 899 708 954 ut
726 894 970 973 reimponere,
1005 889 1056 974 qui
1087 889 1244 972 physicam
1273 887 1305 951 in
1327 888 1512 953 asmonomia
1532 894 1672 951 tractem.

317 985 385 1047 llos
408 981 595 1064 Tychouiani
616 982 786 1046 astronomi
806 981 979 1065 physicam,
1000 982 1068 1061 jure
1092 980 1255 1060 spoliatam
1278 977 1432 1041 soliditate
1456 978 1589 1053 orbium,
1620 996 1674 1058 per

318 1072 458 1153 injuriam
481 1070 648 1133 destituitis
671 1071 703 1133 in
724 1070 857 1133 maxims
878 1068 1113 1134 incredibilitate
1136 1076 1168 1131 et
1189 1068 1391 1149 perplexitate
1423 1066 1544 1131 volutus
1566 1066 1674 1148 plane-

319 1170 418 1228 tarum
439 1167 621 1223 versantem.
661 1160 724 1224 Cur
745 1180 806 1223 non
822 1180 878 1241 ego
894 1160 1002 1223 iterum
1016 1158 1101 1221 illam
1119 1156 1233 1237 juvem,
1256 1156 1369 1219 formas
1384 1156 1527 1239 physicas
1541 1164 1674 1219 motuum

318 1254 373 1333 per
396 1248 542 1331 liquidnm
564 1267 647 1311 mare
666 1249 840 1331 inquirens?
877 1252 990 1313 Fateor
1004 1248 1060 1312 tibi
1076 1246 1261 1322 Christiane,
1284 1261 1331 1311 nte
1346 1265 1385 1309 eu
1402 1247 1460 1310 hoe
1475 1245 1675 1329 quinquennio

320 1338 475 1403 dirmidium
496 1337 651 1402 minimum
673 1346 791 1419 partem
812 1340 879 1420 ejus
893 1338 1049 1420 temporis,
1074 1336 1154 1418 quod
1168 1336 1242 1401 mihi
1256 1356 1275 1399 a
1290 1335 1554 1399 sollicitationibus
1568 1334 1676 1398 aulicis

321 1429 473 1495 residuum
490 1427 557 1501 tuit,
579 1426 714 1510 physicis
734 1428 1039 1511 contemplationibus
1053 1433 1187 1489 motuum
1202 1424 1313 1489 Martis
1328 1424 1525 1505 bansegissc.
1561 1424 1677 1489 Verum

323 1520 367 1583 ita
383 1515 531 1598 implexas
544 1523 618 1597 puto
640 1517 794 1593 scientias,
818 1526 853 1580 ut
873 1526 983 1581 neutra
1006 1516 1070 1581 sine
1093 1516 1191 1579 altera
1212 1514 1349 1595 perfecta
1370 1532 1439 1577 esse
1460 1514 1569 1595 possit.
1615 1512 1677 1576 Sed

320 1608 421 1681 rideo,
444 1613 477 1667 te
499 1604 550 1667 hie
572 1624 633 1667 nou
655 1624 837 1688 magnopere
860 1606 1027 1671 adversari.
1057 1612 1305 1680 (Lougomomruurr
1323 1612 1362 1663 lex
1377 1613 1448 1665 meae
1465 1606 1588 1677 [mntem
1606 1628 1628 1661 v.
1643 1606 1676 1673 a]

322 1697 416 1763 igitur,
444 1699 471 1743 et
487 1699 635 1759 praeterea.
663 1696 685 1745 ai
711 1696 771 1759 quid
794 1697 904 1747 metricis
931 1696 1027 1745 virtutis
1052 1702 1077 1746 et
1103 1694 1264 1761 proportionis
1291 1692 1391 1745 rlirlnae
1417 1699 1513 1745 certum
1530 1694 1557 1743 iu
1575 1691 1676 1758 singulis

321 1766 454 1825 inveneris,
472 1765 537 1831 quod
555 1772 581 1815 te
599 1766 739 1817 mehercule
757 1766 880 1818 divinitati
898 1768 924 1817 ln
940 1766 990 1817 hae
1008 1766 1160 1831 professione
1183 1766 1318 1831 proximum
1335 1766 1421 1824 faciet,
1449 1764 1475 1815 id
1493 1764 1526 1815 ad
1544 1764 1676 1815 circularem

323 1839 445 1890 medones
463 1858 497 1871 -
516 1836 582 1901 quod
600 1838 684 1888 tacere
702 1839 810 1909 quisquis
828 1845 911 1902 potest
929 1862 964 1873 -
982 1839 1019 1889 ita
1036 1838 1139 1889 tandem
1157 1850 1256 1888 revoces
1274 1836 1361 1893 velim,
1385 1842 1414 1887 ut
1431 1836 1606 1901 phaenomena
1622 1834 1676 1899 ipsa

324 1910 388 1962 coeli
406 1907 499 1959 naham
517 1913 587 1956 tuam
604 1908 653 1957 rim
669 1909 764 1960 nullam
782 1910 925 1960 uiolentiam
937 1910 1055 1961 cendant.
1093 1908 1171 1959 Secur
1189 1908 1255 1959 euim
1274 1923 1304 1959 ea
1321 1908 1442 1972 pn'drlbur
1459 1906 1526 1957 haud
1544 1906 1678 1971 procedens

324 1980 543 2045 marmaricam
554 1978 719 2040 Platonicam,
737 1995 788 2047 qna
806 1982 892 2033 nima
915 1981 1000 2032 muudi
1017 1983 1093 2049 rigat,
1113 1980 1248 2046 affingens,
1267 1994 1312 2029 uos
1324 1981 1431 2031 incertos
1448 1979 1474 2029 in
1492 1976 1678 2043 snapiatouihm,

327 2051 439 2105 mebris
456 2064 488 2101 ac
506 2050 626 2100 erroribus
644 2052 726 2105 adhuc
743 2050 996 2116 assalierunt)...

416 2122 506 2195 Quod
529 2140 600 2185 vero
621 2124 940 2206 prosthapbaereeium
971 2124 1093 2187 tabulas
1122 2122 1247 2197 attinet,
1280 2120 1371 2198 scito,
1404 2129 1573 2187 metatum
1602 2120 1678 2183 bunc

322 2231 446 2289 annum,
469 2231 529 2293 qua
549 2218 636 2293 parte
660 2232 679 2273 a
700 2214 806 2277 morbo
828 2222 860 2278 et
882 2236 902 2277 a
924 2214 1004 2277 euris
1028 2214 1070 2276 ini
1093 2231 1222 2287 vacuus,
1245 2212 1276 2278 in
1298 2210 1386 2278 unius
1409 2219 1436 2283 ὁ
1457 2209 1678 2293 prosthaphac-

324 2299 444 2369 resibus
466 2300 598 2363 ecceutri
620 2302 753 2377 versam,
784 2320 840 2367 uec
869 2303 962 2385 pudet
982 2302 1099 2377 dicere,
1130 2320 1179 2364 me
1211 2319 1334 2382 scopum
1365 2302 1497 2365 nondum
1527 2299 1678 2381 attigisse.

324 2388 517 2473 Hypothesin
539 2386 651 2469 habeo,
679 2391 745 2472 jam
767 2401 838 2456 ante
860 2389 883 2457 4
906 2412 1002 2456 annos
1025 2396 1244 2465 constructam,
1275 2409 1350 2471 quae
1378 2390 1452 2456 mihi
1473 2389 1628 2471 planetam
1650 2386 1679 2452 in

325 2478 494 2543 eccentrico
517 2478 629 2541 debitis
652 2480 728 2543 locis
751 2480 835 2544 sistit
856 2481 1129 2562 scrupulosissime.
1176 2479 1238 2543 Sed
1267 2500 1327 2543 uon
1357 2480 1460 2560 placet
1489 2478 1581 2554 mihi,
1613 2476 1680 2559 quia

325 2590 384 2631 non
408 2576 458 2629 est
477 2567 621 2649 physica,
644 2570 700 2631 sed
721 2589 793 2633 vere
815 2570 845 2633 id
868 2570 948 2652 quod
971 2571 1094 2645 dicitur,
1126 2569 1364 2653 hypothesis.
1410 2571 1516 2651 Itaque
1538 2568 1590 2630 hic
1613 2584 1679 2627 vere

327 2666 361 2721 tu
383 2656 458 2721 mihi
480 2656 595 2728 dixisti,
618 2676 679 2721 non
702 2677 771 2722 esse
795 2660 926 2723 omnium
947 2659 1137 2741 planetarum
1163 2658 1310 2722 rationem
1339 2658 1475 2723 eandem.
1520 2659 1603 2721 Nam
1624 2654 1680 2719 etsi

328 2748 366 2815 de
388 2747 477 2810 Luna
499 2746 574 2810 nihil
597 2747 729 2823 affirmo,
753 2748 780 2812 si
800 2748 927 2834 physice
951 2748 1172 2814 examinaretur
1195 2768 1233 2810 ex
1254 2748 1410 2831 professo,
1434 2748 1513 2830 qnod
1535 2746 1680 2812 hactenus

328 2857 389 2900 non
411 2836 470 2898 ieci
493 2853 531 2897 ex
553 2855 612 2918 quo
635 2858 656 2898 a
676 2845 707 2900 te
729 2838 845 2914 absum,
868 2839 927 2902 boc
944 2847 1046 2902 tamen
1064 2837 1118 2901 tibi
1135 2839 1242 2913 fateor,
1266 2839 1360 2900 mein
1374 2841 1476 2902 Marte
1495 2837 1578 2900 viam
1594 2837 1680 2915 louge

330 2925 423 2988 aliam
445 2924 505 3000 ire,
527 2944 618 3006 quam
640 2926 671 2988 in
693 2928 960 3001 transformatione
982 2929 1146 2993 Lunarium
1168 2927 1277 2990 iustiti.
1321 2929 1393 2992 Jam
1422 2935 1454 2990 et
1475 2927 1581 2990 illudis
1612 2924 1681 2988 mihi

281 3091 286 3094 Ι
329 3013 468 3094 exemplo
490 3013 613 3078 Rhetioi
638 3019 881 3093 (Longemontaumr
901 3025 1042 3085 meministi,
1060 3026 1094 3076 ml
1112 3026 1191 3078 amice
1209 3025 1333 3090 Keplere,
1352 3025 1490 3078 Beuaticae
1508 3024 1566 3077 olim
1585 3035 1680 3088 operam

330 3105 396 3156 inter
412 3116 458 3154 uos
475 3102 550 3152 tuisse
569 3103 685 3162 dicaam,
704 3119 739 3154 se.
758 3112 789 3154 ut
804 3112 833 3156 tn
846 3105 966 3165 Mmteru,
986 3120 1032 3172 ego
1051 3113 1136 3158 autem
1153 3106 1251 3158 Lunam
1268 3107 1314 3156 sub
1337 3107 1436 3158 arbitrio
1458 3105 1543 3171 narmi
1562 3103 1681 3168 'bohema

251 3230 257 3238 ,
329 3189 454 3234 curarem
474 3187 507 3223 au
525 3188 591 3224 nuno
609 3175 671 3224 torte
684 3181 729 3224 tua
746 3175 771 3225 iu
790 3191 819 3227 eo
837 3183 882 3227 aut
900 3177 1038 3228 diffidentia
1056 3183 1100 3228 aut
1119 3177 1257 3242 desperatio
1278 3171 1389 3245 [ignosce
1407 3177 1467 3228 nihil
1484 3178 1607 3228 haetenus
1624 3175 1681 3226 inibi

329 3247 374 3297 aha
392 3251 418 3295 te
435 3245 581 3310 praestitum
599 3241 760 3312 intelligenti]
780 3248 849 3298 omui
867 3247 901 3298 D.
920 3247 1029 3309 Rhatiai,
1047 3247 1120 3299 modo
1138 3263 1197 3300 vera
1215 3249 1245 3300 de
1264 3263 1293 3298 eo
1311 3255 1419 3310 sanent,
1445 3247 1584 3306 simillima,
1609 3260 1681 3299 causa

327 3325 374 3378 att
392 3324 425 3378 aa
438 3323 536 3376 Lmen
546 3338 625 3390 omna
645 3325 788 3391 resurgeret
802 3323 911 3391 asecle
943 3321 1047 3383 ridebo
1083 3330 1192 3384 tecum.
1243 3322 1287 3384 Te
1320 3340 1392 3384 saue
1423 3328 1477 3384 tua
1503 3319 1606 3395 Luna,
1637 3339 1680 3381 me

328 3407 506 3489 quandoque
529 3402 711 3486 spectatore,
731 3407 841 3470 misere
860 3409 1038 3490 exagitarit,
1053 3411 1229 3492 quandoque
1244 3418 1275 3472 et
1289 3430 1347 3486 me,
1367 3409 1439 3474 scic.
1473 3411 1535 3488 Me,
1556 3411 1583 3471 si
1598 3409 1679 3472 Mars

328 3515 413 3559 meus
437 3496 516 3558 male
539 3494 642 3571 habet,
666 3496 754 3558 decet
775 3504 806 3559 te
826 3497 1087 3564 commiseratione
1106 3497 1192 3580 tangi
1207 3499 1311 3562 eedem
1325 3518 1459 3580 passum.
1499 3497 1562 3564 Sed
1585 3507 1681 3562 minen

330 3584 475 3666 temporis
506 3583 564 3647 tibi
594 3584 742 3649 rationem
773 3586 912 3664 reddam,
946 3587 1017 3670 quia
1048 3587 1079 3650 id
1110 3596 1214 3670 petere
1245 3587 1367 3652 videris.
1422 3589 1513 3654 Anno
1548 3585 1682 3654 iteca

330 3674 494 3739 Februario
523 3673 555 3736 in
577 3673 695 3753 Majum
719 3675 849 3757 primum
878 3677 1070 3757 potissimam
1099 3685 1219 3759 partem
1250 3679 1399 3759 sperando
1431 3686 1463 3743 et
1492 3677 1682 3759 imaginando

332 3763 494 3832 cousumsi.
539 3762 610 3828 Scis
632 3763 726 3844 enim,
758 3784 806 3828 me
836 3767 917 3830 iutra
949 3765 1102 3831 octiduum
1134 3767 1188 3829 sub
1220 3766 1355 3849 pignoris
1387 3766 1521 3850 periculo
1552 3767 1682 3832 voluisse

332 3875 445 3920 arcana
466 3852 569 3916 omnia
591 3852 759 3918 absolvere.
804 3855 925 3920 Proieci
949 3863 1050 3920 autem
1072 3863 1206 3931 tantum,
1230 3863 1264 3920 nt
1286 3857 1416 3920 eccentri
1439 3855 1681 3940 inaequalitatem

331 3942 523 4013 mediocriter
541 3941 692 4005 salvarem
710 3944 783 4016 (uisi
798 3944 877 4026 quod
892 3965 951 4010 uua
966 3945 1235 4009 fundamentalium
1251 3945 1494 4010 observationum
1509 3943 1562 4010 20¹
1577 3944 1681 4008 vitiose

333 4035 391 4100 tuit
412 4034 565 4105 assumta)
587 4039 620 4095 et
640 4032 832 4098 minuendam
860 4053 928 4098 esse
951 4034 1034 4098 Solis
1065 4033 1319 4101 eccentrieitatcm
1347 4035 1497 4100 callerem.
1542 4035 1574 4100 A
1595 4033 1680 4098 Junin

332 4124 364 4188 iu
387 4121 551 4188 Octobrem
575 4139 641 4186 sum
661 4123 872 4204 peregrinatus
895 4131 927 4188 et
949 4124 1095 4188 familiam
1118 4123 1271 4188 transtuli.
1316 4125 1366 4188 Ab
1384 4123 1511 4190 Octobri
1536 4119 1680 4188 rocon

332 4216 505 4293 Augustum
522 4206 615 4275 11101.
635 4219 785 4292 quartana
807 4232 854 4275 me
876 4214 983 4276 tenuit.
1024 4213 1150 4278 Intenm
1171 4214 1280 4296 scripsi
1301 4221 1406 4280 eontra
1419 4214 1541 4289 llrsum,
1560 4214 1680 4294 jubente

333 4303 493 4385 lychone,
524 4307 558 4361 et
588 4300 650 4364 alia
671 4301 768 4381 ipsius
797 4301 899 4366 studia
919 4321 975 4383 pro
1007 4303 1103 4385 ipsius
1135 4302 1261 4368 arbitrio
1283 4310 1315 4366 et
1336 4305 1412 4368 meis
1434 4301 1549 4368 viribus
1571 4299 1678 4384 adiuvi.

333 4391 516 4474 Speculatus
547 4408 613 4452 sum
643 4390 818 4471 indignante
841 4391 983 4473 Tychoue
1011 4391 1042 4454 in
1065 4393 1200 4469 Venere,
1229 4391 1395 4468 Mercurio,
1423 4393 1528 4469 Lnua;
1560 4393 1590 4456 iu
1621 4389 1680 4454 illis

335 4481 459 4555 utiliter,
482 4479 615 4544 iuLuna
636 4479 726 4561 plane
749 4479 863 4556 iustra;
888 4482 1060 4562 speculatus
1084 4501 1149 4546 sum
1172 4489 1204 4544 et
1221 4481 1251 4545 iu
1265 4484 1376 4558 Marte,
1399 4481 1518 4548 comesi
1539 4483 1678 4563 inaequa-

335 4571 453 4633 litatem
475 4568 617 4649 primam,
650 4576 787 4632 correcta
817 4570 929 4633 uitiosa
961 4570 1177 4634 fundamentali
1210 4571 1437 4647 observatione3
1469 4570 1617 4653 etiamque
1642 4567 1678 4632 ah

334 4658 436 4742 Aprili
457 4656 490 4720 iu
511 4657 600 4720 finem
621 4657 755 4738 Augusti
776 4659 1001 4741 peregrinatum
1023 4660 1084 4724 abii
1107 4660 1136 4724 iu
1152 4660 1295 4744 Styriam,
1319 4661 1426 4726 relicta
1439 4661 1558 4741 Pragae
1580 4675 1676 4724 uxore.

334 4752 365 4815 A
388 4745 559 4830 Septembri
581 4748 613 4812 iu
634 4748 749 4812 Julinm
776 4745 868 4813 1602.
892 4749 962 4812 dedi
991 4768 1114 4831 operam
1145 4750 1249 4814 liberis
1278 4757 1311 4814 et
1337 4750 1504 4814 fabricatus
1528 4769 1593 4814 aum
1613 4746 1678 4829 pul-

335 4837 515 4904 cherrimam
543 4836 677 4900 tiliolum.
722 4840 753 4904 A
784 4839 969 4920 Septembri,
992 4839 1127 4921 inquam,
1159 4839 1245 4920 coepi
1269 4839 1505 4904 laboriosissime
1536 4837 1678 4920 inquirere

333 4926 558 5017 proportionem
579 4927 728 4993 secundae
752 4928 988 4993 ecceutricitatis
1011 4928 1108 5004 Solis,
1140 4928 1171 4992 iu
1203 4949 1261 5012 quo
1289 4929 1393 4994 labore
1416 4929 1519 5014 Tycbo
1549 4933 1677 4992 mortuus
