3517 5525
271 374 336 444 362
751 378 792 432 De
810 377 918 432 Motibus
935 379 1029 432 Stellae
1045 378 1134 434 Martia

270 557 364 639 (quod
386 562 435 620 est
457 557 703 638 complementum
722 559 763 620 ad
787 555 868 623 142ο
894 556 944 623 16’
967 559 1166 635 emendatam,
1189 565 1381 638 perauctam
1401 557 1614 622 eocentricita-

268 651 346 720 tem)
383 646 559 720 tantundem
595 645 711 710 itineris
749 647 907 723 absolvet,
943 659 1087 731 quantum
1122 647 1153 709 in
1180 648 1295 710 vicaria
1321 655 1456 730 tempore
1479 648 1615 729 longiore

270 731 332 800 37⁰
354 730 417 810 δι’,
442 735 519 816 quod
543 745 591 798 est
614 737 863 816 complementum
886 739 926 800 ad
949 734 1029 802 142ο
1044 735 1086 812 9‘,
1105 738 1222 801 scilicet
1235 738 1373 819 utrinque
1391 738 1527 801 conficiet
1543 733 1614 813 45⁰,

269 824 519 904 complementum
542 843 647 906 nempe
672 827 709 887 ad
737 822 825 890 135⁰.

232 965 236 974 .
357 913 480 975 Interim
503 931 608 993 parum
630 915 726 990 abest,
751 915 819 996 quin
843 915 918 978 haec
942 915 1022 977 falsa
1042 915 1219 997 hypothesis
1242 934 1344 978 rernm
1368 915 1455 977 nobis
1478 915 1617 993 ellectum

269 1004 398 1083 prodat:
430 1003 599 1065 differentia
629 1004 765 1086 utrinqne
796 1013 868 1083 post
895 1005 1111 1068 correctionem
1134 1024 1192 1067 non
1215 1005 1329 1083 majore
1352 1024 1443 1088 quam
1465 1001 1498 1069 8¹
1519 1011 1553 1066 et
1574 1001 1615 1064 7⁴.

269 1091 375 1172 Itaque
409 1093 507 1166 vides,
544 1111 602 1154 non
631 1112 698 1156 esse
731 1094 880 1157 fidendum
912 1094 1040 1156 eductui.
1094 1093 1138 1156 Et
1168 1093 1288 1157 notabis
1315 1113 1450 1170 rursum,
1484 1094 1563 1175 qnod
1585 1099 1617 1154 et

270 1199 335 1260 pap.
359 1180 492 1255 XLVII,
517 1183 676 1244 veritatem
699 1183 777 1244 inter
800 1182 855 1243 hos
879 1183 954 1244 duos
977 1184 1082 1246 modos
1105 1183 1243 1265 (quornm
1267 1184 1314 1246 hic
1336 1181 1503 1264 perfectum
1518 1183 1616 1245 eircu-

269 1270 344 1342 lrun,
368 1270 418 1331 ille
442 1271 558 1332 ovalem
582 1289 619 1332 ex
642 1271 779 1352 opinione
810 1290 874 1352 cap.
897 1271 996 1334 XLV.
1026 1272 1184 1347 describit)
1218 1291 1286 1334 esse
1315 1273 1380 1336 loco
1403 1273 1516 1336 medio:
1539 1270 1617 1334 unde

268 1361 318 1420 vel
338 1359 399 1440 jam
422 1367 455 1420 ut
478 1368 509 1422 et
532 1378 622 1440 supra
645 1379 710 1441 cap.
734 1359 866 1423 XLVII.
891 1361 1031 1440 colligere
1054 1370 1153 1442 potes,
1176 1362 1294 1425 lunulas
1317 1361 1458 1426 dimidiae
1481 1368 1617 1424 tantum-

269 1449 356 1510 modo
380 1447 549 1511 latitudinis
573 1451 645 1530 ejus,
671 1470 746 1531 quac
772 1451 907 1530 sequitur
929 1469 967 1513 ex
990 1451 1127 1532 opinione
1150 1469 1215 1531 cap.
1239 1450 1340 1526 XLV,
1364 1473 1384 1512 a
1399 1451 1535 1531 perfecto
1558 1449 1618 1511 cir·

270 1538 337 1600 culo
361 1539 551 1600 resecandas.
1160 1577 1163 1583 ·
1575 1533 1580 1546 '
1629 1543 1633 1550 “

657 1697 787 1759 Modus
817 1657 958 1760 tertius
988 1705 1024 1762 et
1055 1706 1221 1779 quartus.

342 1803 435 1866 'Cum
465 1804 565 1886 itaque
596 1823 650 1865 nec
680 1803 755 1865 haec
779 1823 845 1866 curn
868 1805 985 1868 ratione
1009 1813 1106 1868 staret
1128 1807 1309 1893 methodus,
1340 1806 1424 1868 etin
1447 1806 1500 1868 illa
1523 1805 1622 1867 altera

274 1893 457 1968 didicissem,
480 1893 678 1974 exquirendas
704 1893 865 1955 distantias
889 1893 1105 1976 respondentes
1124 1894 1248 1976 integris
1263 1895 1405 1976 gradibus
1420 1892 1504 1958 CBD
1520 1893 1623 1975 auguli

272 2003 327 2046 seu
348 1981 523 2063 aequalibus
547 1985 674 2044 arcubus
698 1983 828 2044 eccentri
854 1981 924 2046 CD:
950 1985 1066 2047 accessi
1088 1994 1120 2046 et
1142 1986 1182 2046 ad
1206 1984 1286 2047 illas.

360 2071 472 2144 Quinto
505 2073 596 2152 igitur
620 2073 794 2144 (adnumero
819 2072 874 2135 tibi
897 2081 1015 2136 tantum
1037 2074 1106 2137 illas
1130 2074 1340 2154 operationes,
1377 2092 1454 2155 qnae
1482 2072 1620 2152 singulae

275 2159 338 2226 130
360 2162 475 2228 vicibus
496 2161 703 2244 perficiuntur)
728 2161 890 2224 distantias
913 2161 997 2243 prius
1019 2163 1157 2225 inventas
1181 2161 1219 2224 ab
1235 2162 1392 2225 anonraliis
1410 2161 1518 2225 mediis
1532 2181 1620 2224 sern-

272 2249 436 2334 pulariis*)
467 2271 520 2312 sen
548 2251 754 2330 inaequalibus
786 2249 886 2320 CBD,
915 2252 954 2312 ad
982 2252 1149 2316 anomaliae
1176 2253 1292 2315 medias
1323 2253 1466 2332 aequales
1488 2271 1549 2313 sen
1571 2252 1622 2314 in·

272 2351 424 2423 tegrorum
447 2340 592 2420 graduum
615 2339 718 2402 reduxi
740 2341 1013 2419 proportionaliter.
1060 2340 1122 2404 Sed
1141 2343 1287 2423 jamnon
1312 2342 1457 2421 amplius,
1481 2349 1516 2404 nt
1537 2340 1622 2422 prius

272 2432 361 2494 modo
384 2430 497 2510 primo,
536 2425 617 2492 CBD
641 2429 751 2490 mansit
774 2430 941 2504 anomalia;
971 2430 1025 2492 sed
1055 2431 1138 2493 facta
1161 2438 1210 2492 est
1231 2450 1284 2513 per
1306 2432 1384 2494 hanc
1408 2430 1627 2494 distantiarum

272 2519 477 2582 reductionem
500 2519 648 2580 anomalia
671 2518 817 2580 scoentri:
843 2527 875 2580 ut
899 2526 931 2579 ει
952 2520 1042 2581 modo
1057 2520 1197 2584 secundo.

335 2689 336 2694 ἵ
362 2607 456 2670 Sexto
489 2607 594 2668 iisdem
627 2607 780 2669 distantiis
812 2613 846 2668 ut
876 2609 959 2689 prins
989 2608 1124 2690 quaesivi
1154 2629 1227 2670 snas
1255 2608 1511 2690 proportionales,
1544 2625 1622 2688 quae

277 2698 393 2762 scilicet
425 2698 468 2759 sie
495 2715 528 2760 se
561 2695 708 2758 haberent
740 2698 778 2758 ad
811 2695 986 2773 distantias,
1014 2706 1051 2760 nt
1083 2697 1244 2763 distantiae
1277 2697 1316 2760 ad
1339 2698 1456 2762 radium
1480 2693 1619 2762 100000.

194 2860 199 2873 ἢ
275 2788 336 2851 Sed
360 2804 419 2849 nou
443 2797 509 2849 erat
531 2806 665 2850 neccsse.
711 2787 803 2850 Volui
827 2796 927 2851 tamen
950 2789 981 2849 in
1005 2798 1144 2851 eventum
1168 2806 1285 2851 omnem
1309 2807 1376 2849 essa
1400 2788 1575 2851 instructus.

362 2876 498 2957 Septimo
523 2884 554 2939 et
583 2883 690 2939 octavo
720 2894 838 2939 rursum
866 2876 969 2939 addidi
1000 2878 1149 2958 singulas,
1180 2887 1245 2941 tam
1272 2877 1434 2941 distantias
1457 2876 1527 2953 AD,
1550 2872 1619 2952 Ac,

274 2986 362 3049 quam
400 2986 501 3028 aarum
534 2966 773 3047 proportionales
802 2964 883 3041 AG,
915 2968 988 3042 AF,
1023 2967 1222 3051 prodibatque
1257 2984 1373 3029 summa
1408 2966 1621 3031 distantiarum

273 3058 407 3138 ipsarum
438 3050 622 3119 36075562.
670 3055 801 3119 Causam
824 3048 930 3119 'habes
962 3076 1028 3137 cap.
1051 3056 1125 3133 XL,
1164 3076 1216 3119 cnr
1245 3057 1313 3137 plus
1350 3056 1496 3135 prodierit
1531 3074 1622 3138 quam

275 3143 460 3210 36000000.
489 3144 778 3227 ¹Proportionalinm
801 3164 872 3207 vero
897 3164 1011 3207 summa
1035 3146 1146 3226 prodiit
1168 3142 1354 3213 36384621.

362 3236 432 3297 Jam
457 3232 547 3313 igitur
570 3235 600 3297 in
615 3235 766 3297 schemate
789 3235 888 3313 priore
912 3236 1146 3304 demonstrative
1170 3234 1290 3316 quidem
1311 3232 1544 3317 prQrediemnr,
1567 3251 1621 3314 per

274 3333 471 3406 coaequatam
495 3322 580 3387 CAD
604 3324 757 3385 elicientes
787 3321 967 3386 anomaliam
996 3325 1127 3386 eecentri
1151 3324 1250 3398 CBD,
1273 3324 1427 3404 perhanc
1449 3342 1521 3384 vero
1543 3339 1621 3383 ano-

274 3415 397 3478 maliam
422 3414 551 3475 eccentri
571 3412 655 3477 CBD
680 3412 890 3475 distantiarum
912 3432 1058 3478 summam
1076 3413 1106 3475 in
1123 3411 1178 3477 CD
1191 3433 1263 3476 arcu
1285 3414 1491 3485 inventarum
1513 3418 1545 3473 et
1567 3428 1621 3491 per

274 3505 353 3567 hanc
377 3520 521 3564 summam
544 3501 753 3564 distantiarum
778 3501 968 3564 addiscemus
991 3521 1105 3565 moram
1125 3503 1154 3564 in
1179 3522 1250 3565 arcu
1273 3500 1338 3578 CD,
1362 3522 1414 3564 sen
1438 3499 1620 3563 anomaliam

276 3592 423 3657 mediam:
434 3589 489 3665 **)
512 3593 560 3653 vel
584 3610 730 3653 conversa
745 3590 861 3653 ratione
886 3591 1106 3653 commoditatis
1124 3610 1227 3667 causa,
1250 3591 1278 3653 si
1292 3591 1402 3671 angulo
1421 3589 1504 3655 CBD
1518 3589 1621 3668 integ-

276 3702 375 3746 rorum
410 3680 557 3761 graduum
588 3682 637 3753 (ut
667 3675 743 3754 45⁰)
775 3689 935 3759 quaeratur
967 3678 1049 3743 CAB
1088 3688 1120 3742 et
1152 3689 1350 3761 excerpantnr
1381 3674 1424 3744 45
1456 3679 1621 3741 distantiae

272 3772 394 3853 justae;
426 3773 519 3846 haec,
552 3770 691 3851 inquam,
722 3768 958 3830 demonstrative
990 3770 1110 3850 quidem
1139 3771 1228 3845 flunt,
1260 3778 1447 3843 strumum,
1481 3778 1515 3829 nt
1536 3766 1620 3848 prins

275 3862 363 3924 modo
388 3860 529 3934 secundo,
552 3859 609 3921 hoc
633 3864 721 3938 pacto
738 3856 822 3921 CAD
845 3858 879 3919 fir
903 3858 1054 3920 anomalia
1069 3877 1138 3921 vere
1160 3866 1307 3940 aequata:
1333 3878 1424 3940 qnare
1439 3856 1496 3920 CA
1518 3864 1621 3917 manet

277 3970 330 4014 suo
354 3952 420 4012 loco
444 3957 475 4011 ει
496 3945 553 4012 DC
577 3946 675 4009 orbita
706 3946 763 4009 erit
793 3947 945 4027 perlectus
977 3947 1104 4010 circulus
1113 3966 1124 4022 ς
1155 3950 1233 4028 quod
1262 3967 1329 4011 eum
1359 3948 1473 4010 lalsuur
1497 3946 1556 4017 sit,
1585 3952 1620 4016 nt

277 4049 430 4102 ostensum
453 4057 518 4119 cap.
542 4038 659 4112 XLIV,
684 4054 807 4099 necesse
831 4041 879 4096 est
901 4054 988 4115 ergo,
1016 4036 1177 4099 distantias
1200 4037 1230 4099 in
1253 4034 1488 4117 longitudinibus
1511 4027 1619 4098 mediis

277 4130 325 4192 hic
347 4129 484 4209 usurpari
506 4127 594 4191 nimis
617 4126 735 4203 longas,
758 4144 858 4189 moras
874 4123 975 4208 itaque
987 4126 1058 4187 deri
1076 4124 1254 4203 prolixiores
1273 4126 1357 4206 justo
1375 4124 1450 4186 etin
1465 4123 1620 4205 apsidibus

277 4218 442 4283 breviores.

364 4308 407 4369 Et
438 4306 555 4369 omnino
588 4322 675 4384 quam
706 4303 839 4384 proxime
872 4302 1087 4383 aequipollebit
1122 4302 1227 4366 modus
1257 4302 1316 4365 iste
1348 4303 1440 4384 priori
1470 4320 1524 4384 per
1545 4319 1619 4382 pro·

275 4398 470 4480 portionales.
527 4394 680 4466 Quantum
716 4392 793 4454 enim
824 4391 885 4454 illic
914 4393 1153 4473 proportionales
1181 4392 1324 4468 totidem,
1355 4400 1429 4473 quot
1459 4398 1547 4454 erant
1568 4388 1618 4451 di-

363 4614 391 4692 *)
411 4619 585 4676 Anomsliam
613 4616 672 4671 dico
700 4615 915 4687 compulerim,
945 4632 1017 4687 quae
1045 4635 1101 4673 non
1134 4616 1305 4690 integrorum
1338 4617 1474 4687 gradum
1505 4633 1619 4673 numero

275 4702 445 4775 exprimitur,
468 4702 516 4755 sed
537 4697 669 4768 adjuncta
687 4696 776 4752 habet
794 4690 933 4766 scrupula.

363 4778 406 4853 “l
427 4784 458 4839 In
480 4780 561 4835 tertio
582 4784 682 4831 conatu
710 4792 817 4833 rursum
837 4784 897 4841 est,
927 4777 1008 4833 utin
1027 4778 1154 4833 secundo.
1194 4778 1268 4832 CAD
1289 4782 1334 4830 est
1358 4778 1497 4832 anomalis
1521 4778 1614 4841 tertia,

277 4865 348 4919 CBD
369 4865 415 4917 rel
436 4862 483 4916 CD
504 4858 631 4923 secunda,
651 4864 682 4911 et
700 4859 762 4923 AD,
782 4858 830 4913 AC
847 4858 941 4911 lineae
962 4857 1154 4925 conseruerat,
1175 4874 1226 4913 scu
1248 4859 1362 4927 planum
1385 4859 1502 4913 metiens
1521 4874 1617 4913 ouum

277 4960 415 5010 summam,
437 4941 542 4997 scilicet
561 4940 673 5009 planum
694 4938 774 5004 CAD,
798 4942 841 4992 est
862 4937 1000 4992 anomalia
1019 4939 1114 5008 prima,
1136 4954 1208 5011 quae
1229 4937 1281 4993 dici
1301 4938 1375 4993 solet
1393 4936 1490 4997 meda
