3517 5525
520 371 563 451 ¹os
580 352 774 439 mmmmm
789 352 824 421 «ια’
837 368 907 423 assu
925 372 1013 423 serra
1030 372 1126 424 name.
1430 444 1435 453 Ι
1460 368 1504 439 39

142 546 299 611 insistere·
315 556 391 611 cnm
407 546 593 633 Ptolemaeo.
635 529 828 615 Ptolemaeus
850 550 977 630 primum
1000 568 1103 613 crasso
1126 550 1223 625 modo,
1249 550 1405 631 supposita
1427 548 1504 613 sim·

140 636 220 718 plici
253 638 491 701 ecoentricitatis
522 638 698 721 hypothesi,
731 638 850 721 quaerit
883 637 1137 702 ecoentricitatem
1166 640 1337 729 invenitque
1370 639 1503 721 quintam
1556 660 1559 665 ·

9 779 18 814 y,
118 726 368 791 'semidiametri
389 737 517 810 partem.
554 728 625 791 Jarn
648 747 705 790 non
729 728 877 809 expeditis
902 728 1037 791 omnibns
1061 728 1142 809 eirea
1164 730 1373 803 ecoentricnrm
1398 729 1506 791 statim

144 816 270 880 aceedit
301 817 406 880 orbern
439 836 568 881 annuum
599 836 653 879 sen
686 817 851 900 epicyolnrn
884 818 917 879 in
947 835 1082 897 apogaeo
1113 818 1144 879 et
1172 819 1314 898 perigaeo
1347 818 1505 895 ecoentrici

141 906 358 982 constitutum,
381 906 433 982 nbi
453 926 560 989 parum
582 907 614 969 in
638 908 760 987 longum
773 907 939 982 aberratur,
959 906 1131 987 invenitque
1146 907 1311 988 simplicem
1327 906 1505 970 ecoentrici-

142 1002 245 1059 tatem
266 996 352 1078 prius
374 1014 479 1059 crasse
501 996 700 1060 consororem
722 1016 781 1059 non
803 1014 895 1077 posse
916 996 955 1059 ab
973 995 1107 1077 epicyclc
1131 996 1263 1073 tolerari,
1288 996 1346 1059 nisi
1366 1004 1505 1077 exparte

141 1086 286 1166 praecise
301 1085 443 1156 dimidia:
460 1086 531 1149 Jam
544 1085 636 1167 igitur
648 1104 766 1149 rursum
781 1084 956 1166 aggreditur
965 1084 1182 1148 ordinationem
1193 1086 1361 1155 ecoentrici.
1377 1094 1409 1147 et
1419 1085 1505 1167 quasi

141 1192 200 1256 per
231 1175 307 1237 falsi
327 1176 464 1257 reguiam
486 1174 605 1238 iteratis
629 1173 854 1256 operationibus
867 1175 899 1238 in
913 1194 973 1236 nna
988 1173 1124 1256 qualibet
1146 1175 1412 1255 prosthaphaeresi
1430 1192 1505 1239 ccu-

144 1263 306 1327 stituenda
320 1266 424 1338 sudat,
445 1265 541 1327 donec
563 1279 631 1327 earn
654 1270 705 1330 sat
726 1264 896 1345 praecisam
906 1282 986 1327 ‘esse
1009 1271 1106 1343 putet.
1153 1262 1253 1325 Aliter
1268 1264 1458 1344 Copornicns·
1475 1272 1507 1327 et

141 1352 269 1430 vitiose,
292 1354 350 1417 hoc
365 1355 523 1417 autminus
537 1355 627 1416 docte
641 1373 729 1437 qnam
743 1353 946 1417 Ptolemaeus.
995 1350 1101 1415 Credit
1124 1354 1201 1415 enim
1220 1354 1408 1437 acronyohiis
1431 1354 1505 1421 solis
1595 1374 1601 1383 ·

140 1460 204 1504 non
219 1443 361 1507 consulto
375 1444 518 1527 epieyelo,
542 1451 653 1524 putans
676 1464 711 1505 se
733 1444 763 1505 in
785 1443 843 1505 boc
865 1443 1072 1505 Ptolemaeum
1095 1442 1253 1523 corrigere,
1278 1450 1315 1504 et·
1332 1451 1505 1525 suspectam

143 1532 268 1595 habens
290 1533 358 1614 ejus
380 1533 558 1596 relationem
577 1531 643 1595 iina
656 1530 973 1595 'demonstrationibus
996 1530 1248 1594 observationum.
1321 1586 1325 1595 .

233 1622 317 1685 Puto
338 1630 371 1685 ta
393 1623 423 1684 in
447 1622 546 1691 altera
568 1623 792 1702 assignatarum
814 1641 972 1685 causarum
994 1638 1148 1702 peccasse,
1174 1622 1242 1683 dnm
1260 1618 1392 1683 exstruis
1407 1621 1502 1683 serni-

141 1710 332 1775 diametrum
355 1712 445 1774 annm
477 1712 569 1775 orbis.
615 1712 746 1774 Accedit
776 1719 879 1773 tamen
906 1718 945 1773 at
976 1711 1052 1772 haec
1079 1718 1173 1776 certa.
1194 1711 1304 1774 erroris
1336 1727 1445 1772 causa:
1473 1709 1504 1772 si
1530 1772 1536 1783 ‚

140 1792 251 1864 Marta
275 1801 307 1865 in
331 1790 417 1865 carth
436 1795 504 1865 loco
528 1801 687 1875 ecoentrici
702 1788 904 1877 ·(existente)‚
928 1808 1002 1881 puta
1024 1800 1054 1861 in
1074 1801 1154 1881 long.
1171 1800 1286 1875 medias
1305 1799 1352 1861 bis
1374 1796 1504 1861 exsuuis

140 1888 251 1952 orbem
273 1910 418 1965 annuum,
453 1888 525 1955 Sola
557 1894 616 1952 non
648 1891 678 1952 in
711 1890 818 1952 eodem
848 1889 894 1957 sni
920 1889 1000 1951 orbis
1025 1890 1090 1951 loco
1113 1898 1270 1963 versante,
1296 1884 1431 1951 invenies
1455 1888 1503 1951 hle

140 1998 265 2063 quoqne
280 1981 373 2043 aliam
396 1987 487 2063 atque
511 1979 601 2043 aliam
625 1979 890 2057 semidiametrnm
914 1979 984 2059 quia
1007 1996 1039 2040 re
1061 1996 1135 2039 vera
1157 1976 1308 2061 apicyclns
1323 1976 1437 2041 Martis·
1455 1978 1527 2040 est'
1594 2046 1601 2064 ι

140 2069 345 2146 ecoentricus,
367 2070 399 2134 h.
423 2088 450 2133 e.
475 2065 549 2132 nihil
572 2068 653 2133 alind
677 2074 765 2149 quatu
786 2067 851 2149 ipsa
869 2066 952 2130 Solis
976 2066 1057 2130 orbis
1081 2086 1147 2131 curn
1165 2066 1328 2143 'dimidiata
1352 2066 1502 2129 accentu·

139 2156 252 2223 citata.
305 2158 473 2241 Propterea
504 2176 561 2239 ago
593 2176 632 2220 ex
663 2158 759 2220 tribus
792 2156 964 2237 hujusmodi
996 2156 1123 2219 diversis
1156 2156 1387 2219 semidiametris
1419 2154 1501 2219 orbis

141 2249 240 2311 annui
275 2268 387 2331 quaero
419 2248 676 2311 oecenuicitatem
705 2247 775 2326 ejus
796 2253 828 2308 et
851 2251 1092 2327 apogaeum,'et
1114 2246 1232 2308 invenio
1256 2244 1312 2308 hoc
1335 2244 1414 2307 idern
1437 2248 1521 2327 surh,
1573 2252 1577 2263 '

140 2336 298 2409 Terrena,
330 2328 417 2401 illam
446 2337 633 2400 dimidiatam
665 2334 757 2401 Sulis.
804 2333 894 2407 Quod
927 2342 959 2397 tn
990 2336 1020 2397 in
1052 2335 1203 2414 triangulo
1227 2335 1402 2417 rectangdlo
1420 2334 1539 2406 iuter,
1577 2327 1581 2337 ’

141 2435 269 2505 centra,
303 2428 389 2507 cnjus
417 2427 497 2490 alter
520 2427 648 2509 angulus
671 2424 819 2495 distantia
841 2441 1060 2505 apogaeorum,
1083 2423 1200 2487 iuvenis
1222 2424 1351 2489 vicinum
1375 2423 1503 2503 aliquem

138 2535 303 2581 numerum
323 2535 391 2579 meo
413 2531 545 2590 numero,
567 2515 598 2577 id
612 2511 951 2595 planeacoidentariurn
968 2521 1016 2575 eat
1029 2532 1084 2576 nec
1099 2513 1258 2595 quidquam
1273 2520 1383 2577 movet.
1415 2512 1525 2598 llam
1573 2564 1577 2573 .

140 2606 170 2669 si
194 2606 414 2670 divellerentur
435 2619 571 2687 apogaea
593 2605 722 2683 longina,
752 2602 921 2668 variaretur
943 2603 991 2664 hic
1012 2611 1081 2665 tuus
1094 2622 1245 2677 numerus,
1269 2611 1409 2679 maneute
1433 2618 1499 2665 mec

139 2714 183 2759 ex
205 2695 397 2781 acronyohiis
420 2696 558 2772 deducto,
584 2694 662 2776 quod
686 2693 804 2775 quidem
827 2692 892 2774 ipse
915 2692 1056 2755 olleoistir
1094 2692 1189 2755 Miror
1209 2700 1310 2755 tamen
1324 2688 1499 2776 propinqui·

139 2795 244 2850 tatem
266 2791 360 2871 (titt,
379 2789 471 2862 0⁶⁰⁰),
495 2786 550 2847 sed
573 2783 636 2847 acio
659 2785 873 2846 connexionem
896 2782 1008 2844 nullam
1027 2797 1109 2845 'essa
1156 2783 1319 2863 Triangnlo
1349 2783 1405 2844 hoc
1429 2799 1499 2844 usus
1588 2855 1594 2862 ‚

140 2894 202 2958 ego
237 2897 305 2939 sum
336 2877 366 2938 in
397 2875 546 2958 Mysterio
585 2867 708 2954 ejusque
743 2872 859 2935 tabella
890 2872 1003 2953 majore
1036 2873 1146 2954 aliqua.
1192 2872 1243 2948 Ab
1275 2871 1380 2953 eodem
1408 2871 1500 2936 etiam

138 2965 247 3049 incepi
270 2985 349 3028 anno
375 2962 460 3048 1600
480 2963 611 3026 Martios
634 2962 872 3035 meoslabores,
896 2969 931 3023 ut
952 2961 1069 3023 videbis
1091 2959 1121 3024 in
1147 2959 1387 3025 Commentariis.

236 3055 370 3119 Dabitur
392 3072 484 3137 opera
506 3051 627 3132 Fabrici
647 3053 768 3132 jamque
791 3069 859 3115 curn
884 3050 1024 3132 Tyehone
1048 3060 1227 3114 conventum
1250 3059 1316 3125 est,
1340 3057 1374 3112 ut
1396 3045 1499 3114 omhes

141 3145 425 3208 demonstrationes
446 3145 478 3205 in
500 3143 597 3205 tribus
618 3140 830 3223 hypothesium
853 3139 956 3202 formis
980 3141 1187 3220 expediantur.
1212 3145 1246 3210 (v.
1265 3163 1286 3198 ι.
1304 3162 1328 3213 p.
1358 3144 1414 3211 85.)

236 3232 353 3297 Censes
377 3231 575 3316 acronyohion
597 3229 779 3314 hypothesin
804 3228 888 3310 prius
912 3237 1018 3290 exacte
1040 3229 1290 3303 constituendam,
1314 3237 1379 3290 tam
1400 3227 1499 3311 quoad

138 3324 214 3386 loca
237 3323 433 3405 longitudinis
457 3340 546 3404 qnam
569 3321 667 3402 quoad
690 3318 853 3381 distantias
860 3336 871 3392 ;
895 3317 962 3379 inde
984 3317 1236 3398 progrediendum
1261 3317 1299 3378 ad
1323 3318 1415 3379 varia
1431 3318 1522 3379 loca.

140 3412 229 3476 orbis
253 3411 343 3475 annui
367 3431 461 3494 eaque
478 3409 675 3491 inquirenda3
699 3414 731 3469 et
753 3407 874 3488 quaeris
897 3407 968 3488 quid
991 3409 1028 3470 de
1052 3408 1108 3468 hac
1127 3415 1181 3473 tua
1196 3406 1336 3470 methodo
1351 3404 1523 3468 sentiani*

236 3497 366 3566 Omnino
389 3502 429 3564 ab
452 3498 639 3581 acronyohiis
662 3496 863 3581 incipiendum
884 3496 1187 3582 obsimplicitatem,
1211 3495 1281 3577 quia
1303 3496 1370 3559 loca
1393 3495 1498 3559 statim

141 3611 184 3655 ex
207 3591 421 3654 observatione
444 3597 560 3671 patent.
606 3587 689 3668 Ergo
718 3586 898 3649 invenienda
929 3585 1105 3670 hypothesis
1139 3603 1176 3648 ex
1207 3587 1262 3661 iis,
1295 3603 1371 3666 quac
1400 3585 1501 3649 locum

141 3682 350 3744 ecoentricum
371 3687 519 3743 monstret
543 3677 582 3740 ad
605 3677 799 3758 quodcunque
822 3684 958 3756 ternpus,
988 3677 1090 3738 etiam
1104 3693 1169 3752 cum
1194 3695 1252 3738 nou
1275 3683 1324 3737 est
1345 3674 1387 3737 ibi
1410 3693 1500 3738 acro-

140 3771 258 3854 nychia
281 3767 440 3852 oppositio.
486 3767 533 3829 De
565 3765 718 3829 distantiis
750 3785 821 3829 vcro
853 3765 1053 3847 acronyohiis.
1069 3785 1126 3827 non
1161 3764 1311 3827 reddimur
1340 3765 1499 3830 admodum

141 3859 233 3939 certi,
246 3858 307 3922 nisi
320 3857 456 3922 nonmhil
469 3876 508 3920 ex
521 3847 740 3930 latitudinibus,
754 3856 805 3918 nbi
818 3863 921 3917 tamen
936 3861 1216 3936 praesupponuntur
1229 3855 1334 3916 multa.
1369 3851 1500 3936 Oportet

142 3967 221 4031 ergo
244 3948 407 4012 distantias
428 3947 535 4010 venari
557 3962 595 4007 ex
616 3943 831 4026 parallaxibus.
868 3945 914 4006 At
928 3943 954 4004 si
974 3943 1150 4024 simpliciter
1165 3943 1312 4024 procedas
1333 3961 1389 4025 per
1410 3963 1499 4006 uuam

140 4037 318 4120 parallaxin
342 4046 374 4100 et
396 4039 494 4100 locum
517 4035 728 4109 ecoentricnm,
760 4034 819 4096 duo
847 4033 1089 4114 praesupponisz'
1119 4032 1153 4108 l)
1176 4033 1273 4096 loeurn
1295 4033 1499 4115 hypotheseos

141 4130 250 4191 valera
273 4127 364 4191 etiam
387 4145 454 4190 cnm
475 4145 535 4188 non
558 4125 599 4187 sit
622 4122 770 4204 oppositio
793 4123 987 4205 acronyohia,
1013 4124 1090 4204 quod
1113 4129 1215 4185 tamen
1239 4123 1326 4185 initio
1349 4123 1497 4200 nascitura

144 4213 184 4293 2)
208 4217 428 4298 praesupponis
452 4213 627 4278 distantiam
651 4209 692 4290 Q
716 4219 748 4274 et
771 4214 798 4289 ὃ
821 4231 873 4274 seo
897 4210 1153 4275 semidiametrum
1185 4211 1320 4294 epicycli,
1344 4214 1498 4293 planetam
1519 4287 1521 4295 y

142 4305 297 4384 vehentis,
320 4313 556 4388 perpetuc‘sssc
570 4302 707 4378 eandem,
729 4301 941 4382 quodfalsum
965 4309 1021 4365 est.
1059 4302 1166 4383 Itaque
1182 4319 1238 4382 ogo
1253 4301 1349 4382 primo
1368 4303 1498 4366 omnium

145 4414 184 4458 ex
207 4395 297 4459 trinis
316 4394 525 4487 paralJaxibus
548 4399 575 4464 d
597 4391 702 4454 eodem
725 4390 885 4454 ecoentrici
907 4391 975 4454 loco
997 4409 1107 4472 quaero
1137 4390 1394 4456 eccentricitatom
1417 4389 1497 4456 orbis

144 4485 253 4560 annui,
286 4494 357 4548 tunc
379 4493 488 4566 postea
508 4499 631 4565 possum
655 4479 795 4543 adhibere
815 4480 917 4560 justas
940 4480 1113 4556 distantias,
1142 4477 1168 4542 si
1192 4497 1266 4560 opus
1290 4489 1381 4544 esset.
1427 4481 1497 4544 Non

145 4573 278 4658 amplius
300 4592 372 4636 vero
401 4591 476 4654 opus
505 4579 564 4636 est.
609 4569 725 4633 Eadem
757 4569 835 4632 eninr
867 4587 960 4649 opera
982 4569 1068 4632 elicio
1101 4575 1133 4630 st
1163 4567 1386 4651 proportionem
1415 4569 1497 4632 orbis

143 4665 237 4729 annui
261 4663 301 4728 ad
322 4663 409 4727 illam
432 4661 609 4726 distantiam
631 4668 658 4731 <5
680 4668 712 4722 st
734 4657 792 4737 Q:
822 4659 928 4742 quodsi
958 4666 1096 4740 quartam
1122 4665 1155 4721 et
1185 4659 1319 4740 quintam
1342 4666 1375 4722 at
1395 4659 1496 4742 plures

144 4753 511 4836 adseucanparallaxee
534 4749 574 4814 ad
596 4749 722 4813 eundem
745 4749 905 4812 eccentrici
928 4749 1039 4817 locum,
1072 4755 1159 4816 tanto
1187 4747 1284 4829 magis
1313 4747 1518 4826 lio'csrtior„

146 4844 275 4908 eundem
297 4841 458 4907 eceenhici
471 4843 579 4905 locum
601 4847 635 4902 et
655 4838 780 4903 eandem
803 4836 1067 4919 ejus'distantiam
1089 4857 1109 4899 a
1132 4835 1171 4916 Q
1196 4838 1307 4908 valera,
1331 4837 1496 4918 ubicunque

146 4931 203 4998 Sol
225 4933 278 5008 ait,
300 4931 400 4996 etsie
421 4949 458 4996 ac
477 4929 545 5013 ipso
563 4937 647 4994 stare
661 4927 859 4992 ecanrncnn
873 4933 910 5004 ὁ,
933 4946 989 4990 nec
1010 4927 1103 4990 ullam
1126 4925 1226 4994 subire
1247 4923 1496 5010 inaequalitatem
