3517 5525
649 413 712 466 Paro
731 408 835 478 ousae
872 406 953 480 Caput
970 409 998 462 1..
1391 477 1395 481 ,
1435 389 1499 466 365

155 589 250 672 phora
273 589 402 670 coepit
392 591 464 654 meti
465 590 519 666 tui,
542 598 678 656 currente
702 599 770 656 rota
791 611 843 656 cur
861 611 969 655 urceus
984 590 1070 653 exit?
1110 589 1177 651 Hoc
1194 585 1272 648 enim
1287 583 1498 668 quaerebatur,

156 701 195 742 au
219 698 321 742 omnes
345 679 468 742 distant'
447 688 526 756 t,rae
560 699 634 762 qnae
658 683 777 744 suntin
810 682 954 762 gradibus
985 679 1160 764 aequalibus
1182 676 1255 751 ΕΙ),
1289 674 1443 754 conjectae
1465 671 1498 733 in

155 787 300 830 summam
324 769 516 832 ostenderent
546 773 726 834 anomaliam
755 771 884 833 mediam
905 767 972 834 DC.
1016 769 1061 830 At
1084 767 1219 850 operatio
1248 763 1403 846 respondit
1423 760 1498 823 mihi

156 859 194 919 de
217 859 276 920 ND
300 864 332 920 et
353 858 503 920 anomalia
523 857 590 922 DO.
809 865 819 883 ·

114 1001 118 1006 .
243 945 380 1028 Denique
411 948 448 1008 ad
480 949 598 1010 modum
628 956 744 1012 sextum
762 946 795 1022 *)
826 959 857 1009 et
888 945 1126 1028 proportionales
1156 949 1377 1013 convertamur,
1422 956 1498 1020 qnae

158 1043 229 1098 sunt
252 1042 342 1116 aptae
367 1035 405 1096 ad
428 1034 713 1100 demonstrationem
736 1056 804 1118 cap.
828 1038 964 1100 XXXII.
995 1034 1115 1098 Etenim
1139 1050 1268 1105 arcuum,
1293 1031 1343 1110 qui
1366 1049 1403 1090 ex
1425 1048 1498 1089 cen-

156 1133 204 1186 tro
229 1121 310 1186 Solis
334 1135 480 1206 apparent
502 1127 654 1206 aequales,
679 1128 863 1209 quantitates
887 1145 977 1188 verae
999 1125 1029 1185 in
1053 1124 1151 1186 orbita
1173 1131 1243 1184 sunt
1265 1120 1294 1180 io
1308 1117 1498 1218 proportione

158 1213 388 1276 distantiarum:
411 1222 446 1275 nt
469 1225 579 1294 quanto
548 1215 659 1278 tAE
683 1215 806 1296 longior,
830 1222 917 1278 tanto
941 1224 972 1276 et
994 1212 1058 1275 ΕΙ)
1105 1211 1155 1273 A:
1180 1227 1249 1272 rere
1279 1206 1477 1292 aequalium
1469 1225 1500 1266 ιιι
1538 1249 1542 1252 -

157 1303 258 1365 orbita
294 1321 413 1364 arcuum
448 1322 548 1366 morae
588 1313 657 1366 sunt
688 1304 826 1368 itidem
818 1325 849 1366 ru
878 1303 1073 1384 proportione
1104 1300 1323 1362 distantiarum.
1364 1294 1500 1368 Quanto

158 1391 248 1453 enim
264 1389 320 1452 ΕΙ)
351 1391 468 1470 longios
499 1393 593 1456 distat
620 1393 658 1454 ab
688 1397 732 1467 A,
770 1402 855 1456 tanto
823 1402 915 1456 tet
938 1391 1048 1454 diutins
1071 1399 1208 1452 versatur
1229 1386 1383 1469 planeta
1375 1405 1406 1446 ιιι
1429 1403 1501 1446 arcu

156 1481 223 1544 ΕΙ)
270 1479 488 1560 Moraergrtur
514 1501 588 1562 quas
611 1483 704 1543 nectit
726 1482 898 1562 planetam
922 1482 982 1543 illis
1004 1480 1140 1553 arcubus,
1164 1477 1214 1560 qui
1236 1496 1274 1538 ex
1296 1482 1397 1536 centro
1417 1472 1500 1538 Selis

158 1578 307 1650 apparent
335 1569 494 1648 aequales,
531 1579 601 1634 suut
631 1571 660 1633 in
685 1571 776 1652 dupla
798 1572 988 1652 proportione
1012 1569 1229 1630 distantiarum.
1275 1566 1320 1628 At
1341 1565 1385 1625 sic
1408 1562 1501 1624 etiam

157 1659 214 1720 AF
237 1659 276 1720 ad
298 1658 358 1720 ΑΗ
381 1659 527 1720 radium'
519 1681 547 1721 m
572 1661 663 1740 dupla
686 1669 733 1722 est
756 1661 947 1741 proportione
978 1659 1072 1739 ipsius
1095 1656 1151 1720 AC
1183 1655 1234 1718 rel
1256 1653 1313 1716 ΑΕ
1337 1649 1499 1713 distantiae

159 1747 198 1810 ad
221 1747 281 1810 ΔΗ
304 1746 489 1812 mediocrem
530 1749 635 1834 Itaque
658 1769 815 1820 morarum,
840 1769 913 1829 quas
934 1748 1029 1810 nectit
1045 1745 1217 1826 planetam
1237 1742 1379 1824 gradibus
1399 1738 1501 1818 anguli

157 1835 246 1899 ΕΑΒ
270 1836 454 1915 aequalibus,
479 1852 635 1901 mensurae
658 1847 727 1900 sunt
750 1839 846 1902 lineae
866 1835 937 1913 AG,
961 1837 1016 1898 AF
1038 1834 1277 1917 proportionales
1296 1836 1501 1910 competentes

159 1924 294 2006 ejusdem
316 1923 403 1986 ΕΑΒ
426 1929 526 2006 anguli
550 1927 717 1990 anomaliae
742 1947 810 1990 vere
834 1934 1017 2036 coaequatae
1040 1925 1182 2004 gradibus
1205 1922 1329 2002 integris
1353 1939 1406 1982 seu
1428 1935 1501 1998 par-

159 2014 240 2104 tibus
263 2013 447 2096 aequalibus

249 2101 416 2165 Probentur
452 2122 522 2182 ergo
554 2103 596 2164 sic
628 2059 865 2185 proportionales
896 2102 1106 2164 distantiarum
1141 2101 1180 2161 ad
1217 2098 1365 2180 aequales
1390 2061 1501 2173 gradus

163 2199 379 2342 coaequataeU
383 2194 565 2266 anomaliae,
594 2200 627 2254 nt
655 2212 745 2274 snpra
772 2193 828 2256 hoc
852 2191 950 2270 capite
973 2192 1121 2270 probatae
1145 2196 1214 2251 suut
1237 2188 1314 2250 aliae
1337 2185 1429 2246 etiam
1452 2182 1501 2243 di-

161 2281 305 2344 stantiae.
351 2279 487 2362 thuia
509 2240 693 2358 35’692048,
723 2301 838 2344 summa
869 2282 1078 2344 distantiamm
1101 2278 1228 2339 omnium
1253 2273 1318 2340 360
1340 2275 1377 2334 ad
1401 2290 1502 2333 omnes

162 2365 226 2433 360
248 2377 353 2450 partes
376 2372 477 2452 anguli
502 2371 540 2432 ad
564 2370 665 2434 Solem
688 2373 839 2454 aequales,
864 2372 947 2431 valet
965 2388 1078 2431 moram
1092 2364 1183 2438 360⁰,
1207 2367 1275 2447 quid
1292 2366 1504 2426 valetsnmma

157 2461 245 2540 justa
267 2465 298 2520 et
321 2468 456 2520 correcta
478 2461 518 2522 ad
541 2461 703 2542 quoslibet
712 2461 822 2542 gradus
846 2460 1013 2522 anomaliae
1036 2456 1249 2540 coaequatae?

648 2620 713 2681 Hoc
735 2629 825 2699 pacto
850 2619 1017 2681 invenitor:

182 2729 217 2783 ad
244 2726 394 2781 anomaliae
470 2727 575 2781 mediae
596 2745 662 2783 auo-
742 2745 809 2801 quas
829 2729 936 2783 vicaria
1009 2727 1175 2785 Differentiae

212 2815 380 2881 coaequatae
512 2808 613 2861 malias
790 2810 883 2879 prodit

275 2882 329 2943 41ο
473 2882 596 2943 48024‘
638 2882 676 2941 3⁰
744 2884 867 2945 48019‘
909 2882 949 2942 2”
1037 2882 1066 2942 5‘
1107 2890 1143 2959 4-

275 2962 311 3023 81
474 2962 521 3024 91.
551 2964 595 3023 30.
618 2964 655 3023 39
745 2962 791 3025 91.
822 2966 866 3025 34.
908 2963 929 3023 8
1037 2963 1090 3038 3¹l,
1111 2996 1152 3008 —-
1241 2970 1502 3024 coincidttcumlllir

159 3094 163 3099 .
277 3042 335 3102 91
456 3040 521 3103 101.
550 3042 656 3103 28.ιο
727 3042 792 3113 ιοι.
823 3044 868 3105 34,
909 3048 929 3103 7
1037 3042 1055 3100 6
1107 3075 1148 3089 .-
1238 3042 1468 3114 ,ιιριιιιιιιιι

258 3120 312 3183 131
456 3120 522 3189 138.
549 3121 597 3191 28.
637 3123 654 3181 5
728 3121 793 3185 138.
822 3124 868 3184 39.
889 3122 928 3181 28
1018 3121 1053 3182 11
1107 3154 1148 3167 --
1231 3119 1238 3137 '

250 3256 397 3337 Arguitur
427 3258 535 3319 iterum
570 3256 778 3320 eccentricitas
800 3258 897 3319 minor
915 3258 1019 3337 justo:
1053 3277 1112 3337 qua
1135 3257 1308 3326 emendata,
1337 3255 1505 3317 differentia
1564 3285 1566 3296 =

164 3365 255 3427 supra
277 3346 317 3427 ad
339 3341 400 3409 41ο
422 3346 480 3408 erit
503 3346 621 3408 circiter
642 3344 673 3411 8‘
697 3342 748 3425 -{-,
773 3347 851 3409 inira
874 3346 992 3409 circiter
1006 3339 1081 3431 772⁴
1105 3379 1155 3420 —,
1179 3354 1212 3407 ut
1232 3347 1282 3408 hic
1297 3363 1411 3429 qnoque
1426 3344 1504 3422 apud

148 3434 286 3517 ,apsidas
309 3435 433 3513 planeta
455 3452 513 3495 uon
537 3436 614 3499 satis
636 3435 724 3497 velox
747 3436 808 3510 hat,
831 3437 935 3517 itaque
957 3437 1039 3517 plns
1044 3436 1126 3516 justo
1147 3436 1358 3497 distantiarum
1373 3434 1415 3494 sit
1424 3433 1504 3496 circa

163 3523 305 3605 apsidas}
333 3525 429 3585 minus
462 3523 554 3603 igitur
581 3526 665 3603 justo
698 3524 728 3585 in
751 3524 985 3604 longitudinibus
1008 3526 1124 3586 mediis.
1171 3523 1231 3587 Sed
1261 3523 1424 3603 propinque
1447 3522 1503 3582 ad·
1568 3523 1572 3531 '

163 3614 283 3676 modum
307 3613 345 3673 ad
364 3614 472 3675 'verum
496 3614 622 3691 accedit,
647 3621 762 3673 etcum
776 3614 917 3675 methodo
932 3633 997 3694 cap.
1008 3614 1125 3678 XLIX.
1141 3614 1229 3692 plane
1244 3612 1395 3675 coincidit.
1423 3611 1504 3674 Nam

162 3704 188 3765 si
212 3703 287 3763 bene
310 3702 489 3780 perpendas,
511 3702 590 3763 idem
613 3702 660 3763 hic
677 3709 774 3764 actum
791 3702 868 3782 qnod
883 3720 949 3781 cap.
965 3703 1080 3765 XLIX.
1109 3696 1304 3782 lllicpartem‘
1317 3700 1505 3780 aequatioois

163 3791 293 3872 opticam
317 3791 443 3852 seorsim
466 3792 717 3871 computavimus,
749 3799 867 3869 partem
889 3792 1043 3873 physicam
1069 3790 1172 3853 itidem
1198 3792 1344 3854 seorsim:
1368 3789 1504 3851 hisvero

163 3890 318 3961 utramque
343 3886 547 3959 computamus
559 3880 696 3961 junctim.
733 3880 800 3943 Illic
814 3880 938 3943 fictitios
957 3880 1058 3942 radios
1074 3881 1222 3943 virtuosos
1237 3880 1504 3951 introduxeramns,

162 3978 197 4031 ut
228 3986 383 4047 possemus
416 3969 547 4051 epicyclo
579 3988 664 4036 suum
696 3970 787 4051 etiam
815 3987 890 4047 opus
914 3970 1082 4031 adscribere
1106 3969 1272 4033 extricaudi
1295 3986 1363 4030 sese
1386 3987 1424 4029 ex
1445 3966 1506 4030 illis

55 4074 59 4081 ·
163 4058 278 4121 fictitiis
300 4056 394 4121 radiis
417 4057 506 4129 (nulli
530 4057 660 4119 enimin
683 4058 725 4119 rei
749 4056 877 4119 veritate
901 4058 976 4121 radii
1000 4058 1030 4119 in
1047 4066 1135 4120 tauta
1152 4059 1295 4121 tarditate
1315 4056 1505 4131 circumeunt,

162 4148 194 4211 in
227 4165 286 4227 qua
309 4145 423 4207 incedit
445 4154 578 4208 centrum
602 4146 727 4229 epicycli
749 4146 927 4227 planetarii,
958 4154 992 4208 nt
1019 4164 1084 4227 cap.
1108 4146 1256 4227 XXXIX.
1282 4146 1418 4219 dictum).
1464 4146 1507 4209 Et

163 4244 268 4301 tamen
293 4255 410 4297 omnem
434 4236 493 4296 vim
515 4235 671 4318 physicam
695 4234 920 4297 circumferendi
943 4235 1101 4317 planetae,
1124 4237 1202 4315 quod
1224 4237 1362 4297 effectum
1386 4236 1523 4306 attinet..

164 4324 230 4387 Soli
252 4324 441 4407 reliquimus,
466 4332 499 4386 nt
522 4324 672 4407 epicyclns
693 4324 898 4387 tantummodo
913 4325 1117 4405 moderaretur
1135 4325 1314 4387 distantias:
1339 4324 1386 4386 hic
1401 4325 1506 4390 eadem

164 4414 275 4476 virtute
298 4412 380 4477 Solis
412 4432 513 4484 sumus
536 4414 582 4477 nsi
605 4414 644 4475 ad
666 4414 893 4475 translationem
924 4413 1099 4494 physicam3
1129 4414 1289 4476 distantias
1311 4432 1381 4477 vero
1403 4414 1507 4475 itidem

166 4522 204 4565 ex
235 4500 368 4585 epicyclo
397 4502 637 4584 'computavimus
675 4502 796 4585 ejusque
837 4510 941 4582 partes
978 4502 1118 4582 aequales
1157 4504 1339 4583 temporibus
1371 4502 1506 4565 dedimus

166 4592 358 4677 aequalibus,
407 4593 464 4653 hoc
512 4599 560 4655 est
600 4590 764 4653 anomaliae
808 4590 924 4653 mediae
961 4591 1103 4671 gradibus
1139 4593 1327 4673 aequalibus,
1372 4598 1406 4652 nt
1441 4590 1506 4651 vult

168 4732 298 4747 ...ι-β

250 4795 280 4871 *)
301 4797 354 4853 Hic
382 4798 475 4854 modus
502 4804 600 4854 sextus
629 4796 768 4853 levissima
795 4797 963 4854 oomectione
992 4812 1099 4860 eorum,
1126 4813 1197 4868 quae
1227 4794 1503 4869 ophiussam.

164 4878 541 5017 qgthqlpeetccffithoiqqlllsnibori
561 4884 656 4951 potest
675 4878 759 4933 etiam
778 4878 808 4933 in
827 4878 971 4935 verissima
998 4877 1147 4951 hypothesi
1170 4878 1299 4951 physica,
1328 4882 1424 4949 estque
1444 4892 1504 4933 suc·
