3517 5525
1408 176 1418 215 l

632 427 785 494 Argumenta
806 429 928 494 Cupitum.
1390 428 1449 494 163

185 605 257 671 Gap.
278 604 359 657 XIX.
396 602 425 668 1)
448 607 501 657 Etsi
528 606 649 657 heoteuua
675 607 782 657 olfioium
795 608 866 658 -leelt
883 608 1024 674 hypothesis
1042 608 1143 657 inventa
1160 609 1185 658 in
1204 614 1273 659 motu
1290 608 1447 673 longitudinis

101 680 167 729 cirta
186 677 251 728 Solia
268 679 418 744 oppositum,
436 679 626 735 demonstratur,
645 692 702 729 eam
719 684 805 731 umen
822 680 930 729 cilicium
949 696 997 730 nou
1017 682 1099 730 iacere
1116 681 1142 728 in
1156 687 1224 729 motu
1237 679 1375 730 latitudiuis
1385 681 1451 730 circa

101 749 163 799 &ha
186 753 334 815 oppositam·
381 748 408 811 2)
437 750 628 800 Demonstramr
651 756 747 810 antem,
775 766 855 815 neque
878 751 1037 802 Braheenam
1063 752 1169 801 cilicium
1196 752 1237 801 hio
1259 752 1356 807 iacere,
1378 751 1450 815 idque

102 828 235 887 mneos
253 824 280 873 in
297 823 378 872 forma
396 821 573 886 (lopernioana
612 818 640 882 3)
666 822 736 871 Idem
762 824 788 871 in
810 822 889 872 lorma
905 822 1077 887 hypothesium
1095 822 1248 873 PtolemeIca
1266 829 1292 872 et
1309 822 1450 871 Brahesna.

99 889 128 955 4)
151 892 316 951 Ostenditnr,
337 908 442 946 amorem
467 894 535 943 eirca
556 892 700 944 latitudines
722 895 748 943 in
767 908 797 944 ec
815 908 885 951 esse,
912 894 977 958 quod
1001 909 1050 945 non
1068 894 1254 945 moestuosos
1272 894 1450 945 ecoentricitua.

99 962 128 1024 b)
157 965 198 1013 At
225 967 248 1014 si
275 966 399 1015 biseoetnr
425 965 613 1021 eocautrioitna,
650 971 710 1015 tnnc
735 965 884 1028 hypotheses
911 966 1026 1015 aberrare
1055 966 1081 1015 in
1107 965 1266 1031 longitudinis
1293 972 1369 1014 motu.
1414 964 1452 1015 Er

98 1035 190 1100 quibu
215 1050 298 1091 censa
322 1036 427 1102 patefit,
453 1050 519 1101 qnae
545 1051 585 1086 me
611 1036 735 1101 impulerit
760 1042 790 1087 ut
813 1036 916 1087 desertis
934 1038 1055 1091 retentus
1074 1036 1214 1103 diligentins
1233 1036 1361 1101 superbla
1379 1036 1450 1085 rebus

187 1177 264 1243 (Iap-
283 1177 341 1228 XX.
378 1174 407 1240 1)
431 1178 466 1229 lit
483 1179 557 1242 prlori
574 1177 657 1241 eapite
675 1193 718 1241 per
734 1185 828 1230 motam
845 1180 983 1231 latitudinis
1001 1180 1067 1232 circe
1085 1178 1149 1229 Solia
1167 1180 1312 1243 oppositum,
1331 1179 1366 1229 sic
1384 1193 1450 1229 nuno

95 1264 138 1313 pu
165 1255 266 1301 metm
294 1250 455 1315 longitudinis
484 1257 556 1299 extra
584 1249 721 1315 oppositum
748 1249 812 1301 Solis
841 1253 926 1301 erroris
958 1251 1108 1301 mnrinoitnr
1137 1250 1200 1301 haec
1226 1264 1284 1301 urea
1299 1249 1449 1314 hypothesis.

96 1317 124 1380 2)
152 1320 198 1372 Sic
226 1328 253 1371 at
270 1320 414 1384 Braheana,
432 1322 513 1372 medio
532 1319 596 1373 Solle
618 1322 694 1371 motui
716 1322 809 1371 innixa
847 1318 876 1383 3)
902 1322 1085 1371 Demonstratio
1111 1322 1247 1386 applicatur
1264 1322 1340 1372 etiam
1357 1321 1450 1371 formae

94 1398 211 1443 mettum
234 1392 404 1443 Ptolemaiou
430 1401 457 1443 at
477 1392 635 1445 Braheanaa.
679 1389 708 1454 4)
735 1392 834 1458 Digitus
860 1394 996 1445 intenditur
1021 1394 1053 1444 ed
1079 1394 1158 1445 lentes
1177 1408 1284 1443 errorum
1303 1399 1329 1443 et
1347 1393 1379 1443 nd
1397 1407 1449 1441 cor-

95 1464 216 1517 rectionis
242 1464 351 1513 modum.
389 1462 416 1525 b)
438 1464 613 1515 Prothoorema
636 1463 794 1526 interjicitnr,
817 1465 904 1529 qnalm
928 1465 1009 1523 lineae
1027 1466 1053 1515 in
1070 1465 1144 1531 plano
1168 1465 1297 1529 eclipticas
1324 1464 1375 1514 sint
1392 1464 1448 1513 anb-

96 1534 245 1587 atitnendae
272 1534 346 1585 hneis
372 1536 507 1587 dismtiaa
532 1534 649 1599 planetae
676 1534 769 1586 aSole
794 1537 820 1585 iu
845 1536 919 1602 plano
939 1536 1071 1589 oeconomi
1088 1536 1213 1600 planetae,
1232 1536 1331 1601 quando
1348 1536 1450 1599 planeta

95 1606 215 1657 labuerit
234 1607 344 1671 ιΙίοιιιιοι
360 1607 524 1657 latitudinem.

184 1676 267 1742 Gap
286 1677 352 1727 XXI.
390 1676 488 1729 Causae
506 1694 537 1729 aa
555 1680 692 1745 geometria
708 1684 826 1743 petuntur
843 1678 989 1737 officientes,
1008 1686 1037 1730 nt
1053 1680 1119 1730 falsa
1135 1678 1277 1744 hypothesis
1294 1692 1377 1729 verum
1394 1692 1448 1742 pro·

95 1749 154 1802 dat:
174 1756 203 1800 ct
222 1748 369 1807 ostenditur,
388 1757 511 1815 qnatenus
528 1749 553 1799 id
571 1752 624 1800 fieri
641 1752 726 1815 possit.

183 1822 271 1885 Atque
288 1820 329 1871 hie
347 1821 403 1873 linit
421 1822 498 1885 partia
516 1822 651 1880 secundm,
669 1823 696 1871 in
713 1836 763 1887 qua
780 1827 875 1873 veteres
894 1836 948 1873 aum
966 1823 1084 1873 imItatus.

635 1962 812 2027 PARS
857 1964 914 2027 111.

188 2066 269 2131 Gap.
287 2066 366 2121 xxu.
403 2067 463 2119 Mea
479 2069 556 2135 igitur
572 2070 687 2121 methodo
704 2084 771 2130 usna,
795 2075 875 2120 totum
893 2070 1019 2137 negotium
1038 2068 1068 2121 de
1086 2083 1148 2119 οονο
1166 2068 1255 2134 incipio
1272 2084 1322 2119 non
1341 2068 1451 2134 aprima

95 2140 140 2191 sed
167 2140 318 2190 asecnnda
334 2140 523 2204 inaequalitate.
558 2140 592 2190 Et
610 2138 638 2202 1)
657 2141 810 2205 explicantur
826 2144 984 2197 occasiones,
1009 2142 1095 2207 quibua
1113 2141 1240 2193 inciderim
1257 2142 1282 2191 in
1300 2141 1450 2203 sueplcionos

95 2214 127 2263 de
152 2218 283 2275 aequante
302 2211 393 2261 circulo
410 2212 436 2259 iu
454 2212 551 2260 theoria
562 2210 626 2263 Solis
643 2220 773 2278 regnante.
810 2210 839 2274 2)
859 2213 1007 2264 Demonstro
1025 2214 1050 2263 in
1069 2212 1145 2261 tribus
1163 2212 1334 2275 hypothesium
1352 2212 1448 2261 formis:

97 2285 181 2347 posito
202 2290 330 2346 aequante
348 2280 425 2345 (quod
442 2283 501 2331 milri
520 2282 657 2347 placebat),
674 2284 750 2335 rideri
767 2285 851 2334 orbem
868 2300 987 2351 maguum
1002 2277 1211 2343 laeuPtolemaao
1221 2280 1451 2348 epioycloslaugeri

98 2364 125 2404 et
143 2354 241 2410 mium,
266 2353 333 2417 quod
355 2353 468 2403 Braheua
484 2355 622 2404 amonebat.
659 2352 688 2416 3)
706 2356 823 2405 Traditur
838 2356 967 2406 methodus
986 2357 1168 2406 otssmtouos
1185 2356 1288 2405 idoneae
1305 2354 1450 2417 iuqmroudi,

97 2440 128 2475 ar
147 2426 240 2490 quibus
259 2438 372 2489 aequam
388 2426 438 2474 iste
455 2425 578 2489 probetur.
613 2424 644 2488 4)
661 2426 853 2480 Demonstratur
869 2442 908 2477 rea
926 2430 1029 2491 ipsoex
1047 2426 1141 2477 duabus
1159 2426 1256 2477 seleutia
1274 2426 1450 2477 obseruationi-

95 2498 142 2547 bos
170 2503 199 2547 et
218 2497 346 2561 supposita
362 2498 518 2547 restitutione
535 2496 683 2555 Rraheana,
702 2514 766 2563 qnae
783 2500 865 2550 medio
884 2498 947 2549 Solia
964 2498 1040 2547 motui
1058 2499 1176 2547 innititur.
1421 2490 1424 2499 ¹

188 2565 266 2632 Gap.
285 2566 377 2619 xxm.
414 2567 524 2617 Iuventia
553 2571 671 2633 superiori
698 2571 780 2634 capite
803 2571 905 2621 duorum
923 2572 949 2619 in
968 2569 1067 2619 aodirco
1086 2569 1193 2619 locomm
1211 2568 1333 2619 dimautlia
1353 2566 1451 2619 Solita
1510 2614 1513 2619 ,

96 2640 176 2690 Terra
195 2646 224 2689 et
247 2639 367 2701 &iuncto
385 2638 439 2688 loco
457 2642 563 2704 apogaei
582 2640 645 2690 Solle
662 2655 708 2691 sen
726 2641 819 2702 aphelii
837 2642 944 2698 Terrae,
971 2641 1179 2691 demonstratione
1203 2641 1356 2706 geometrica
1371 2640 1450 2703 inqui·

97 2713 158 2762 tear
175 2716 204 2763 α
222 2710 396 2762 etomtrieitas
414 2710 499 2760 circuli
517 2710 581 2760 Solia
598 2708 637 2762 rel
654 2711 761 2771 Terrae,
790 2714 831 2778 qni
849 2714 973 2777 perlectus
991 2714 1194 2778 praesupponitnr
1212 2726 1273 2762 esne.

186 2781 263 2846 Gap.
282 2781 373 2832 xxiv.
403 2781 595 2833 Demonatratnr
612 2784 676 2834 idem
695 2785 759 2849 quod
778 2799 833 2852 cap.
852 2780 931 2834 XXII.
951 2786 994 2836 aed
1017 2779 1225 2834 observationibus
1246 2787 1351 2847 quatuor
1372 2782 1452 2848 magis

96 2855 238 2918 premieme
255 2853 355 2910 oblat'a,
373 2867 437 2919 qnae
454 2860 540 2903 tamen
557 2854 665 2904 Ilartem
682 2857 776 2906 habent
793 2858 820 2905 in
838 2856 926 2907 eodem
944 2855 1075 2907 ecoentrici
1094 2857 1160 2906 loco:
1179 2861 1274 2918 partam
1292 2853 1387 2902 scilicet
1406 2853 1451 2902 nli·

97 2939 171 2990 qaam
201 2924 234 2974 de
253 2924 318 2974 Solis
344 2925 383 2974 val
402 2925 495 2975 Terrae
519 2928 705 2977 aooeutricitate
731 2928 840 2978 dandam
864 2929 982 2991 aequanti
1008 2927 1111 2980 circulo:
1137 2925 1211 2991 idque
1236 2927 1312 2975 etiam
1330 2925 1356 2974 in
1374 2923 1451 2974 tribus

98 2998 182 3046 termis
200 2995 375 3060 hypothesium
391 2997 457 3046 inter
473 3011 502 3046 ae
519 2998 684 3061 comparata:
703 3006 780 3064 atque
797 3000 874 3049 attam
893 2999 1019 3063 supposita
1031 2999 1186 3048 tendentious
1198 2996 1452 3046 Braheauamotuum

99 3067 197 3126 uum,
217 3081 283 3132 qnae
299 3067 381 3116 medio
399 3065 463 3116 Selia
480 3070 557 3118 motui
573 3069 693 3119 innititur.

189 3138 271 3202 Cep.
289 3137 368 3190 XXV.
404 3137 515 3188 Ῑονοιιιιο
543 3141 618 3204 igitur
643 3142 762 3204 superiori
788 3141 871 3204 capite
897 3142 970 3190 timu
989 3146 1015 3190 οι
1032 3141 1105 3190 mum
1122 3141 1148 3188 in
1167 3137 1269 3188 zodiaco
1287 3138 1395 3190 locorum
1414 3134 1449 3185 di-

99 3210 201 3262 etanti'm
221 3208 287 3260 Solis
305 3222 323 3259 e
339 3209 430 3266 Terra,
458 3209 668 3261 demonstratione
686 3213 851 3278 geometrica,
883 3225 946 3276 qnae
969 3211 1028 3261 nihil
1053 3216 1184 3275 praeterea
1207 3211 1323 3272 supponit
1339 3209 1387 3258 nisi
1405 3209 1452 3256 iter

99 3281 214 3346 pulsate
231 3281 361 3338 emmens,
379 3282 508 3344 mquidem
525 3296 574 3332 non
591 3288 690 3333 tantm
708 3283 881 3334 moenoioltae
900 3282 1057 3334 olronlisolis
1075 3280 1113 3330 rol
1131 3281 1223 3332 Terrae
1244 3287 1272 3330 ut
1287 3293 1343 3344 cap.
1361 3277 1451 3328 XXIII.

99 3353 144 3406 aed
170 3353 252 3404 etiam
276 3355 353 3416 ipsius
380 3354 484 3416 epogrei
502 3351 566 3402 Solia
589 3353 627 3402 rel
645 3356 761 3406 mattarii
779 3354 870 3418 aphelii
888 3353 980 3404 Terrae
996 3353 1073 3411 loona,
1092 3352 1158 3402 idem
1176 3353 1240 3411 iere,
1260 3352 1301 3416 qni
1320 3365 1336 3400 a
1353 3349 1451 3400 Braheo

98 3426 284 3477 «reinventus
312 3438 344 3474 ex
364 3423 573 3475 observatoribus
596 3423 661 3475 Solia
690 3427 808 3490 propriis,
845 3437 902 3476 cum
932 3425 974 3476 hic
997 3427 1047 3474 sint
1073 3424 1255 3475 observatores
1282 3421 1451 3472 tantummodo

193 3567 271 3631 Gap.
289 3563 379 3616 xxvi.
411 3565 603 3618 Observationes
619 3567 669 3618 hae
686 3574 792 3634 quatuor
809 3582 866 3632 cap.
885 3567 928 3618 IV.
948 3557 1028 3618 medio
1045 3573 1114 3618 motu
1133 3565 1196 3617 Solis
1215 3566 1248 3616 ad
1265 3579 1363 3624 verum,
1383 3575 1450 3614 are-

100 3640 230 3690 stitntioua
249 3637 385 3688 Breheana
402 3638 436 3688 ad
460 3653 543 3690 meam
568 3641 765 3699 ινοοιιοιιιιιιιινς
788 3647 814 3690 οι
838 3639 961 3706 colligitur
982 3640 1048 3690 idem
1073 3639 1130 3690 inde
1148 3639 1212 3704 qnod
1231 3651 1286 3701 cap.
1305 3633 1381 3686 XXV.
1418 3635 1452 3684 Et

101 3711 248 3776 proponitur
267 3709 444 3760 demonstratio
461 3711 487 3759 in
506 3710 617 3760 omnibus
635 3712 713 3761 tribua
729 3711 902 3776 hypothesium
919 3712 1009 3761 lormia.

189 3777 264 3846 Gap.
282 3778 386 3830 XXVII.
432 3781 567 3832 audaciori
589 3783 665 3832 otiam
688 3783 803 3832 methodo
821 3782 914 3834 nullam
932 3783 1006 3846 plum
1024 3795 1193 3847 praesuppono
1211 3779 1299 3830 Martie
1317 3777 1449 3828 restitutio·

100 3868 170 3914 amn,
203 3860 230 3902 at
250 3853 364 3901 maumas
382 3851 436 3900 aliia
454 3851 543 3903 IImtis
561 3854 784 3916 observationibus,
807 3868 857 3903 uon
881 3855 961 3902 miuus
980 3861 1084 3918 quatum
1102 3854 1137 3902 sio
1156 3850 1303 3915 comparatis
1316 3855 1350 3922 Ιιιι
1367 3863 1449 3912 supra,

100 3927 241 3978 dernonstm
264 3937 314 3972 uon
336 3929 434 3971 tantm
458 3924 670 3974 ecoentrlcitatem
689 3925 752 3975 Solis
776 3940 820 3976 eeu
838 3923 930 3974 Terrae
951 3929 976 3973 et
994 3923 1118 3988 aphelinm
1136 3923 1207 3972 slmul
1226 3929 1254 3972 ut
1270 3920 1405 3977 hactenns,
1425 3926 1451 3969 et

99 3997 282 4062 proportionem
306 3994 402 4043 orbium
427 3994 475 4045 hoo
493 3998 625 4046 eooentrici
642 3995 705 4054 loeo,
735 3996 779 4046 sed
807 3997 883 4046 edam
909 3995 988 4060 ipsum
1005 3995 1094 4046 Martis
1118 3995 1199 4054 locum
1223 3993 1387 4044 eccentricnm
1405 3992 1450 4040 sub

101 4068 160 4127 bris,
179 4068 224 4133 qni
242 4067 310 4132 priua
327 4067 572 4130 praesupponebatnr
589 4081 620 4117 ex
637 4069 792 4118 restitutione
810 4068 931 4132 cognitus.

188 4137 265 4201 cap.
285 4134 400 4186 XXVIII.
437 4137 532 4187 Eadem
555 4137 608 4188 iere
633 4138 848 4190 demonstrationis
874 4137 966 4194 torma,
1002 4137 1045 4187 sed
1071 4141 1182 4186 assumta
1209 4133 1272 4184 Solia
1295 4133 1334 4184 rel
1360 4131 1452 4184 Terrae

101 4211 290 4262 mmntrioitate
309 4212 335 4257 et
352 4206 449 4271 aphelio
467 4211 541 4259 toties
555 4213 609 4272 lam
628 4211 803 4275 comprobatis,
830 4209 953 4272 adjunctis
971 4223 1028 4259 vero
1052 4208 1214 4272 compluribus
1233 4205 1451 4264 observationibus,

100 4290 160 4347 puta
177 4281 221 4331 hio
239 4281 355 4346 quinque,
373 4279 410 4330 aio
429 4283 576 4344 comparatis
594 4283 658 4332 iuter
675 4297 703 4332 se
720 4289 749 4332 ut
765 4282 901 4338 hoctenem
921 4279 1065 4338 ostenditur,
1088 4293 1184 4343 semper
1207 4291 1283 4326 nuum
1302 4283 1327 4328 et
1347 4277 1451 4328 eundem

100 4353 198 4419 prodire
213 4351 295 4402 locum
312 4349 403 4400 Martie
421 4354 598 4411 eoeentrisnm,
623 4355 676 4404 lere
694 4362 722 4403 nt
739 4369 794 4419 cap.
813 4351 918 4402 XXVII.
937 4351 1079 4402 Memineris
1099 4357 1191 4408 autam,
1210 4349 1236 4397 in
1255 4349 1366 4398 omnibns
1378 4362 1449 4413 prae·

102 4424 250 4477 cedentibus
267 4425 345 4489 partia
363 4421 410 4472 III.
430 4424 552 4486 capitibus
569 4427 733 4489 praesupponi
750 4427 816 4475 riam
834 4423 927 4474 Terrae
945 4423 1081 4488 perlectum
1100 4421 1233 4478 circulum,
1252 4426 1281 4470 ut
1298 4427 1337 4470 eat
1355 4420 1450 4487 quidem

101 4498 132 4548 ad
149 4509 261 4547 sensmu.
298 4493 365 4544 Nam
389 4500 488 4557 propter
504 4508 606 4560 parvum
625 4497 836 4548 eceentrlcitatam
855 4493 945 4559 ellipsis
964 4495 1009 4560 ipsi
1027 4508 1113 4559 parum
1131 4492 1229 4543 demere
1247 4497 1338 4556 potest.

188 4565 262 4630 Gap.
280 4565 371 4618 XXIX
409 4565 510 4616 Ponitur
534 4569 686 4618 eecentricus
708 4569 819 4631 perlecto
843 4567 969 4617 circularis
987 4573 1013 4616 et
1032 4565 1203 4617 ecoeutrioltas
1231 4565 1331 4628 cognita
1350 4565 1449 4626 ejusque

102 4641 177 4705 dupla
200 4638 373 4690 ecoentricitaa
396 4638 482 4700 puncti
501 4639 645 4703 aequatorii.
682 4637 752 4689 Tunc
769 4637 918 4704 geometrice
938 4653 967 4688 ex
984 4638 1022 4688 his
1037 4638 1121 4702 positis
1136 4637 1289 4700 inquiruntur
1308 4635 1449 4691 distantiae,

102 4714 177 4778 prium
196 4724 312 4776 apogaea
329 4715 356 4760 et
371 4709 505 4774 perigaen,
528 4710 636 4760 secundo
654 4709 788 4760 distantes
807 4711 832 4759 in
850 4711 975 4760 anomalia
994 4714 1131 4774 coaequata
1149 4705 1204 4766 90⁰,
1224 4709 1296 4756 tertio
1316 4707 1449 4757 metandam

101 4785 217 4850 reliquae.
263 4778 359 4832 Ibidem
386 4779 568 4845 demonstratur
595 4787 622 4830 οι
647 4781 826 4844 compendium,
848 4795 902 4830 una
924 4783 1066 4845 operatione
1091 4785 1196 4845 quatuor
1220 4779 1351 4829 metandae
1368 4777 1447 4840 inqui-

101 4857 179 4906 rendi.
221 4853 334 4919 Amplim
358 4852 539 4903 demonstratur
560 4859 679 4917 punctum
702 4853 799 4914 circuli,
823 4851 889 4916 qnod
915 4853 1096 4904 semidiametro
1121 4852 1205 4902 circuli
1230 4849 1307 4899 distat
1330 4855 1447 4898 acoutro

103 4926 173 4978 debs
209 4927 326 4992 Denique
343 4925 524 4976 demonstramr
540 4931 657 4988 punctum
676 4923 743 4974 allud
759 4923 853 4982 clronli,
872 4925 898 4976 in
916 4940 964 4992 quo
980 4937 1033 4975 uua
1050 4937 1106 4989 pars
1124 4922 1278 4988 montionis
1296 4920 1324 4969 fit
1341 4921 1446 4971 omninm

102 5001 215 5051 maima-
394 4998 400 5008 ¹

1177 5078 1237 5131 11*
