3517 5525
632 373 694 428 rm
711 374 816 438 cuna
861 375 942 444 capa
959 375 1024 431 nur.
1431 379 1496 451 355

157 550 240 632 Ergo
262 552 291 616 si
311 571 367 632 pro
389 559 511 616 secante
532 563 691 634 usurpetur
712 555 815 619 rudius
837 557 868 618 in
883 556 1067 638 longitudine
1082 559 1188 634 media,
1213 561 1340 627 efficitur
1353 561 1394 638 id,
1418 565 1497 646 quod

158 641 287 704 suadent
308 641 544 707 observationes.
589 643 632 706 Et
652 645 685 708 in
715 645 867 709 schemate
895 666 961 728 cap.
984 647 1052 710 XL.
1084 648 1216 714 conclusi
1248 653 1498 732 generaliter„si

142 729 539 812 praesusumens,
563 751 617 813 pro
639 733 702 795 VA
723 753 794 796 vero
817 734 892 811 VR,
916 742 948 797 et
1181 814 1185 825 Ι

156 837 211 898 pro
232 818 291 882 EA
312 819 479 882 substituas
492 819 546 882 ΕΒ
562 830 593 883 et
615 821 658 884 sic
681 823 712 884 in
730 822 875 898 omnibns,
896 825 949 887 fiet
1158 811 1213 878 hg.
1234 809 1293 866 ¹¹⁰·

157 907 237 969 idem
267 908 298 970 in
327 910 403 972 locis
433 910 541 971 ceteris
578 911 756 988 eccentrici‚
793 912 872 992 quod
900 913 950 975 hic

158 996 272 1076 iactum
307 997 338 1060 in
376 997 609 1080 longitudinibus
649 999 765 1064 mediis.
818 1002 862 1064 Et
898 1019 952 1080 per

158 1084 423 1167 aequipollentiam
470 1087 500 1149 iu
545 1087 698 1151 schemate
739 1109 833 1170 parvo
879 1110 946 1173 cap.
1053 1164 1055 1171 Ι

156 1169 310 1240 XXXIX.
342 1194 397 1255 pro
429 1176 517 1239 lineis
540 1183 586 1240 ud
611 1179 662 1240 vel
684 1203 719 1242 αι
746 1186 878 1242 sumetur
899 1202 950 1256 aa,
1054 1184 1056 1191 ⁴

156 1281 212 1344 pro
235 1287 276 1326 aa
297 1266 347 1327 vel
368 1268 411 1328 ul
431 1273 568 1330 sumetur
589 1292 645 1343 αμ.

245 1351 376 1416 Rursum
408 1355 512 1436 itaque
540 1357 638 1419 lector
672 1365 831 1438 percurrat
862 1365 954 1437 capnt
1017 1383 1037 1428 ι

154 1440 310 1506 XXXIX.
349 1443 487 1506 Inveniet
505 1444 558 1518 ibi,
576 1446 642 1525 jam
666 1453 756 1509 antea
775 1465 812 1508 ex
826 1453 952 1508 natura-

155 1529 235 1594 libus
260 1530 360 1594 censis
381 1533 566 1613 disputatum
580 1553 658 1608 esse,
681 1535 761 1615 qnod
776 1536 825 1597 hic
844 1535 952 1597 obser-

155 1619 295 1682 vationes
309 1621 387 1683 ultro
401 1629 562 1698 testantur,
585 1632 818 1687 consentaneum
833 1624 951 1686 scilicet

156 1707 262 1784 videri,
292 1710 447 1790 planetam
469 1712 499 1773 in
530 1712 675 1776 diametro
703 1713 789 1794 quasi
812 1713 948 1796 epic'ycli,

157 1816 232 1878 quae
254 1805 399 1880 perpetuo
423 1801 461 1862 ad
485 1799 588 1864 Solem
612 1803 732 1876 tendat,
755 1802 946 1865 librationem

157 1887 287 1967 aliquam
304 1889 458 1968 perlicere.
486 1890 624 1952 Inveniet
638 1890 739 1966 etiam,
759 1891 834 1953 nihil
847 1891 947 1978 magis

157 1995 222 2038 cum
245 1976 302 2038 bac
326 1977 478 2042 sententia
500 1997 652 2059 pugnasse
674 2000 762 2062 quam
777 1981 843 2056 hoc,
868 1981 947 2062 quod

155 2074 239 2140 tunc,
263 2084 328 2128 cnm
356 2085 538 2130 sumeremm
565 2070 853 2151 repraesentandum
875 2089 947 2148 per-

154 2155 266 2217 fectum
302 2155 461 2232 circulum,
498 2159 598 2220 coacti
639 2177 741 2225 sumus
778 2158 948 2221 librationis

154 2251 258 2326 partas
280 2266 310 2323 ys
331 2253 364 2306 et
385 2239 435 2320 λζ,
458 2264 588 2309 summas
619 2248 687 2311 imis
716 2248 807 2326 (qnae
831 2267 945 2328 aequa·
1023 2283 1030 2292 -

156 2331 236 2395 libus
267 2333 426 2396 eccentrici
457 2336 585 2399 arcubus
615 2337 812 2416 respondent)
844 2337 944 2398 iacere

156 2421 348 2501 inaequales,
371 2431 403 2484 et
425 2423 533 2486 breves
555 2444 704 2494 summas.
727 2426 835 2506 longas
856 2425 944 2487 imas.

153 2510 223 2573 Jam
246 2511 347 2590 igitur,
370 2520 480 2592 negato
503 2513 641 2576 circulari
668 2515 808 2596 planetae
834 2515 945 2578 itinere

156 2608 188 2664 et
209 2600 363 2681 usurpatis
385 2623 437 2676 κα,
453 2626 500 2678 μα
522 2621 577 2684 pro
600 2610 651 2679 da,
666 2627 717 2680 aa,
741 2604 798 2666 boc
820 2612 869 2666 est
891 2621 945 2683 pro

155 2713 202 2762 ια,
224 2691 268 2752 λα
289 2696 324 2752 nt
346 2690 458 2753 dictum
482 2700 546 2769 est,
571 2693 706 2773 sequitur
728 2693 818 2769 ultro,
841 2699 946 2773 partes
1467 2770 1473 2783 Ι

153 2779 322 2843 librationis
354 2780 438 2856 illas,
468 2778 766 2863 praeposuisses
798 2776 951 2863 aequales.
996 2783 1047 2846 Ita
1074 2781 1153 2865 quod
1176 2797 1243 2859 cap.
1265 2768 1419 2874 XXXIX.
1444 2770 1516 2871 diu.

155 2887 209 2932 nos
232 2877 375 2945 torserat,
395 2869 462 2949 jam
486 2872 568 2933 cedit
589 2871 677 2935 nobis
699 2871 730 2933 in
755 2877 963 2951 argumentum
986 2872 1190 2952 deprehensae
1213 2864 1362 2963 veritatis.

239 2958 286 3021 De
300 2978 337 3020 eu
350 2978 432 3034 vero,
456 2961 535 3042 quod
552 2968 656 3041 partes
673 2962 790 3022 mediae
812 2984 860 3036 ιιμ
883 2960 980 3023 adhn'c
996 2967 1067 3023 sunt
1080 2959 1209 3039 majores
1228 2960 1370 3017 extremus
1388 2970 1432 3027 ys,
1448 2942 1500 3023 μζ,

153 3047 268 3110 dicetur
297 3049 434 3127 sequenti
457 3067 523 3128 cap.
545 3047 649 3123 nvn,
677 3049 757 3130 quod
786 3050 828 3111 sit
855 3055 982 3111 naturae
1005 3054 1250 3119 cousentaneum,
1283 3044 1501 3129 contraquam

153 3156 219 3218 cap.
234 3136 387 3201 XXXIX.
403 3137 572 3219 intelligere
586 3146 769 3217 poteramus.
793 3136 855 3199 Sed
870 3146 902 3199 et
917 3138 971 3200 ills
989 3138 1161 3212 difficultas,
1179 3152 1253 3216 quae
1268 3146 1335 3208 cap·
1345 3124 1498 3187 XXXIX·

153 3226 318 3300 oriebatur,
348 3226 374 3288 si
402 3226 542 3289 diametri
564 3226 649 3290 Solis
670 3233 861 3306 augmentum
882 3227 1023 3308 planetae
1046 3245 1099 3305 pro
1124 3226 1208 3303 sIgno
1232 3234 1372 3283 accessus
1395 3220 1427 3275 et
1442 3230 1500 3315 ore·

153 3334 257 3379 cessus
280 3324 450 3394 poneretur,
469 3316 533 3395 jam
555 3315 675 3397 penitus
697 3316 870 3389 evanescit,
902 3324 936 3378 nt
957 3314 1114 3397 apparebit
1137 3312 1235 3392 capite
1257 3303 1358 3371 LVII.
1403 3304 1501 3382 Igrtur

154 3404 191 3467 dc
220 3404 373 3467 anomalia
401 3405 532 3469 eccentri
568 3389 630 3468 90⁶
661 3404 749 3467 facile
778 3405 852 3467 mihi
883 3405 938 3467 fuit
967 3404 1121 3484 praedicto
1149 3402 1238 3465 modo
1267 3390 1500 3475 deprehendere,

152 3512 206 3575 pro
228 3491 287 3555 ΕΑ
310 3492 465 3555 distantia·
486 3494 613 3574 perlecti
642 3494 746 3557 circuli
769 3495 942 3557 sumendam
965 3512 1032 3557 esse
1047 3493 1126 3569 me,
1156 3486 1386 3571 respondentem
1409 3496 1499 3581 cose-

152 3590 260 3663 qnatae
282 3582 376 3645 EAB.
424 3582 514 3655 Quod
536 3602 607 3645 vero
629 3585 717 3647 unius
740 3584 877 3664 exemplo
901 3584 1067 3648 anomaliae
1095 3579 1277 3663 generaliter
1305 3571 1439 3634 0011011181
1454 3566 1498 3671 'de

152 3670 298 3746 omuibus,
319 3670 352 3732 id
376 3691 414 3734 ex
436 3692 496 3735 una
517 3673 648 3735 noudum
670 3673 864 3755 sequebatur,
896 3674 950 3735 sed
977 3693 1051 3755 opus
1084 3678 1149 3735 erat
1175 3667 1288 3733 crebris
1312 3662 1500 3725 observatlo-

151 3759 238 3823 uibus
262 3758 400 3823 stabiliri.

194 3870 206 3885 ¹
239 3847 310 3911 Iam
326 3850 417 3929 igitur
431 3849 589 3930 intelligis,
612 3869 753 3932 quorsum
766 3849 926 3931 praecipue
940 3846 1028 3912 nobis
1043 3848 1155 3913 servire
1167 3847 1329 3928 jubeantur
1340 3840 1502 3905 observata

153 3938 285 4021 capitum
307 3937 359 4000 LI.
383 3940 471 4015 LIII,
495 3939 632 4003 nimirum
655 3940 693 4002 ad
716 3940 922 4003 testimonium
943 3936 992 4001 hic
1015 3938 1181 4001 dicendum.
1419 4019 1450 4035 ..

240 4025 341 4099 Quare
368 4046 424 4109 age
454 4030 494 4091 ad
521 4030 688 4093 anomaliae
717 4036 899 4110 coaequatae
925 4026 989 4089 illis
1017 4027 1165 4110 capitibus
1189 4021 1359 4103 expositus,
1384 4020 1502 4123 scrhcet

152 4118 192 4179 ad
228 4116 357 4199 angulos
395 4114 509 4192 an,
540 4116 637 4182 CAH
663 4126 696 4180 et
722 4127 855 4193 ceteros,
900 4124 1107 4196 computentur
1143 4112 1311 4177 anomaliae
1339 4115 1500 4173 eccentrrcr

153 4204 247 4281 GBG,
271 4204 365 4269 GBH.
409 4207 476 4269 Nec
499 4226 574 4288 opus
596 4216 654 4283 est,
676 4216 710 4269 ut
733 4206 890 4288 scrupulos
909 4206 1101 4282 consecteris,
1125 4212 1178 4267 aut
1200 4209 1317 4265 metuas
1332 4200 1369 4263 ab
1384 4200 1498 4281 imper-

152 4296 282 4358 fectione
314 4295 525 4377 aequationum
560 4298 737 4373 eccentrici‚
770 4315 845 4378 quae
877 4302 996 4358 restant
1026 4296 1124 4359 adhue
1152 4311 1217 4373 cap.
1245 4290 1333 4353 XIX.
1376 4287 1499 4353 XXIX.

151 4384 267 4451 XLIII.
284 4384 489 4449 XLVII—L.
520 4386 613 4449 Utere
630 4404 803 4468 quacunque
822 4406 860 4448 ex
873 4385 922 4447 his
935 4385 1094 4460 methodis,
1114 4380 1292 4466 praesertim
1306 4398 1372 4462 cap.
1382 4369 1500 4454 XLIII,

152 4493 211 4538 non
232 4472 349 4542 errabis
371 4474 403 4537 in
425 4474 654 4557 aequationibus
676 4476 758 4538 ultra
785 4473 827 4540 8⁴.
881 4474 1064 4539 Constitutis
1094 4471 1214 4555 augulis
1244 4468 1360 4553 inquire
1393 4467 1498 4544 lineas,

151 4562 211 4626 HR
224 4564 457 4645 respondentem
479 4564 590 4645 angulo
612 4572 796 4646 coaequatae
809 4564 908 4640 HAG,
932 4570 964 4627 et
976 4563 1039 4627 RV
1060 4562 1291 4645 respondentem
1315 4562 1498 4638 coaequatae

151 4652 239 4719 VAG
271 4660 304 4715 et
335 4654 379 4717 sic
408 4660 541 4717 ceteras:
570 4661 601 4716 et
627 4656 758 4718 transfer
787 4654 859 4719 illas
886 4654 917 4717 in
946 4652 1161 4718 dimensionem
1185 4648 1302 4714 orbium
1324 4666 1388 4727 cap.
1412 4644 1496 4721 LIV,

152 4740 305 4817 invenies,
322 4750 357 4805 ut
377 4742 513 4827 sequitur
534 4743 567 4807 iu
589 4742 702 4811 tabula.

204 4848 294 4903 raras
307 4849 385 4900 m
405 4852 442 4904 m
1180 4914 1181 4921 ἵ
1255 4840 1289 4897 2⁵
