3517 5525
588 424 770 508 amoma
807 439 889 512 ιιι
906 444 994 500 ιιι.
1398 444 1462 512 ιιι

118 628 186 706 αι.
209 620 308 684 LXII.
349 621 544 701 ltaqde‘cnm
561 614 686 704 planum
705 608 754 696 sit,
780 625 859 702 qnod
883 623 1019 686 circumit
1006 631 1054 691 ιιι
1077 623 1115 684 ab
1138 621 1237 685 orbita
1255 623 1374 698 Martis,
1399 625 1465 705 ejus

117 709 252 775 inclinat‘
230 718 273 772 ιιι
297 711 472 790 adplenum
496 712 653 815 eclipticae
676 714 822 790 regularis
846 713 913 775 erit.
949 711 1080 792 Scriptis
1104 710 1183 774 enim
1207 713 1322 776 duobus
1345 713 1464 776 circulis

119 800 319 891 aequalibus,
330 802 425 875 almo
438 801 527 865 DC
519 821 549 861 m
563 803 654 884 plano
675 803 841 905 eollpticae,
866 804 962 866 altero
977 802 1055 865 FE'
1047 817 1079 863 m
1096 803 1186 880 plano
1210 801 1326 863 orbitae
1342 803 1463 877 Martis,

118 909 158 951 ex
180 877 326 955 communi
358 896 460 951 centro
483 892 512 952 A
536 889 635 965 Solis,
667 893 724 954 hoc
755 901 804 954 est
828 891 858 952 in
890 886 949 956 una
979 900 1010 952 et
1024 893 1144 953 eadam
1177 891 1307 970 sphaera
1339 893 1464 954 fixarum

101 979 185 1041 ·Soli
216 979 423 1052 concentrica,
456 980 514 1040 erit
541 988 576 1042 ut
605 981 687 1042 sinus
716 982 773 1044 BD
802 1000 890 1042 arcus
924 981 1003 1044 irrtel
1032 976 1194 1042 sectionem
1227 980 1403 1042 circulorum
1433 989 1466 1044 et

113 1055 273 1149 quodlibet
294 1072 437 1147 punctum'
459 1068 567 1133 circuli
584 1070 698 1146 Martii,
720 1077 776 1150 put
777 1092 796 1131 a
817 1052 870 1145 D,
885 1070 925 1130 ad
948 1060 1045 1133 sinum
1069 1077 1175 1142 totum,
1200 1068 1244 1130 sic
1268 1069 1350 1131 sinus
1374 1070 1464 1132 incli-

117 1155 250 1239 nationis
269 1155 329 1221 DF
348 1155 451 1241 puncti
474 1159 500 1219 F
522 1158 560 1220 ad
583 1159 678 1220 sinum
702 1157 765 1232 ΟΕ,
791 1159 994 1221 inclinationis
1017 1159 1165 1238 maximae
1188 1157 1216 1230 E
1238 1157 1354 1240 limitis.
1401 1157 1462 1221 Οι-

108 1245 216 1308 'dinari
248 1260 320 1313 vero
353 1248 458 1307 eadem
487 1265 628 1308 mensura
661 1249 877 1310 declinationes
911 1248 1040 1310 omnium
1055 1248 1211 1310 ¹circuitus
1240 1255 1418 1326 punctorum
1446 1269 1465 1310 a

109 1336 209 1414 ¹plano
242 1335 415 1415 eclipticae,
446 1353 538 1414 supra
567 1356 631 1417 cap.
656 1337 743 1400 Xlll.
776 1338 936 1418 probatum
959 1345 1008 1398 est
1037 1337 1279 1417 observationum
1309 1336 1465 1416 ingeniosa

88 1434 94 1447 ·
116 1423 307 1486 tractatione.
354 1427 460 1510 Itaque
483 1427 565 1486 nulla
587 1435 690 1505 potest
712 1425 811 1487 afferri
834 1428 982 1488 instantia
1005 1433 1126 1488 nostrae
1148 1423 1318 1508 hypothesi.

206 1514 300 1574 Porro
332 1513 408 1576 duae
441 1513 632 1594 quaestiones
665 1515 803 1576 difficiles
832 1516 1037 1595 expediendae
1068 1523 1150 1576 sunt.
1195 1514 1307 1577 Altera
1328 1515 1365 1575 de
1388 1534 1463 1576 cou-

86 1666 91 1677 ,
119 1601 232 1666 ditione
255 1602 342 1681 bajus
365 1600 574 1664 declinationis
595 1605 673 1679 aris,
698 1606 797 1669 altera
820 1605 856 1666 de
881 1624 937 1669 axe
960 1605 1037 1684 ipso.
1084 1602 1247 1674 Quaeritur
1262 1603 1348 1676 enim,
1372 1612 1463 1666 natu-

119 1693 192 1754 ralis
217 1692 256 1752 sit
280 1692 353 1754 baec
376 1693 442 1754 axis
458 1693 610 1754 inclinatio
626 1713 664 1754 an
682 1693 852 1770 rationalis,
876 1701 1003 1757 n'atorae
1018 1711 1180 1772 corporeae
1192 1712 1267 1798 opus
1285 1711 1322 1752 an
1338 1695 1461 1772 angeli?

74 1796 89 1821 r
118 1779 283 1852 Quaeritur
306 1782 445 1855 secondo,
472 1802 508 1842 an
524 1783 604 1844 idem
620 1801 741 1845 numero
757 1781 879 1844 sitaxis
895 1782 1095 1846 inclinationis
1119 1800 1184 1843 cnm
1206 1775 1262 1843 aive
1281 1783 1460 1862 magnetica,
1560 1826 1562 1832 -

119 1866 201 1936 Solis
225 1869 416 1950 appetente?
445 1879 476 1930 et
499 1872 525 1931 si
545 1872 664 1946 diversi,
690 1870 863 1965 quomodo
853 1891 888 1937 ιιι
902 1873 1007 1934 eodem
1022 1891 1144 1952 corpore
1159 1872 1300 1951 planetae
1315 1872 1464 2022 globoso‘l

117 1958 237 2085 Estque
259 1960 357 2021 altera
381 1959 468 2022 alteri
491 1959 621 2038 implexa
644 1963 791 2042 quaestio.

106 2078 110 2087 ·
206 2047 384 2110 Naturalem
406 2067 484 2128 pene
512 2050 717 2121 credidissem,
740 2050 778 2112 ob
808 2049 1033 2112 similitudinem
1062 2049 1128 2129 ejus
1157 2049 1294 2122 virtutis,
1334 2052 1461 2129 quaein

117 2144 259 2217 magnete
278 2139 425 2200 naturalis
443 2139 500 2200 et
491 2157 558 2218 rpsa
573 2148 642 2200 est:
668 2140 725 2202 nisi
745 2139 927 2202 accessisset
943 2148 974 2200 et
990 2139 1190 2246 transpositio
1199 2141 1344 2200 nodorum
1354 2157 1460 2200 succa

116 2229 227 2303 danea,
251 2247 326 2307 quae
350 2228 470 2290 omniuo
494 2228 611 2289 videtur
635 2248 708 2308 opus
731 2249 798 2290 esse
823 2225 959 2302 rationis,
984 2229 1018 2288 si
1033 2247 1091 2289 non
1116 2222 1308 2299 discurrentis
1332 2223 1462 2290 atcerte

119 2317 294 2383 instinctas
338 2316 419 2380 Nam
441 2317 693 2397 aequidistantem
716 2319 804 2381 situm
829 2335 949 2380 manere
972 2317 1070 2381 minus
1094 2325 1143 2378 est
1164 2317 1271 2379 mirum
1295 2324 1325 2378 et
1338 2317 1462 2398 propius

71 2455 86 2487 .‚
117 2414 261 2478 naturae,
290 2425 378 2484 quam
401 2405 484 2485 prius
506 2407 536 2466 in
561 2408 682 2485 negotio
705 2407 950 2470 ecoentricitatis
997 2405 1063 2468 Illic
1086 2406 1164 2468 enim
1188 2407 1226 2468 ab
1250 2425 1306 2468 axe
1329 2406 1462 2468 virtuoso

121 2495 223 2558 Solem
252 2495 315 2575 peti
346 2495 494 2569 diximus,
526 2495 576 2558 hic
607 2497 704 2558 locum
737 2497 791 2558 sub
815 2495 882 2557 lixis
904 2493 1079 2575 longissime
1103 2483 1296 2558 distantibus.
1342 2495 1409 2558 Illic
1432 2496 1463 2558 vi

51 2622 55 2631 ·
85 2663 89 2671 ι
120 2585 209 2663 hujus
231 2592 354 2662 magne
355 2603 419 2645 rcae
443 2585 503 2645 virt
504 2585 565 2646 utis
588 2584 668 2658 ιιὶι,
694 2586 869 2648 circumlato
893 2603 1024 2666 cor,pore
1050 2586 1266 2646 convertendus
1286 2583 1462 2647 fuissetnec

122 2674 212 2736 sibi
205 2674 261 2753 rpsi
286 2691 443 2734 mansurus
467 2673 683 2752 aequidistans,
708 2675 767 2736 nisi
789 2674 970 2736 retineretur
993 2691 1011 2734 a
1034 2693 1064 2733 vr
1056 2673 1253 2736 directionis
1271 2671 1387 2736 fortiori
1410 2683 1463 2738 aut

120 2758 144 2831 ι’
159 2764 193 2825 vi
214 2762 352 2839 animali,
377 2782 431 2826 seu
453 2762 534 2826 nuda
555 2782 610 2827 seu
631 2765 758 2827 rationis
781 2766 1043 2845 quomodocunque
1067 2764 1187 2842 capaci;
1214 2762 1264 2827 bio
1287 2762 1317 2825 vi
1340 2756 1461 2827 nostrae

82 2897 86 2908 .
112 2854 242 2916 virtutis
265 2853 443 2915 directoriae
463 2853 568 2931 ipsius,
591 2854 674 2915 nulla
696 2853 880 2916 necessitate
902 2853 1023 2914 virtutis
1047 2850 1184 2916 annualis
1203 2860 1255 2915 aut
1277 2852 1461 2917 ratiocinan-

122 2945 173 3015 tis,
201 2941 335 3021 sequitur
358 2943 420 3003 ista
443 2942 679 3021 aequidistantia
702 2944 778 3005 axis.
810 2942 878 3005 Nisi
902 2940 978 3003 forte
1002 2942 1068 3021 quis
1092 2949 1124 3003 et
1145 2941 1202 3002 boa
1224 2941 1316 3006 menti
1339 2942 1460 3017 tribuet,

100 3033 197 3111 quod
239 3031 388 3093 diameter
434 3031 498 3092 ista
534 3032 709 3095 latitudines
752 3032 901 3105 efficiens,
951 3032 1075 3110 planeta
1107 3030 1159 3091 iu·
1182 3030 1327 3092 limitibus
1365 3032 1460 3093 collo-

71 3145 76 3156 ·
116 3125 202 3193 cato,
237 3122 349 3182 directe
380 3118 411 3181 in
434 3128 568 3181 centrum
591 3118 673 3183 Solis
696 3121 811 3194 tendit,
836 3127 926 3199 atque
949 3120 1006 3180 hoo
1028 3121 1118 3200 pacto
1142 3135 1179 3180 ex
1202 3118 1299 3181 orbita
1320 3119 1461 3202 plabetae

92 3211 244 3273 ›circulus
266 3228 394 3289 magnus
418 3208 509 3271 elficit
497 3216 554 3283 t,ur
579 3218 611 3271 et
632 3208 734 3270 nodi
726 3230 754 3269 ιι
779 3209 848 3270 loca
870 3206 995 3271 exSole
1020 3208 1161 3289 opposita
1178 3204 1367 3285 rediguntur:
1395 3207 1462 3278 Quo

115 3306 292 3380 argomento
325 3317 417 3377 supra
440 3317 555 3377 quoque
578 3318 645 3379 cap.
668 3298 820 3362 XXXIX.
859 3298 998 3377 planetae
1027 3297 1142 3358 asserui
1170 3304 1340 3376 respectum
1369 3292 1460 3361 Solis

88 3401 93 3413 ·
116 3389 213 3471 Atqui
250 3407 309 3449 non
338 3387 434 3452 omnis
461 3379 626 3467 respectus
640 3386 723 3451 Solis
746 3387 846 3466 arguit
867 3386 1014 3448 rationem
1037 3386 1112 3447 comi
1115 3392 1239 3447 t.antem
1286 3386 1366 3449 Illud
1389 3407 1460 3448 sane

106 3469 229 3553 'veruna
255 3495 330 3548 eum,
354 3477 404 3557 qui
427 3474 554 3555 primum
577 3476 728 3538 ordinavit
749 3487 849 3539 motus
866 3478 1024 3549 coelestes,
1048 3478 1126 3537 hunc
1145 3494 1231 3536 axem
1241 3494 1291 3536 ιιι
1305 3475 1461 3550 direxisse

114 3576 149 3631 ιι
172 3566 278 3632 Solem
310 3565 355 3640 (in
379 3565 458 3628 dicto
483 3565 558 3641 situ)
582 3566 765 3646 respiceret,
797 3572 830 3628 et
849 3566 975 3647 proinde
999 3564 1124 3627 consilio
1149 3582 1321 3645 summaque
1344 3564 1460 3626 ratione

113 3674 200 3719 usum
224 3675 301 3717 esse.
340 3656 385 3720 At
407 3654 465 3715 iste
487 3663 643 3735 respectos
659 3656 741 3719 Solis
764 3656 886 3719 retineri
906 3654 971 3736 J'am
994 3672 1082 3733 porro
1104 3662 1209 3733 potest
1224 3653 1266 3715 cit
1267 3673 1301 3715 ιι
1319 3662 1459 3730 mentem,

82 3757 88 3765 '
115 3746 184 3809 sola
207 3741 380 3805 constantia
402 3744 589 3822 magneticae
613 3746 778 3807 facultatis.
816 3743 919 3815 Quieti
943 3744 1021 3805 enim
1044 3742 1170 3805 similior
1185 3749 1235 3807 est
1247 3761 1334 3821 quam
1348 3743 1460 3818 motui;

72 3875 76 3888 ·
114 3832 283 3914 materialis
312 3833 421 3913 igitur,
444 3852 502 3894 non
534 3834 685 3897 mentalis.
741 3833 816 3896 Sola
851 3834 943 3913 igitur
975 3830 1100 3895 variatio
1136 3832 1224 3915 hujus
1247 3826 1461 3908 inclinationis,

116 3943 206 4005 qnam
240 3921 366 3983 dicimus
396 3922 626 3985 translationem
649 3925 793 3985 nodorum
815 3942 959 3984 successu
982 3922 1167 3996 seculorum,
1196 3919 1293 3984 adliuc
1316 3921 1346 3985 in
1369 3943 1462 3985 causa

113 4019 231 4088 manet,
269 4012 409 4073 evincens
438 4011 500 4073 vim
526 4011 681 4073 matricem
718 4014 785 4093 plus
815 4031 902 4092 quam
930 4011 1097 4073 naturalem
1125 4031 1179 4073 seu
1211 4028 1383 4092 corpoream
1408 4033 1462 4076 seu

115 4102 221 4182 quales
257 4108 328 4163 suut
363 4100 492 4162 virtutes
521 4102 719 4179 magneticae.
772 4100 816 4164 Et
845 4109 947 4162 tamen
980 4106 1135 4180 utramque
1170 4101 1271 4183 potins
1294 4104 1461 4167 censuerim

114 4188 370 4292 conjungendam,
410 4208 498 4270 quam
525 4190 621 4251 solam
643 4192 820 4253 rationalem
842 4188 1019 4270 ponendam.
1063 4187 1178 4252 Pareat
1200 4190 1247 4253 vis
1270 4193 1458 4271 magnetica;

113 4278 231 4377 praesit
260 4279 338 4341 ratio
360 4278 445 4340 illam
467 4278 653 4359 gubernans,
686 4288 721 4343 ut
746 4280 830 4361 prius
853 4278 944 4342 etiam
967 4298 1032 4359 cap.
1056 4278 1156 4343 Lvrr.
1182 4280 1218 4343 de
1243 4279 1354 4344 virtute
1378 4281 1460 4347 Solis

114 4367 275 4451 'appetente
303 4367 440 4430 diximus

202 4459 269 4521 Hac
301 4457 477 4538 quaestione
508 4454 553 4518 sic
584 4458 725 4538 expedita
748 4458 880 4539 sequitur
904 4458 948 4520 alt
936 4466 1029 4522 tera.
1056 4458 1135 4523 Nam
1158 4458 1184 4520 si
1207 4458 1303 4523 virtus
1326 4461 1387 4523 ista
1410 4465 1458 4526 di-

114 4548 246 4611 rectoria
269 4552 318 4608 est
341 4565 378 4607 ex
400 4545 588 4625 magnetiois,
613 4547 774 4629 corporeis,
800 4546 1001 4610 naturalibus:
1018 4548 1096 4626 subJ·
1100 4555 1198 4612 ectum
1221 4548 1286 4627 eJ'us
1310 4550 1368 4612 erit
1390 4572 1458 4613 cor-

116 4657 183 4718 pus.
228 4638 280 4701 An
303 4634 401 4716 igitur
418 4636 482 4699 fieri
505 4636 611 4715 possit,
634 4646 669 4699 nt
693 4637 797 4697 eadem
819 4634 874 4697 illa
895 4634 1008 4710 dirimet
1010 4657 1051 4711 er,
1076 4636 1156 4701 Solis
1177 4645 1324 4717 appetens
1347 4640 1396 4701 vel
1420 4642 1457 4703 ab

114 4747 150 4790 eo
175 4726 305 4807 lugiens,
328 4725 523 4790 inclinatione
547 4726 592 4787 sni
616 4727 656 4788 ad
678 4724 846 4805 eclipticam
869 4725 962 4800 etiam
980 4725 1174 4801 administret
1186 4727 1262 4789 hanc
1277 4728 1457 4792 declinatio-

112 4836 182 4879 nem
204 4819 346 4897 planetae
368 4816 407 4876 ab
430 4815 593 4893 ecliptica?
638 4816 673 4878 Si
695 4814 766 4875 nodi
784 4814 982 4893 jungerentur
1004 4814 1168 4895 apsidibus,
1191 4816 1302 4879 limites
1324 4818 1457 4897 longitu-

113 4908 233 4970 dinibus
256 4904 389 4978 mediis,¹
411 4904 530 4967 omnino
557 4906 662 4969 eadem
691 4912 775 4965 esset
797 4903 942 4967 diameter
972 4916 1014 4969 ιι·
1031 4906 1263 4969 eccentricitatis
1288 4913 1319 4968 et
1348 4906 1454 4971 latitu-

115 4996 193 5058 dinis
217 4994 402 5057 administra.
441 4991 562 5055 Dictum
586 4997 662 5057 enim
677 5014 742 5076 cap.
759 4989 878 5068 LVIII,
901 4996 1091 5073 diametrum,
1115 5015 1190 5078 quae
1205 4996 1459 5065 eccentricitatem
1507 5044 1512 5055 ,

191 5099 279 5153 [opteri
292 5100 367 5151 open
381 5100 417 5142 111·
581 5126 589 5145 .
1211 5099 1245 5151 27
