3517 5525
410 1512 415 1521 ’
460 1498 502 1651 Ι·
564 1476 567 1482 ’
648 1458 958 1591 Introductio
991 1487 1047 1628 ιιι
1076 1456 1336 1611 hocopus.

318 1817 524 1897 Durissima
543 1846 601 1895 est
621 1838 722 1894 hodie
743 1837 901 1893 conditio
922 1837 1104 1892 scribendi
1124 1838 1240 1891 libros
1261 1835 1485 1900 mathematicos,
1514 1835 1665 1907 praecipue

320 1922 524 1979 asuonomicos.
564 1919 624 1975 Nisi
644 1918 717 1973 enim
736 1918 890 1972 servaveris
911 1918 1066 1991 genuinam¹
1081 1916 1264 1972 subtilitatem
1292 1916 1521 1989 propositionum,
1549 1916 1666 1971 instnnc·

319 2006 435 2068 tionum,
466 2000 740 2069 demonstrationum,
770 1998 987 2062 conclusionum,
1018 1999 1090 2052 liber
1110 2014 1164 2052 non
1181 1997 1237 2051 erit
1257 1996 1481 2059 mathematicusr
1510 1996 1553 2051 sin
1573 2001 1666 2051 antem

320 2077 487 2146 servaveris,
502 2080 585 2135 lectio
606 2078 724 2133 efficitur
736 2077 929 2143 morosissima,
951 2078 1114 2148 praesertim
1129 2078 1157 2131 in
1170 2076 1273 2131 Latina
1285 2076 1392 2149 lingna,
1414 2093 1485 2148 quae
1506 2082 1584 2131 caret
1597 2076 1665 2131 arti·

217 2156 220 2161 ’
319 2165 388 2218 culis
408 2172 439 2217 et
458 2163 509 2217 illa
527 2161 631 2233 gratia,
652 2175 734 2251 quarn
754 2159 841 2212 habet
861 2159 979 2223 Graeca,
1001 2176 1061 2214 oum
1081 2174 1132 2228 per
1152 2158 1235 2231 signa
1253 2157 1381 2211 literaria
1400 2156 1543 2228 loquitur.
1573 2158 1665 2211 Adeo·

320 2263 373 2336 que
393 2243 474 2297 hodia
494 2257 626 2316 perquam
640 2238 722 2310 pauci
736 2246 800 2292 sunt
816 2238 933 2294 lectores
949 2237 1052 2293 idonei:
1075 2237 1159 2293 ceteri
1174 2237 1201 2292 in
1216 2253 1355 2293 commune
1368 2244 1511 2307 respuunt
1546 2238 1665 2299 Quotus-

320 2324 434 2397 quisque
453 2320 707 2376 mathematicorum
737 2326 796 2382 est,
814 2319 872 2389 qui
903 2320 1007 2373 tolerat
1034 2319 1158 2374 laborem
1186 2317 1348 2389 perlegendi
1376 2317 1516 2389 Apollonii
1546 2314 1667 2409 Pergaai

320 2404 442 2466 Conical
482 2404 535 2455 Est
555 2409 648 2454 tamen
668 2400 720 2453 illa
738 2400 858 2452 materia
877 2416 914 2452 ex
935 2418 968 2453 eo
990 2416 1079 2453 rerum
1100 2414 1215 2471 genere,
1247 2400 1318 2471 quod
1338 2398 1422 2471 longe
1443 2398 1551 2455 facilius
1572 2396 1667 2469 expri-

318 2486 401 2539 mitur
420 2482 517 2555 liguria
538 2489 568 2535 et
588 2480 669 2534 lineis
689 2494 770 2549 quam
791 2478 984 2536 astronomica.
1042 2503 1044 2511 r

398 2564 462 2633 Ipse
483 2579 551 2633 ego,
580 2561 625 2631 qui
646 2558 855 2613 mathematicus
876 2560 973 2625 audiv),
995 2560 1047 2613 boo
1067 2576 1155 2613 meum
1183 2574 1251 2627 opus
1276 2557 1404 2627 relegens
1433 2556 1532 2611 fatisco
1561 2556 1666 2610 viribus

319 2644 433 2706 cerebri,
456 2644 518 2696 dum
538 2659 575 2696 ex
594 2641 690 2711 liguris
712 2642 748 2694 ad
767 2645 887 2693 mentem
905 2656 1003 2695 revoco
1025 2654 1122 2693 sensus
1143 2636 1417 2701 demonstrationum,
1447 2654 1514 2709 quos
1535 2654 1554 2691 a
1564 2644 1667 2691 ιιίιιιιο

319 2727 347 2780 ιι
366 2726 472 2796 figuras
492 2730 522 2777 et
542 2728 650 2776 tentum
671 2720 731 2791 ipse
751 2736 806 2791 ego
827 2720 952 2789 primitus
973 2721 1141 2776 induxeram.
1176 2720 1247 2774 Dum
1266 2717 1354 2791 igitur
1373 2719 1482 2772 medeor
1503 2716 1668 2782 obscuritati

318 2805 462 2860 materiae
473 2802 588 2856 insertis
603 2799 901 2866 circumlocutionibus,
928 2801 987 2872 Jam
1015 2801 1079 2856 mihi
1100 2799 1238 2854 contrario
1258 2798 1325 2852 vitio
1347 2798 1445 2854 videor
1459 2797 1487 2852 in
1507 2815 1542 2858 ιο
1558 2797 1666 2854 matha·

319 2886 421 2941 matioa
444 2885 558 2954 loquax.
693 2931 697 2937 .

397 2965 437 3018 Et
455 2963 570 3018 habet
562 2976 624 3031 rpsa
642 2960 727 3014 etiam
745 2960 893 3030 prolixitas
914 2961 1055 3031 phrasium
1069 2976 1146 3014 suam
1159 2958 1355 3014 obscuritatem
1373 2975 1428 3014 non
1441 2957 1570 3014 minorem
1583 2973 1666 3030 quam

274 3077 279 3086 ·
317 3045 427 3100 concisa
447 3044 578 3098 brevitas.
622 3043 708 3096 Haec
719 3040 818 3096 mentis
839 3042 932 3095 oculos
955 3041 1064 3118 effugit,
1096 3039 1154 3094 illa·
1167 3038 1308 3095 distrahit:
1337 3045 1406 3112 aget
1425 3040 1497 3094 baec
1516 3040 1593 3104 luca,
1614 3038 1667 3094 illa

317 3124 470 3197 splendoris
491 3123 569 3194 copia
592 3122 715 3176 laborat:
736 3121 856 3175 hicnon
876 3129 1000 3176 movetur
1020 3121 1103 3184 risus,
1126 3119 1182 3174 illic
1202 3119 1287 3189 plane
1307 3127 1485 3174 excoecatur.

395 3205 441 3258 Ex
456 3222 488 3258 eo
504 3202 644 3257 consilium
659 3202 727 3272 cepi,
747 3203 864 3272 quadam
879 3202 1023 3256 luculenta
1035 3199 1258 3256 introductione‘
1250 3217 1278 3252 ιι
1285 3200 1344 3302 'boc
1358 3217 1427 3269 opus
1437 3197 1539 3270 juvare
1552 3203 1665 3269 captum

318 3285 439 3348 lectoris,
466 3286 554 3355 quoad
576 3280 636 3352 ejus
656 3283 715 3336 deri
736 3283 832 3352 possit

395 3363 476 3432 llum
496 3381 562 3418 vero
582 3363 720 3434 geminam
741 3379 802 3416 esse
822 3361 906 3415 volui.
946 3359 1037 3414 Primo
1067 3377 1183 3432 namque
1205 3361 1367 3414 Tabulam
1397 3360 1516 3414 exhibeo
1536 3357 1664 3430 Synop·

317 3447 426 3501 ticam
457 3445 576 3514 capitum
607 3443 669 3496 libri
701 3441 832 3503 omnium,
861 3440 939 3509 cujus
960 3440 1033 3494 hano
1052 3441 1203 3494 utilitatem
1224 3441 1343 3495 futuram
1364 3440 1506 3504 existimo,
1536 3445 1569 3492 ut
1598 3439 1666 3514 quia

317 3526 437 3580 materia
457 3531 502 3578 est
520 3530 628 3576 remota
648 3539 667 3574 a
686 3519 787 3574 notitia
807 3519 955 3574 multorum
973 3521 1135 3591 terminique
1156 3521 1193 3574 ιι
1205 3536 1240 3574 ea
1259 3521 1344 3584 varii,
1375 3521 1469 3575 variae
1499 3520 1664 3581 molitiones,

223 3650 228 3658 .
316 3622 421 3678 magna
434 3602 548 3658 ibvicem
561 3601 744 3664 similitudine,
760 3615 861 3672 magna
867 3597 1041 3693 cognatione
1055 3602 1099 3654 vel
1114 3601 1224 3672 generis
1239 3603 1283 3656 vel
1297 3601 1434 3671 ροιιιιιιιι
1455 3599 1563 3656 termini
1576 3599 1665 3672 igitur

317 3703 426 3762 omnes,
457 3683 610 3738 molitiones
640 3696 732 3734 omnes
749 3680 837 3749 juxta
865 3680 979 3736 invicem
1009 3680 1116 3749 positae
1144 3697 1252 3752 unoque
1272 3688 1421 3750 conspectu
1437 3681 1663 3773 comprehensae,

319 3750 468 3822 collatione
489 3769 586 3837 mutua
606 3777 667 3814 sese
687 3759 801 3814 invicem
821 3762 965 3832 detegant
1007 3760 1091 3814 Verbi
1113 3775 1214 3818 causa·
1244 3755 1362 3832 Disputo
1384 3764 1417 3815 de
1438 3761 1528 3816 causis
1548 3768 1664 3815 natura·

319 3847 400 3910 libus,
422 3861 493 3915 quae
514 3842 660 3914 ignoratae
676 3848 827 3912 coegerunt
840 3846 957 3902 veteres,
978 3846 1011 3893 ut
1024 3841 1153 3896 circulum
1168 3849 1332 3911 aequantem
1347 3858 1395 3896 sen
1415 3849 1544 3912 punctum
1559 3855 1662 3912 aequa·

318 3927 419 3981 torinm
437 3928 582 3995 ponerent.
622 3921 652 3974 ld
672 3929 765 3975 autem
785 3921 857 3976 facio
877 3920 982 3975 duobus
1004 3920 1086 3996 locis,
1116 3922 1243 3992 partibus
1271 3922 1377 3990 scilicet
1396 3921 1482 3976 tertia
1501 3929 1531 3978 et
1550 3928 1662 3994 quarta.

318 4007 421 4062 Lector
440 4018 555 4058 versans
576 4001 604 4056 in
623 4001 677 4054 bac
688 4000 814 4055 'lectione
840 4007 921 4071 parto
946 4000 1031 4054 tertia
1050 4009 1149 4071 putaro
1169 4008 1265 4072 posset
1285 4002 1402 4072 mejam
1421 4018 1508 4073 agere
1521 3997 1663 4074 negotium

319 4082 528 4157 inaequalitatis
549 4081 670 4152 primae,
700 4097 770 4151 quae
798 4082 871 4135 inest
891 4080 1062 4154 singulorum
1083 4083 1256 4152 planetarum
1277 4082 1395 4138 motibus
1416 4081 1536 4142 seorsim.
1577 4080 1664 4152 Atqui

227 4202 231 4210 -
318 4167 389 4220 haec
409 4164 527 4218 conditio
547 4162 625 4234 valet
646 4163 750 4215 demum
771 4169 852 4255 parte
873 4169 981 4254 quarta
1023 4161 1118 4216 Tertia
1137 4180 1202 4217 vero
1223 4171 1319 4233 parte,
1350 4170 1382 4217 ut
1393 4162 1663 4254 synopsis'indicat,

319 4249 352 4300 de
374 4246 421 4299 illo
442 4249 582 4315 aequante
595 4225 713 4311 disputo,
735 4259 780 4313 qur
773 4242 845 4296 sub
859 4241 966 4296 nomine
984 4241 1190 4313 inaequalitatis
1205 4245 1341 4298 secundae
1354 4243 1532 4300 communiter
1546 4241 1664 4318 omniu'nr

318 4319 494 4406 planetarum
514 4326 604 4376 motus
624 4321 716 4375 variat
735 4329 765 4376 et
785 4321 914 4392 primario
934 4322 962 4376 in
982 4322 1045 4394 ipsa
1064 4323 1136 4378 Sulis
1156 4323 1265 4379 theoria
1277 4331 1387 4395 regnat.
1425 4323 1496 4378 Huic
1516 4311 1602 4414 iffl'tur
1621 4321 1663 4378 ιοι

317 4397 515 4460 discernendae
536 4402 639 4456 serviet
658 4402 804 4472 synoptica
823 4403 930 4457 tabula.

399 4485 501 4557 Verum
519 4482 592 4537 enim
614 4495 680 4536 vero
700 4501 734 4536 ne
755 4484 882 4553 synopsis
913 4482 1020 4554 quidem
1049 4499 1140 4537 omnes
1171 4501 1207 4537 ex
1235 4499 1323 4553 aequo
1339 4459 1431 4551 juvat.
1470 4481 1561 4538 Erunt
1581 4481 1662 4548 enim,

321 4565 418 4638 quibus
439 4565 510 4618 baec
529 4562 629 4619 tabula
648 4559 743 4634 (quam
764 4579 818 4634 ego
837 4580 888 4633 pro
903 4563 949 4617 filo
963 4563 1082 4618 exhibeo
1097 4565 1132 4617 ad
1145 4565 1319 4618 remeandum
1332 4581 1368 4621 ex
1383 4561 1473 4634 operis
1487 4556 1663 4658 labyrintho)

319 4649 391 4716 nodo
412 4645 512 4702 Gordiu
532 4641 686 4697 intricatior
710 4642 854 4698 videbitur.
896 4641 927 4697 ln
955 4659 1048 4699 eorum
1074 4643 1160 4716 igitur
1186 4643 1306 4716 gratiam
1333 4644 1421 4700 multa
1446 4643 1525 4699 bic
1517 4661 1546 4698 nn
1572 4643 1664 4698 hocta

321 4725 450 4783 collocari
471 4724 573 4780 debent
592 4724 750 4798 acervatim,
771 4738 842 4796 qnae
862 4723 965 4794 partim
984 4740 1035 4795 per
1055 4739 1123 4794 opus
1144 4723 1269 4794 dispersa
1292 4741 1346 4780 non
1365 4726 1407 4781 ita
1426 4724 1537 4780 facile'
1528 4742 1558 4780 ιι
1571 4731 1663 4780 trans·

321 4825 402 4862 cursu
424 4805 682 4862 animadvertentur.
722 4803 861 4876 Detegam
884 4805 1024 4860 autentu
1044 4803 1165 4876 gratiam
1185 4803 1354 4875 potissimum
1374 4823 1480 4872 comm,
1511 4805 1557 4878 qui
1576 4804 1622 4876 ph
1629 4817 1662 4876 J·

320 4887 423 4944 sicam
444 4886 607 4957 profitentur
627 4884 727 4957 quique
746 4884 844 4952 mibi,
866 4882 999 4940 imovero
1014 4885 1205 4956 Cepernico
1219 4887 1342 4957 adeoque
1356 4887 1533 4942 vetustati
1546 4885 1662 4942 ultimae
